4020 6406
162 388 232 446 53
1034 368 1103 427 IN
1141 364 1357 428 srtsr.
1400 364 1494 421 sn
1534 361 1901 421 HEBIi/EOS.
1944 360 2099 419 esp.
2146 358 2210 416 ιι.
2255 359 2486 416 nomn.
2531 358 2622 416 Ill.
3414 356 3489 417 δι

164 488 498 560 tetttgentiam
526 486 596 539 ad
621 485 955 541 obediendum
995 482 1198 538 Christo
1229 481 1304 552 (Ξ.
1339 482 1458 537 Cor.
1480 482 1568 537 10.
1592 483 1669 553 5).
1699 481 1767 538 Et

162 593 357 637 rursus
383 579 513 635 alibi
543 576 814 635 mercedis
838 574 1251 633 retributionem
1281 573 1460 646 posuit
1483 588 1581 644 pro
1608 574 1767 642 puni-

159 673 344 740 tione;
372 682 430 730 et
461 672 549 730 hic
577 670 900 744 supplicium
928 676 1092 725 vocat
1120 666 1451 725 mercedem.
1484 666 1546 722 Si
1564 666 1766 738 justum

155 781 227 827 est
247 812 263 836 ,
298 771 494 840 inquit,
529 771 670 838 apud
702 768 871 825 Deum
899 771 1172 826 retribuere
1200 770 1264 824 iis
1288 770 1373 839 qui
1400 784 1490 825 eos
1514 769 1760 826 tribulam

154 864 565 930 tribulationem,
579 874 626 919 et
644 863 783 919 vobis
804 862 893 933 qui
909 862 1225 917 tribulamini
1238 863 1458 932 requiem
1472 859 1552 935 (2.
1571 860 1753 918 Thess.

153 956 206 1011 i.
236 955 320 1027 εἰ).
350 954 466 1012 Hoc
489 964 593 1022 est,
622 970 731 1010 non
772 964 1027 1025 corrupta
1068 962 1152 1009 est
1191 952 1421 1024 justitia,
1468 952 1566 1009 sed
1614 953 1756 1009 Deus

149 1060 271 1101 eam
301 1054 391 1102 est
418 1055 745 1116 exsequutus
769 1084 784 1112 ,
814 1054 868 1101 et
907 1058 1098 1117 ptenas
1125 1044 1398 1099 convertit
1442 1044 1495 1098 in
1542 1059 1636 1100 eos
1665 1044 1755 1113 qui

149 1144 554 1205 peccaverunt:
588 1137 796 1192 etiamsi
825 1150 932 1192 non
960 1136 1139 1191 omnia
1172 1143 1389 1205 peccata
1420 1135 1475 1191 in
1505 1145 1753 1207 apertum

145 1225 520 1296 proferantur,
551 1228 651 1283 nisi
682 1228 790 1283 sint
817 1226 1016 1283 violata
1047 1242 1109 1283 ea
1136 1243 1257 1297 (tute
1282 1236 1408 1282 sunt
1437 1226 1753 1283 constituta.

147 1319 430 1384 Quomodo
456 1335 577 1391 ergo
601 1361 618 1386 ,
644 1320 835 1390 inquit,
865 1335 959 1374 nos
978 1317 1282 1391 eﬂ'ugiemus
1304 1359 1319 1385 ,
1358 1319 1403 1374 si
1426 1328 1624 1373 tantam
1663 1335 1753 1373 ne-

1862 468 2094 525 consiiio
2126 489 2140 525 :
2175 469 2293 541 Ipse
2315 472 2460 526 enim
2492 472 2659 536 novit,
2690 471 2883 544 inquit,
2909 472 3034 543 quid
3063 473 3259 546 cuique
3282 474 3473 532 confe-

1864 571 1969 630 rat,
1998 572 2055 618 et
2075 562 2145 617 ita
2168 563 2396 633 gratiam
2423 562 2716 619 distribuit.
2744 563 2901 634 Quod
2922 565 3139 633 quidem
3162 565 3288 622 facit
3309 567 3473 623 etiam

1864 653 1919 709 lu
1949 653 2175 722 epistola
2203 654 2269 708 ad
2295 647 2610 709 Corinthios
2641 654 2830 710 dicens
2862 674 2874 710 :
2914 655 3053 710 Dens
3084 658 3251 725 posuit
3283 674 3474 713 unum-

1862 762 2110 817 quemque
2124 755 2352 800 nostrum
2373 747 2503 801 sicut
2524 746 2683 802 uoluit
2702 766 2722 814 ;
2749 756 2806 804 et
2822 763 3031 814 rursus,
3067 748 3355 822 Unicuique
3383 768 3479 805 au-

1864 845 1964 891 tem
2004 837 2351 908 manifestatio
2375 839 2609 907 Spiritus
2628 839 2783 893 datur
2801 840 2871 894 ad
2888 842 3178 907 utilitatem,
3198 842 3479 897 secundum

1862 928 1977 998 ejus
2012 927 2324 984 voluntatem
2352 928 2452 1003 (1.
2498 927 2620 986 Cor.
2654 928 2744 986 12.
2792 930 2881 988 18.
2912 929 3002 1004 7).
3047 932 3300 992 Ostendit
3324 933 3468 1005 quod

1858 1014 2127 1083 charisma
2159 1037 2243 1083 est
2274 1043 2343 1085 ex
2372 1028 2652 1085 voluntate
2678 1028 2878 1084 Patris.
2906 1028 3064 1099 Saepe
3090 1038 3273 1086 autem
3303 1032 3471 1087 etiam

1864 1127 2089 1189 propter
2116 1118 2282 1174 vitam
2327 1120 2660 1175 immundam
2699 1130 2754 1175 et
2797 1122 3081 1178 socordem
3123 1137 3187 1179 ac
3218 1123 3471 1194 ignavam

1858 1212 2014 1267 multi
2062 1227 2169 1267 non
2215 1223 2547 1283 acceperunt
2587 1214 2857 1269 charisma
2897 1232 2913 1271 :
2962 1231 3369 1288 nonnumquam
3417 1226 3474 1274 et

1858 1305 1949 1375 qui
1978 1303 2176 1359 bonam
2206 1304 2409 1362 habent
2439 1308 2602 1362 vitam
2631 1318 2686 1363 et
2724 1323 2938 1379 puram,
2974 1324 3083 1364 non
3114 1318 3468 1379 acceperunt.

142 1411 460 1481 glaerimus
498 1412 761 1467 salutem?
786 1411 893 1467 Per
923 1410 1038 1467 haec
1087 1410 1411 1482 signiﬁcavit
1451 1411 1596 1467 illam
1644 1427 1755 1466 non
1854 1394 2089 1465 Quare?
2128 1395 2207 1451 Ne
2232 1396 2572 1467 δυΡθΐδίθηίν
2607 1415 2675 1453 ne
2703 1399 3087 1468 intumescam.
3132 1416 3201 1456 ne
3227 1399 3358 1457 nam
3381 1418 3473 1459 ⁸ο·

143 1518 405 1575 magnam
436 1502 601 1559 fuisse
626 1503 876 1560 salutem.
903 1503 1135 1559 Pulchre
1164 1504 1331 1560 etiam
1352 1502 1581 1570 addidit,
1616 1502 1757 1557 Tan-

1873 1490 2097 1561 ;niores,
2143 1504 2211 1545 ne
2250 1491 2370 1562 plus
2408 1506 2569 1562 quam
2616 1509 2715 1564 par
2754 1495 2825 1549 sit
2868 1496 3221 1552 extollantur.
3262 1496 3397 1553 Nam
3427 1498 3477 1555 si

142 1605 268 1650 tam.
299 1594 423 1651 Non
451 1594 596 1651 enim
624 1636 641 1661 ,
682 1595 890 1667 inquit,
924 1610 1022 1651 nos
1063 1611 1209 1651 nunc
1247 1596 1485 1655 servabit
1512 1610 1542 1649 a
1574 1595 1752 1657 bellis.

141 1703 326 1760 neque
367 1687 633 1757 przebebit
673 1696 871 1743 terram
908 1697 961 1742 et
991 1688 1132 1743 bona
1161 1703 1279 1757 qua:
1327 1695 1453 1741 sunt
1480 1688 1531 1742 in
1566 1698 1750 1755 terra;

140 1778 237 1834 sed
269 1778 469 1834 mortis
498 1780 601 1834 erit
626 1778 852 1845 deletio,
885 1779 982 1836 sed
1010 1779 1214 1835 dlaboli
1243 1780 1519 1847 interitus,
1550 1778 1646 1836 sed
1669 1795 1755 1835 re-

138 1885 310 1941 gnum
340 1871 633 1937 caelorum,
665 1870 760 1926 sed
806 1871 915 1925 vita
959 1880 1185 1926 aeterna.
1223 1868 1351 1925 Haec
1385 1870 1530 1926 enim
1570 1870 1753 1925 omnia

137 1963 475 2035 compendio
509 1964 765 2027 ostendit,
794 1964 982 2020 dicens
1008 2005 1021 2029 ,
1054 1964 1116 2019 Si
1142 1972 1338 2017 tantam
1380 1963 1752 2033 neglexerimus

137 2056 387 2110 salutem.
418 2054 622 2111 Deinde
662 2054 940 2125 subjunxit
970 2054 1022 2111 id
1065 2056 1209 2127 quod
1253 2070 1365 2111 rem
1397 2054 1503 2112 ﬁde
1533 2055 1750 2127 dignam

136 2146 311 2203 efﬁcit
341 2164 355 2201 :
391 2146 521 2214 Quae
544 2163 661 2201 cum
689 2148 891 2201 initium
920 2148 1194 2217 accepisset
1222 2149 1502 2202 enarrandi
1531 2165 1623 2219 per
1642 2147 1755 2204 Do-

136 2240 363 2293 minum.
394 2238 510 2296 Hoc
536 2249 642 2307 est,
672 2240 740 2295 ab
777 2240 894 2310 ipso
920 2242 1069 2297 fonte
1112 2242 1319 2313 accepit
1368 2242 1619 2297 initium:
1643 2257 1751 2299 non

137 2332 309 2388 homo
336 2348 459 2388 eam
488 2332 724 2389 traduxit
752 2335 805 2389 in
837 2345 1035 2390 terram
1062 2376 1079 2400 ,
1125 2351 1232 2390 non
1263 2344 1444 2392 creata
1487 2344 1746 2407 potestas,

137 2425 233 2479 sed
269 2425 389 2494 ipse
415 2424 754 2496 Unigenitus.
795 2426 872 2480 Ab
901 2427 974 2482 eis
998 2428 1086 2497 qui
1110 2427 1403 2494 audierunt,
1434 2428 1489 2481 in
1512 2443 1604 2483 nos
1623 2443 1749 2481 con-

139 2520 354 2588 ﬁrmata
379 2529 474 2574 est.
506 2519 643 2586 Quid
677 2520 779 2576 sibi
806 2520 918 2575 vult
957 2520 1107 2587 illud,
1138 2520 1451 2591 Conﬁrmata
1476 2520 1591 2575 est!
1617 2517 1751 2575 Cre-

135 2610 251 2666 dita
282 2610 408 2678 fuit,
433 2620 525 2665 aut
545 2612 727 2667 evenit
748 2630 761 2665 :
786 2627 911 2667 nam
940 2612 1235 2677 Habemus,
1261 2613 1459 2684 inquit,
1483 2610 1699 2668 arrham
1732 2630 1747 2668 :

136 2709 244 2765 hoc
272 2721 380 2776 est,
413 2723 520 2763 non
563 2716 646 2764 est
674 2709 961 2778 exstincta,
1003 2723 1112 2764 non
1141 2708 1303 2764 desiit
1328 2750 1345 2777 ,
1376 2707 1474 2764 sed
1498 2707 1749 2763 domina-

137 2808 255 2856 tum
285 2800 499 2855 obtinet
523 2806 580 2855 et
607 2808 847 2871 superat.
877 2798 1048 2855 Causa
1065 2808 1247 2855 autem
1269 2808 1355 2856 est
1375 2798 1558 2855 divina
1582 2798 1752 2855 virtus

134 2905 261 2961 qua:
288 2899 571 2961 Operatur.
602 2890 741 2959 Quid
770 2892 1039 2962 significat
1065 2890 1196 2946 illud
1218 2932 1235 2958 ,
1266 2890 1342 2945 Ab
1367 2891 1432 2947 iis
1457 2891 1546 2962 qui
1571 2889 1752 2945 audie~

133 2983 300 3037 runt!
318 2981 437 3038 Hoc
462 2990 583 3051 est,
626 2983 661 3037 ii
698 2982 788 3054 qui
820 2997 849 3037 a
878 2982 1108 3037 Domino
1150 2982 1477 3051 audierunt,
1521 2982 1621 3053 ipsi
1652 2996 1752 3036 nos

133 3076 558 3134 conﬁrmarunt.
583 3075 832 3147 Magnum
865 3085 951 3132 est
976 3075 1081 3131 hoc
1110 3084 1166 3131 et
1188 3075 1295 3131 ﬁde
1326 3075 1567 3147 dignum.
1596 3075 1751 3144 Quod

134 3168 358 3241 quidem
387 3167 563 3226 Lucas
582 3183 794 3240 quoque
819 3168 952 3225 dicit
981 3168 1037 3224 in
1065 3169 1220 3224 initio
1247 3168 1523 3241 Evangelii
1555 3188 1567 3224 :
1602 3169 1752 3227 Sicut

136 3260 467 3315 tradiderunt
494 3258 636 3313 nobis
658 3259 747 3330 qui
779 3258 841 3313 ab
868 3260 1015 3314 initio
1044 3260 1143 3331 ipsi
1172 3260 1425 3327 uiderunt,
1458 3269 1505 3314 el
1532 3261 1753 3316 ministri

136 3357 351 3425 fuerunt
377 3353 627 3407 sermonis
657 3351 809 3427 (Luc.
841 3353 894 3408 1.
924 3352 1002 3424 2).
1028 3354 1313 3422 Quomodo
1340 3369 1471 3425 ergo
1492 3354 1591 3410 fuit
1614 3370 1751 3412 eon-

137 3446 352 3502 ﬁrmata
375 3446 402 3498 Ῥ
424 3445 563 3515 Quid
594 3448 636 3500 si
669 3447 705 3501 ii
734 3447 824 3517 qui
854 3446 1183 3513 audierunt,
1218 3448 1411 3519 inquit,
1438 3447 1752 3505 ﬁnxerunt?

137 3536 256 3594 lloc
283 3552 418 3608 ergo
446 3536 666 3600 refellit,
691 3544 747 3593 ct
771 3536 1007 3593 ostendit
1036 3554 1141 3593 non
1173 3552 1295 3595 esse
1318 3538 1606 3594 humanam
1635 3554 1752 3611 gra-

138 3640 292 3707 tiam,
327 3648 386 3696 et
410 3638 689 3711 subiunxit
723 3655 739 3695 :
768 3640 826 3697 4.
854 3639 1178 3696 Contestante
1198 3637 1329 3694 Deo.
1371 3636 1558 3709 Neque
1600 3636 1746 3693 enim

140 3732 187 3787 si
216 3731 507 3787 tinxissent
528 3774 544 3799 ,
575 3732 718 3788 Deus
758 3731 868 3791 illis
896 3733 1272 3789 testimonium
1310 3731 1545 3787 tulisset.
1569 3728 1751 3785 Testi-

144 3824 393 3881 monium
420 3824 639 3896 quidem
668 3826 746 3881 illi
779 3824 979 3893 ferunt,
1012 3825 1116 3881 fert
1154 3834 1334 3881 autem
1368 3824 1511 3879 Deus
1538 3836 1753 3894 quoque

145 3922 542 3977 testimonium.
576 3920 863 3990 Quomodo
902 3920 1007 3977 fert
1043 3920 1449 3978 testimonium?
1486 3917 1605 3974 Non
1634 3928 1752 3973 ser-

145 4028 335 4079 mone,
370 4029 546 4085 neque
575 4028 708 4070 voce
738 4030 754 4076 ;
787 4029 911 4069 nam
955 4024 1102 4071 esset
1138 4012 1354 4085 quidem
1400 4012 1505 4068 hoc
1539 4026 1755 4094 quoque

146 4105 446 4171 credibile;
480 4106 574 4162 sed
619 4105 931 4177 quomodo?
958 4105 1137 4178 Signis
1179 4115 1225 4160 et
1255 4104 1500 4177 portentis
1526 4113 1571 4159 et
1601 4102 1757 4157 uariis

148 4199 445 4256 uirtutibus.
470 4199 705 4258 Pulchre
731 4202 909 4273 posuit
936 4200 1089 4267 illud,
1130 4199 1296 4256 Variis
1316 4198 1605 4262 virtutibus,
1631 4212 1759 4269 grav

149 4292 415 4349 tuitorum
484 4291 751 4349 donorum
827 4308 924 4349 seu
990 4291 1377 4348 charismatum
1449 4289 1760 4361 signiﬁcans

149 4384 541 4443 abundantiam
576 4403 592 4445 :
623 4385 766 4457 quod
793 4386 1013 4456 quidem
1054 4400 1160 4441 non
1207 4383 1403 4440 factum
1436 4391 1520 4440 est
1558 4383 1610 4437 iu
1652 4382 1761 4453 pri-

151 4477 343 4533 oribus
368 4520 385 4545 ,
428 4492 604 4550 neque
630 4488 707 4533 tot
746 4478 896 4549 signa
924 4486 981 4533 et
1011 4486 1119 4533 tam
1151 4476 1474 4533 differentia.
1513 4475 1624 4531 Hoc
1652 4485 1757 4542 est,

152 4568 275 4627 Non
306 4579 513 4627 temere
540 4586 603 4627 ac
626 4571 821 4628 leviter
847 4571 955 4627 illis
981 4570 1336 4634 credidimus,
1369 4568 1465 4625 sed
1494 4583 1587 4639 per
1609 4567 1760 4639 signa

153 4674 213 4721 et
240 4673 513 4737 portenta.
541 4664 1032 4735 Quamobremnon
1062 4665 1168 4721 illis
1185 4664 1480 4731 credimus,
1503 4662 1600 4719 setl
1626 4662 1758 4718 Deo.

157 4756 229 4813 Et
258 4758 494 4827 Spiritus
520 4759 684 4813 sancti
722 4757 1166 4814 distributionibus
1191 4758 1473 4815 secundum
1501 4774 1649 4813 suam
1676 4774 1765 4812 vo-

158 4850 433 4906 luntatem.
462 4849 601 4918 Quid
631 4849 775 4921 quod
799 4859 855 4907 et
881 4850 1306 4922 praestigiatores
1335 4850 1487 4921 signa
1520 4848 1760 4912 faciunt,

158 4949 215 4998 et
238 4939 413 4997 Judzei
435 4955 556 4996 eum
583 4941 634 4995 in
662 4940 966 4998 Beelzebub
997 4941 1250 4998 dicebant
1270 4942 1469 5012 ejicere
1499 4941 1764 4997 daemonia

160 5029 315 5102 (Luc.
348 5030 433 5085 il.
460 5030 591 5103 15)?
612 5030 719 5087 Sed
748 5047 854 5087 non
886 5031 1095 5088 faciunt
1115 5031 1379 5102 ejusmodi
1418 5031 1571 5102 signa
1603 5046 1767 5101 :prn-

160 5136 350 5197 pterea
382 5122 555 5189 dixit,
598 5124 769 5181 Variis
818 5126 1108 5181 uirtutibus.
1162 5125 1257 5181 llla
1295 5126 1440 5181 enim
1491 5140 1597 5181 non
1642 5135 1771 5180 sunt

161 5219 333 5273 virtus
382 5225 437 5271 et
487 5218 769 5288 potentia,
820 5218 913 5275 sed
962 5218 1346 5287 imbecillitas,
1400 5218 1495 5275 sed
1537 5220 1675 5274 visio
1706 5235 1770 5274 ac

165 5309 449 5379 phantasia
493 5318 550 5365 et
592 5325 681 5365 res
724 5311 934 5369 inanes.
986 5312 1279 5382 Propterea
1326 5311 1494 5379 dixit,
1543 5311 1772 5382 Spiritus

164 5400 333 5456 sancti
360 5400 798 5459 distributionibus
826 5402 1109 5458 secundum
1134 5421 1281 5459 suam
1308 5403 1644 5459 voluntatem.

236 5492 295 5548 5.
318 5490 416 5546 llic
437 5490 571 5546 mihi
590 5491 803 5549 videtur
822 5494 985 5550 etiam
1004 5494 1204 5565 aliquid
1222 5494 1367 5551 aliud
1384 5494 1731 5552 subindicare
1754 5510 1770 5549 :

166 5591 252 5639 est
278 5582 423 5637 enim
446 5582 745 5640 verisimile
772 5600 879 5641 non
911 5600 1033 5643 esse
1063 5587 1175 5644 Illic
1197 5588 1395 5643 multos
1422 5588 1511 5659 qui
1536 5586 1775 5643 habeant

167 5673 534 5739 charismata;
587 5689 650 5732 ea
688 5688 867 5733 autem
897 5676 1199 5746 defecisse,
1246 5690 1433 5752 utpote
1470 5681 1616 5753 quod
1646 5681 1774 5737 facti

169 5775 358 5822 essent
386 5764 493 5837 ipsi
521 5765 851 5826 hebetiores.
892 5770 961 5827 Ut
992 5786 1121 5843 ergo
1146 5788 1242 5829 eos
1270 5783 1325 5829 ct
1357 5774 1408 5828 in
1452 5774 1553 5830 hoc
1574 5788 1774 5829 conso-

174 5858 337 5931 letur,
368 5867 423 5917 et
459 5873 571 5919 non
609 5859 753 5920 sinat
789 5862 951 5937 dejici
980 5863 1188 5937 animo,
1234 5882 1402 5931 ιοιυιιι
1453 5865 1637 5922 tribuit
1682 5865 1777 5924 Dei

1860 1582 2023 1637 etiam
2065 1582 2270 1654 absque
2295 1584 2627 1641 charismate
2664 1587 2780 1657 ipsa
2812 1602 2959 1658 purze
2981 1589 3107 1643 vita:
3135 1592 3473 1647 conscientia

1860 1674 2061 1731 sufficit
2088 1676 2155 1732 ad
2182 1677 2553 1734 extollendum
2589 1696 2605 1735 :
2636 1682 2808 1736 multo
2832 1682 3023 1752 magis,
3058 1666 3278 1753 qﬁando
3309 1685 3475 1753 etiam

1862 1767 2018 1824 adest
2042 1769 2232 1839 gratia.
2258 1770 2622 1838 Quamobrem
2653 1775 2823 1845 magis
2853 1774 3125 1830 dabantur
3147 1776 3475 1833 charismata

1863 1858 2161 1917 humilibus
2204 1871 2261 1919 et
2304 1862 2643 1933 simplicibus
2672 1881 2687 1931 ;
2720 1875 2776 1923 et
2817 1866 3056 1921 maxime
3094 1870 3430 1940 simplicibus
3462 1889 3476 1927 :

1864 1965 1991 2006 nam
2038 1950 2106 2006 In
2153 1954 2515 2025 simplicitate,
2566 1956 2781 2028 inquit,
2827 1966 2876 2012 et
2926 1960 3266 2017 multatione
3309 1964 3481 2019 cordis

1865 2042 2004 2116 (Act.
2026 2044 2083 2098 2.
2109 2043 2231 2118 66).
2260 2046 2374 2103 Hac
2393 2049 2539 2103 enim
2570 2051 2783 2106 ratione
2806 2051 2955 2121 ipsos
2975 2054 3147 2124 magis
3173 2066 3257 2111 est
3278 2057 3481 2114 exhor-

1866 2144 2032 2202 tatus,
2053 2144 2109 2192 et
2135 2138 2180 2192 si
2201 2148 2358 2195 erant
2378 2141 2656 2211 segniores
2674 2152 2730 2198 et
2756 2143 3208 2216 negligentiores,
3234 2150 3477 2221 pupugit.

1867 2227 2097 2285 Humilis
2122 2232 2290 2296 enim,
2318 2241 2373 2289 et
2397 2235 2487 2304 qui
2534 2250 2601 2291 ex
2625 2233 2935 2305 phantasia,
2967 2254 3161 2311 magna
3191 2241 3261 2297 de
3284 2256 3346 2298 se
3372 2259 3483 2299 non

1867 2322 2245 2393 apprehendit,
2262 2324 2317 2380 fit
2332 2325 2643 2399 diligentior
2655 2337 2711 2385 et
2729 2330 2945 2397 melior,
2963 2334 3181 2405 quando
3211 2335 3485 2394 charisma

1867 2417 2159 2486 acceperit,
2173 2426 2441 2488 tamquam
2467 2419 2557 2491 qui
2581 2432 2776 2490 praeter
2791 2423 3110 2495 dignitatem
3132 2428 3361 2499 accepit,
3382 2445 3486 2485 nec

1869 2520 1931 2562 se
1949 2507 2223 2562 existimat
2242 2523 2365 2565 esse
2384 2508 2731 2583 dignumzqui
2752 2529 2886 2571 vero
2903 2518 3178 2574 existimat
3204 2535 3263 2577 se
3282 2521 3485 2593 aliquid

1871 2599 2118 2671 praeclari
2156 2600 2375 2670 fecisse,
2424 2604 2479 2659 id
2520 2604 2621 2661 sibi
2667 2605 2914 2665 debitum
2952 2620 3122 2681 putat,
3152 2622 3207 2668 et
3245 2614 3483 2669 inﬁatur.

1870 2692 2234 2762 Quamobrem
2264 2695 2406 2751 Deus
2423 2695 2528 2754 hoc
2549 2698 2755 2757 utiliter
2771 2700 3066 2774 dispensat.
3088 2705 3245 2774 Quod
3267 2709 3487 2779 quidem

1870 2784 2074 2841 videris
2100 2788 2263 2841 etlam
2288 2786 2532 2845 invenire
2553 2790 2606 2845 in
2638 2790 2884 2850 Ecclesia
2917 2812 2930 2853 :
2958 2810 3084 2852 nam
3105 2798 3244 2853 alius
3266 2800 3486 2870 quidem

1872 2878 2037 2936 habet
2063 2894 2375 2937 sermonem
2410 2887 2877 2943 accommodatum
2907 2888 2976 2945 ad
2997 2890 3325 2957 docendum,
3348 2895 3491 2951 alius

1873 2981 2053 3028 autem
2084 2987 2186 3029 nec
2213 2981 2394 3045 potest
2417 2990 2480 3032 os
2515 2979 2751 3049 aperire.
2787 2980 2960 3037 Nemo
2991 2984 3155 3056 igitur
3201 2997 3489 3058 propterea

1872 3064 2062 3121 dolore
2072 3063 2341 3121 afﬁciatur
2358 3085 2371 3123 :
2396 3065 2679 3141 Unicuique
2688 3073 2821 3126 enim
2834 3074 2990 3129 datur
3002 3078 3143 3131 mani
3145 3080 3351 3149 festatio
3363 3080 3492 3147 Spi-

1874 3157 2005 3212 ritus
2016 3157 2085 3211 ad
2104 3159 2377 3215 utilitatem
2402 3160 2479 3232 (1.
2498 3161 2617 3217 Cor.
2640 3162 2728 3219 η.
2747 3165 2824 3235 7).
2847 3165 2980 3221 Nam
2999 3169 3043 3223 si
3066 3169 3228 3225 homo
3253 3171 3491 3241 paterfa-

1876 3249 2057 3304 milias
2084 3251 2234 3305 novit
2275 3252 2404 3321 quid
2432 3253 2630 3324 cuique
2666 3256 2863 3323 tradat,
2898 3259 3073 3317 multo
3102 3264 3275 3334 magis
3311 3264 3489 3331 Deus,

1878 3343 1969 3413 qui
1999 3343 2102 3397 scit
2139 3352 2377 3400 mentem
2425 3346 2703 3403 hominum
2725 3391 2742 3417 ,
2791 3352 2882 3422 qui
2935 3356 3087 3410 novit
3116 3358 3297 3413 omnia
3323 3358 3494 3429 prius-

1879 3450 2040 3504 quam
2066 3444 2181 3489 orta
2200 3435 2328 3491 sint.
2353 3436 2530 3494 Unum
2552 3450 2638 3497 est
2655 3442 2835 3499 solum
2856 3443 2927 3501 de
2946 3462 3055 3518 quo
3084 3450 3278 3506 merito
3295 3460 3378 3507 est
3404 3452 3496 3509 do-

1882 3525 2135 3593 lendum,
2169 3543 2366 3599 nempe
2387 3542 2710 3601 peccatum;
2741 3535 2879 3592 nihil
2908 3548 3089 3596 autem
3115 3542 3282 3599 aliud.
3314 3544 3392 3601 Ne
3417 3545 3495 3602 di-

1882 3633 1974 3674 cas
1996 3637 2009 3673 :
2029 3619 2138 3675 Cur
2156 3635 2264 3675 non
2288 3620 2463 3679 habeo
2485 3627 2775 3694 pecunias?
2796 3639 2908 3695 aut,
2932 3630 2991 3689 Si
3012 3631 3495 3702 haberem,darem

1884 3711 2229 3783 pauperibus.
2257 3712 2449 3770 Nescis
2487 3731 2580 3783 au,
2608 3718 2654 3773 si
2684 3718 2915 3778 haberes
2935 3764 2950 3791 ,
2983 3726 3156 3797 magis
3186 3742 3341 3783 esses
3365 3743 3496 3784 ava-

1888 3818 2017 3868 rus;
2050 3817 2193 3859 nunc
2220 3805 2367 3860 enim
2396 3805 2515 3862 bare
2538 3807 2694 3878 dicis,
2725 3812 2822 3867 sed
2853 3814 2898 3867 si
2927 3815 3005 3871 rei
3030 3817 3254 3875 fecisses
3284 3821 3497 3889 pericu-

1888 3900 2023 3962 lum,
2046 3916 2197 3956 esses
2224 3901 2385 3959 alius.
2410 3904 2545 3961 Nam
2572 3911 2736 3965 etiam
2761 3914 2982 3984 quando
3007 3915 3270 3977 fuerimus
3292 3923 3497 3992 satiati,

1883 3993 2256 4050 existimamus
2280 4011 2380 4052 nos
2412 4013 2574 4062 posse
2593 4000 2843 4071 jejuuare
2875 4025 2889 4061 :
2922 4010 3142 4077 quando
3164 4022 3344 4068 autem
3373 4031 3501 4086 par-

1883 4100 2010 4140 vum
2042 4086 2415 4145 intercesserit
2452 4092 2685 4161 spatium
2706 4135 2721 4160 ,
2753 4094 2858 4151 alia
2900 4112 3004 4153 nos
3034 4101 3179 4157 subit
3216 4106 3496 4175 cogitatio.

1882 4176 2119 4243 Rursus,
2139 4180 2357 4250 quando
2385 4180 2654 4239 fuerimus
2676 4196 2830 4243 extra
2848 4187 3191 4261 ebrietatem,
3219 4196 3500 4253 existima-

1885 4286 2007 4326 mus
2037 4288 2135 4327 nos
2165 4288 2325 4342 posse
2367 4276 2469 4333 hoc
2501 4279 2693 4335 vitium
2726 4297 2986 4353 superare
3025 4304 3038 4341 :
3070 4291 3288 4359 quando
3311 4306 3496 4352 autem

1881 4377 1943 4417 ea
1972 4378 2073 4420 nos
2106 4367 2333 4435 ceperit.
2372 4386 2478 4423 non
2508 4372 2715 4441 utique.
2748 4373 2827 4430 Ne
2866 4376 3045 4443 dicas,
3066 4382 3171 4438 Cur
3192 4398 3299 4439 non
3335 4385 3497 4443 habui

1882 4456 2149 4511 charisma
2177 4473 2273 4513 seu
2305 4463 2535 4532 gratiam
2564 4464 2795 4521 docendi
2826 4468 2849 4521 ?
2878 4470 2923 4524 si
2948 4469 3228 4540 haberem,
3257 4477 3499 4534 aediﬁca-

1883 4562 1999 4602 rem
2023 4549 2467 4611 innumerabiles.
2500 4555 2719 4626 Nescis,
2748 4560 2794 4614 si
2821 4560 3081 4632 haberes,
3107 4582 3235 4623 num
3261 4569 3317 4624 id
3348 4582 3498 4629 esset

1882 4640 1979 4696 tibi
2008 4642 2060 4696 in
2093 4643 2380 4713 judicium,
2424 4665 2553 4704 num
2583 4650 2805 4715 invidia.
2850 4672 2978 4712 num
3013 4660 3224 4731 pigritia
3247 4662 3498 4722 efﬁceret

1880 4741 1940 4788 ut
1967 4734 2229 4790 talentum
2252 4738 2640 4799 absconderes.
2663 4744 2840 4816 Atque
2865 4763 3009 4803 nunc
3028 4752 3246 4822 quidem
3270 4769 3331 4811 es
3358 4757 3498 4814 liber

1880 4827 1949 4883 ab
1973 4826 2059 4882 his
2087 4831 2360 4897 omnibus,
2394 4850 2491 4888 nec
2522 4836 2566 4890 si
2600 4836 2856 4895 frumenti
2890 4857 2998 4898 non
3026 4844 3247 4903 dederis
3276 4865 3497 4908 mensu—

1880 4933 1995 4973 ram
2021 4960 2037 4986 ,
2088 4920 2183 4975 tibi
2226 4923 2386 4978 datur
2424 4926 2555 4981 tilio
2594 4946 2606 4981 :
2649 4940 2776 4986 tunc
2820 4943 3001 4991 autem
3032 4952 3184 4996 esses
3221 4941 3496 5003 obnoxius

1881 5011 2383 5070 innumerabilibus.
2413 5016 2671 5090 Alioquin
2700 5032 2879 5079 autem
2906 5042 3007 5081 nec
3035 5046 3179 5086 nunc
3197 5046 3257 5087 es
3281 5034 3495 5092 alienus

1880 5117 1908 5156 a
1939 5103 2290 5163 charismate.
2324 5108 2565 5168 Ostende
2597 5115 2648 5170 in
2681 5133 2851 5186 parvo
2875 5122 3053 5191 qualis
3083 5140 3255 5194 esses,
3284 5130 3328 5184 si
3358 5132 3493 5188 illud

1880 5194 2111 5295 haberes
2138 5216 2151 5253 :
2182 5200 2243 5255 Si
2265 5202 2434 5295 enim,
2471 5206 2663 5278 inquit,
2692 5211 2746 5265 in
2777 5229 2935 5281 parvo
2963 5217 3142 5286 fideles
3163 5238 3265 5275 non
3294 5226 3490 5295 fuistis,

1878 5290 2302 5389 quomodoAqu-od
2330 5312 2573 5389 magnum
2615 5311 2690 5365 est
2727 5303 2870 5359 vobis
2919 5306 3061 5363 dabit
3097 5290 3335 5389 aliquis'(
3353 5290 3489 5375 Luc;

1880 5380 1969 5435 to.
2014 5380 2165 5453 li)?
2204 5382 2445 5444 ostende
2495 5390 2637 5446 sicut
2678 5393 2840 5451 vidua
2885 5415 2901 5453 ε
2943 5399 3033 5455 illa
3078 5380 3492 5469 habebat‘duos

1879 5473 2091 5573 obolos,
2120 5486 2174 5532 et
2203 5488 2374 5535 totum
2405 5483 2549 5554 quod
2584 5484 2771 5544 habuit
2802 5490 3045 5548 immisit.
3076 5497 3290 5564 Quaeris
3317 5516 3487 5573 pecu-

1879 5567 2051 5623 nias?
2090 5571 2319 5627 ostende
2361 5576 2504 5645 quod
2544 5592 2745 5647 paucas
2784 5581 3087 5655 despicias,
3123 5599 3181 5645 ut
3216 5567 3381 5649 etiam
3424 5596 3496 5655 de

1880 5659 2065 5761 multis
2084 5661 2178 5718 tibi
2201 5664 2419 5761 credam
2451 5670 2533 5761 :si
2558 5681 2739 5729 autem
2769 5692 2837 5733 ne
2860 5677 2959 5735 has
2986 5682 3206 5752 quidem
3229 5685 3492 5761 despicis,

1880 5751 2051 5809 multo
2079 5756 2252 5827 magis
2292 5772 2396 5814 nec
2436 5760 2579 5817 illas.
2612 5764 2825 5823 Rursus
2870 5771 2925 5826 in
2973 5751 3231 5835 sermone
3258 5751 3493 5840 ostende

1880 5850 1934 5901 le
1963 5854 2111 5904 recte
2139 5861 2297 5907 usum
2330 5864 2453 5908 esse
2481 5854 2856 5919 admonitione
2882 5874 2935 5920 et
2967 5870 3216 5928 consilio.
3248 5872 3364 5930 Non
3397 5875 3493 5931 ha-
