4020 6394
605 484 704 539 bes
728 488 1004 535 externam
1036 474 1333 531 facundiam
1363 479 1385 528 ἐ
1412 490 1516 529 non
1548 475 1646 529 tibi
1668 474 1866 529 allatum
1894 486 2183 545 suppetunt

600 583 799 625 sensus
824 578 878 625 et
909 568 1187 624 sententia:
1208 568 1233 621 ι
1258 565 1351 622 sed
1383 567 1488 622 seis
1514 576 1692 622 tamen
1720 567 1834 621 haec
1853 569 2180 623 communia.

605 660 801 716 Filium
828 660 1015 724 habes,
1046 658 1276 713 vicinum
1306 658 1493 726 babes,
1524 659 1741 713 fratrem
1776 658 1961 721 babes,
1990 657 2179 714 dome-

607 753 773 807 sticus
798 750 965 805 habes
1007 759 1066 803 et
1104 750 1439 804 necessarios
1479 767 1492 803 :
1538 749 1747 804 etiamsi
1789 763 1894 803 nou
1928 749 2101 818 possis
2131 747 2183 804 in

610 843 833 899 ecclesia
871 839 1077 910 prolixa
1107 841 1180 894 uti
1210 842 1477 906 oratione,
1510 855 1602 896 eos
1632 852 1783 911 potes
1813 842 2059 910 privatim
2093 841 2189 895 ad-

608 948 827 990 monere
855 942 910 987 et
955 931 1183 987 hortari.
1226 931 1323 987 llic
1350 941 1467 987 arte
1506 930 1718 986 dicendi
1764 947 1867 987 non
1900 940 1983 987 est
2008 947 2143 1001 opus
2168 973 2185 997 ,

610 1042 781 1097 neque
812 1025 927 1083 fusa
958 1025 1199 1081 oratione
1229 1043 1242 1078 :
1276 1026 1326 1079 in
1353 1025 1435 1078 bis
1461 1023 1702 1087 ostende,
1733 1023 1875 1094 quod
1904 1024 1949 1079 si
1976 1024 2188 1080 dicendi

611 1117 839 1172 haberes
884 1116 1229 1182 facultatem,
1274 1131 1381 1171 non
1420 1116 1768 1186 neglexisses.
1817 1115 1875 1172 Si
1914 1126 2092 1173 autem
2135 1117 2188 1172 in

614 1222 777 1275 parvo
814 1221 919 1261 non
944 1206 1167 1261 adhibes
1194 1205 1427 1261 studium
1456 1213 1512 1259 et
1541 1206 1893 1276 diligentiam.
1924 1206 2192 1277 quomodo

612 1298 663 1351 in
707 1312 897 1367 magno
927 1297 1019 1352 tibi
1051 1296 1266 1352 credam
1294 1297 1318 1350 l
1346 1296 1478 1351 Nam
1507 1296 1649 1366 quod
1690 1299 2057 1369 unusquisque
2090 1299 2191 1355 hoc

614 1388 801 1457 possit,
844 1387 967 1442 audi
998 1386 1267 1457 quomodo
1298 1387 1494 1442 Paulus
1525 1388 1626 1443 hoc
1658 1390 1967 1458 permiserit
1995 1390 2145 1447 iaicis
2175 1408 2188 1445 :

617 1475 899 1546 didiﬁcate
921 1518 936 1543 ,
968 1477 1172 1547 inquit,
1204 1478 1332 1532 alter
1360 1478 1576 1532 alterum
1615 1479 1747 1533 sicut
1784 1490 1830 1533 et
1867 1481 2070 1551 facitis;
2108 1490 2191 1547 et,

616 1568 964 1641 ϐοηθοῖεν»ιὶρὶ
1006 1568 1217 1621 invicem
1255 1568 1309 1622 in
1349 1568 1429 1624 his
1472 1570 1785 1626 sermonibus
1816 1570 1894 1641 (1.
1932 1571 2109 1627 Thess.
2139 1573 2193 1628 5.

617 1660 705 1724 11,
737 1668 783 1713 et
806 1660 861 1714 4.
891 1632 1000 1730 ιθ).
1029 1657 1188 1715 Novit
1234 1660 1375 1715 Deus
1404 1662 1675 1731 quomodo
1699 1632 1987 1734 unicuique
2011 1664 2195 1719 distri-

618 1749 769 1804 buat.
813 1748 948 1803 Nunt
993 1758 1048 1804 tu
1092 1764 1152 1806 es
1194 1750 1374 1823 Moyse
1415 1752 1650 1807 melior?
1689 1752 1830 1808 Audi
1868 1769 2026 1824 quam
2056 1769 2198 1824 aegre

619 1852 675 1898 et
697 1842 922 1899 moleste
945 1842 1102 1899 ierat.
1132 1844 1273 1898 Nunt
1293 1861 1405 1915 ego,
1438 1845 1630 1915 inquit,
1656 1862 1857 1915 possunt
1873 1861 1956 1900 eos
1973 1856 2196 1915 portare,

620 1933 759 2001 quod
805 1932 977 1987 dixisti
1017 1934 1165 2001 mihi,
1222 1933 1365 1988 Tolle
1405 1950 1491 1988 eos
1539 1936 1667 1990 sicut
1713 1938 1887 1990 nutris:
1933 1936 2200 1991 luctantem

622 2023 828 2091 (Nam.
858 2024 946 2079 11.
985 2024 1052 2080 12
1073 2023 1129 2096 )ῒ
1165 2024 1310 2094 Quid
1347 2041 1475 2082 vero
1504 2027 1696 2085 Deus?
1737 2028 1951 2085 Escmit
1979 2030 2048 2085 de
2082 2029 2201 2100 ejus

622 2116 835 2185 spiritu,
866 2122 922 2171 et
946 2115 1094 2171 dedit
1119 2117 1260 2181 aliis,
1288 2119 1586 2176 ostendens
1612 2121 1753 2192 quod
1793 2137 1969 2194 neque
1990 2123 2203 2193 quando

625 2220 724 2262 cos
750 2206 1032 2277 portabat,
1079 2208 1197 2278 ejus
1225 2219 1346 2266 erat
1378 2212 1651 2267 charisma
1678 2253 1695 2280 ,
1728 2213 1824 2269 sed
1863 2213 2114 2285 Spiritus.
2146 2215 2203 2271 Si

628 2293 857 2351 haberes
894 2296 1163 2353 charisma
1182 2340 1198 2366 ,
1228 2314 1373 2371 saepe
1400 2300 1595 2357 fuisses
1625 2304 1823 2371 elatus,
1849 2320 1991 2376 saepe
2014 2307 2205 2363 fuisses

628 2396 852 2438 eversus
879 2400 897 2436 :
932 2393 987 2439 ιιι
1020 2386 1249 2456 teipsum
1272 2403 1377 2443 non
1405 2391 1572 2457 nosti,
1603 2400 1663 2446 ut
1692 2400 1745 2448 te
1774 2392 1913 2448 Deus
1939 2396 2106 2449 novit.
2130 2395 2207 2451 Νε

641 2482 902 2549 dicamus,
935 2482 1017 2537 Ad
1044 2484 1170 2557 quid
1198 2483 1301 2539 hoc
1324 2495 1379 2539 et
1405 2500 1501 2541 cur
1524 2484 1549 2541 2
1571 2488 1783 2558 quando
1809 2489 1949 2545 Deus
1976 2492 2203 2563 dispen-

639 2580 741 2638 sat,
769 2588 837 2628 ne
860 2572 1117 2629 rationem
1146 2573 1216 2629 ab
1238 2589 1306 2631 eo
1331 2577 1604 2647 exigamus
1635 2596 1650 2633 :
1678 2579 1781 2635 hoc
1806 2581 1951 2637 enim
1986 2591 2069 2639 est
2108 2584 2209 2640 im-

640 2662 849 2731 pietatis
888 2673 1140 2720 extremas
1186 2674 1243 2721 et
1289 2670 1626 2738 arrogantiae.
1677 2668 1828 2726 Servi
1877 2687 2100 2741 sumus,
2153 2685 2209 2732 et

635 2753 776 2805 servi
820 2752 1041 2808 multum
1086 2753 1347 2812 distantes
1394 2773 1423 2810 ιι
1474 2758 1721 2825 Domino,
1770 2776 1839 2817 ne
1884 2776 1947 2818 ea
1989 2764 2203 2834 quidem

634 2841 869 2898 scientes
913 2859 1032 2914 qua
1073 2855 1195 2901 sunt
1235 2862 1345 2918 pra:
1384 2847 1629 2919 pedibus.
1670 2851 1749 2907 Ne
1788 2851 1952 2924 igitur
1990 2856 2201 2913 curiose

635 2942 937 2989 scrutemur
968 2936 1062 2991 Dei
1091 2939 1395 3006 consilium,
1423 2941 1517 2997 sed
1543 2943 1684 3011 quod
1713 2943 1861 2999 dedit
1890 2944 1991 3000 hoc
2019 2960 2203 3004 serve-

636 3040 779 3093 mus,
810 3026 1019 3082 etiamsi
1058 3030 1128 3084 sit
1154 3044 1397 3099 parvum,
1427 3033 1636 3090 etiamsi
1662 3034 1929 3104 ultimum,
1952 3046 2013 3107 et
2038 3038 2199 3107 plane

633 3116 835 3171 erimus
864 3120 1013 3187 probi
1038 3128 1092 3174 et
1119 3121 1170 3175 in
1202 3121 1339 3176 bona
1365 3124 1757 3183 existimatione
1793 3146 1806 3180 :
1839 3129 1947 3183 imo
1976 3145 2103 3185 vero
2129 3146 2197 3188 ex

631 3203 725 3259 Dei
746 3206 901 3262 donis
921 3209 1122 3264 nullum
1152 3219 1237 3267 est
1254 3227 1494 3282 parvum.
1518 3214 1675 3271 Doles
1701 3218 1842 3288 quod
1873 3234 1978 3275 non
2001 3220 2199 3278 habeas

624 3296 825 3353 donum
866 3300 1169 3358 doctrinae?
1204 3304 1290 3361 dic
1329 3306 1455 3361 mihi
1481 3348 1496 3374 ,
1538 3310 1664 3378 quid
1706 3312 1797 3365 tibi
1840 3312 2049 3367 videtur
2076 3328 2197 3370 esse

626 3386 820 3456 majus,
850 3388 1048 3445 donum
1078 3391 1353 3461 doctrinm,
1379 3411 1447 3451 an
1487 3396 1683 3453 donum
1712 3401 2014 3469 expellendi
2051 3418 2191 3458 mor-

623 3474 719 3531 bos
749 3476 773 3529 τ
811 3478 923 3535 Hoc
953 3482 1155 3551 utique.
1189 3483 1325 3552 Quid
1352 3488 1526 3542 vero?
1561 3504 1668 3543 non
1697 3490 1792 3545 tibi
1827 3491 2036 3548 videtur
2070 3509 2193 3550 esse

626 3567 819 3637 majus,
850 3571 1007 3627 etscis
1033 3573 1161 3629 dare
1184 3575 1353 3631 visum
1376 3577 1400 3630 τ
1425 3592 1530 3633 non
1569 3580 1660 3635 tibi
1699 3582 1910 3637 videtur
1932 3600 2051 3642 esse
2078 3603 2193 3642 ma-

617 3656 726 3727 jus,
772 3669 1007 3718 mortuos
1032 3666 1302 3733 excitare,
1330 3682 1490 3737 quam
1530 3671 1747 3728 morbos
1771 3676 2000 3729 curare?
2049 3676 2189 3744 Quid

621 3762 771 3815 vero,
798 3749 887 3806 die
924 3767 1106 3822 quasso
1132 3754 1155 3808 7
1180 3756 1379 3812 umbris
1407 3767 1464 3812 et
1491 3760 1719 3815 sudariis
1745 3762 1849 3817 hoc
1873 3764 2052 3822 facere
2078 3782 2183 3823 non

619 3836 713 3891 tibi
740 3839 947 3896 videtur
973 3856 1091 3898 esse
1116 3845 1308 3915 majui,
1335 3862 1494 3917 quam
1524 3850 1686 3906 verbo
1708 3852 1730 3905 ἲ
1754 3852 1889 3921 Quid
1916 3870 2044 3925 ergo
2081 3859 2181 3925 vis,

617 3926 705 3981 die
728 3943 929 3998 quaeso,
958 3934 1158 3990 umbris
1194 3944 1249 3990 et
1286 3938 1519 3995 sudariis
1557 3941 1789 3999 excitare
1829 3956 2087 4014 mortuos,
2115 3964 2182 4004 an

617 4017 819 4077 habere
845 4022 1046 4079 donum
1086 4025 1341 4084 doctrina:
1368 4030 1392 4083 τ
1420 4030 1575 4087 Dices
1617 4037 1852 4103 omnino,
1899 4039 2101 4095 umbris
2128 4050 2185 4097 et

615 4108 844 4166 sudariis
872 4124 1109 4176 mortuos
1133 4120 1384 4176 excitare.

687 4197 739 4294 li.
773 4200 971 4258 Caritas
994 4215 1065 4260 est
1085 4208 1334 4263 charisma
1363 4214 1587 4268 omnium
1600 4217 1864 4284 optimum.
1886 4248 1958 4261 -
1974 4219 2028 4278 Si
2052 4237 2180 4294 ergo

614 4288 715 4385 tibi
745 4294 1049 4363 ostendam,
1074 4297 1214 4367 quod
1258 4301 1481 4357 alterum
1526 4304 1724 4363 donum
1756 4319 1843 4364 est
1869 4312 1970 4368 hoc
2020 4288 2177 4385 longe

612 4381 805 4476 majus,
836 4394 1037 4442 etcum
1084 4389 1177 4445 tibi
1220 4391 1378 4449 liceat
1417 4397 1679 4467 accipere,
1710 4401 1756 4456 si
1801 4417 1908 4457 non
1950 4381 2169 4476 accipis,

604 4468 750 4537 juste
774 4488 833 4528 es
854 4475 933 4531 eis
960 4478 1196 4547 privatus
1227 4500 1241 4537 :
1272 4484 1395 4552 quid
1424 4485 1608 4543 dices?
1630 4489 1697 4545 Et
1722 4491 1822 4547 hoc
1842 4492 2041 4551 donum
2066 4468 2170 4553 non

610 4561 700 4615 uni
742 4575 798 4617 et
825 4565 1011 4635 alteri,
1055 4573 1148 4627 sed
1190 4576 1440 4632 omnibus
1483 4578 1684 4637 habere
1723 4583 1866 4639 licet.
1910 4586 2031 4643 Scio
2079 4605 2171 4645 vos

611 4660 828 4721 stupere
851 4664 903 4710 et
928 4658 1201 4729 admirari,
1228 4665 1273 4719 si
1302 4667 1431 4722 estis
1456 4669 1690 4725 audituri
1717 4676 1856 4741 quod
1888 4677 2043 4734 liceat
2072 4694 2168 4735 vo-

607 4752 691 4807 bis
716 4752 915 4849 habcre
954 4759 1126 4827 majus
1154 4758 1354 4817 donum
1396 4778 1553 4834 quam
1601 4771 1861 4827 suscitare
1904 4788 2165 4849 mortuos,

604 4856 661 4901 et
680 4846 848 4901 visum
870 4848 998 4903 dare
1030 4852 1214 4917 etscis,
1243 4864 1297 4908 et
1322 4854 1407 4908 illa
1449 4857 1620 4914 facere
1648 4877 1766 4930 quze
1798 4862 1997 4921 fiebant
2036 4846 2173 4925 tem.-

606 4951 736 5006 pore
760 4940 1121 5007 apostolorum
1150 4961 1163 4996 :
1192 4955 1245 4997 et
1286 4944 1511 5002 fortasse
1544 4950 1645 5005 hoc
1676 4952 1889 5010 videtur
1911 4958 2061 5014 vobis
2091 4962 2173 5015 in-

603 5028 879 5085 credibile.
924 5030 1075 5098 Qund
1116 5042 1198 5089 est
1237 5049 1363 5105 ergo
1412 5037 1511 5093 hoc
1537 5040 1777 5097 donum?
1804 5045 2031 5103 Caritas.
2065 5050 2170 5107 Sed

605 5122 734 5175 mihi
764 5124 985 5189 credite,
1032 5141 1137 5180 non
1167 5136 1251 5181 cst
1292 5144 1443 5183 meus
1486 5146 1685 5203 sermo,
1713 5139 1807 5192 sed
1832 5139 2031 5197 Christi
2077 5145 2169 5199 io-

603 5227 817 5279 quentts
858 5230 952 5284 per
980 5217 1223 5274 Paulum.
1266 5219 1403 5289 Quid
1447 5226 1587 5280 enim
1616 5228 1781 5283 dicit?
1825 5231 2169 5292 λΕηιιιιαηιὶηἰ

602 5304 906 5359 charismata
952 5309 1194 5375 meliora,
1254 5321 1301 5366 et
1346 5315 1513 5368 adhuc
1559 5333 1807 5373 summam
1855 5327 1986 5377 viam
2031 5328 2168 5381 vobis

601 5397 807 5449 ostendo
834 5396 909 5467 (Ι.
934 5395 1050 5451 Cor.
1084 5399 1173 5453 l2.
1205 5402 1318 5471 51).
1348 5403 1485 5471 Quid
1534 5416 1636 5473 est,
1666 5409 1847 5465 Adhuc
1877 5419 2165 5472 summam?

601 5483 752 5552 Quod
793 5485 922 5541 dicit
954 5499 1037 5544 est
1076 5490 1336 5559 ejusmodi
1369 5513 1380 5547 :
1409 5495 1674 5554 Corinthii
1715 5515 1774 5557 se
1804 5504 1958 5561 valde
1982 5506 2157 5576 jacta‘

601 5576 749 5674 bant,
781 5580 961 5674 etsibi
1008 5582 1290 5651 placebant
1340 5601 1563 5659 prepter
1608 5593 1951 5669 charismata,
1993 5611 2047 5657 et
2074 5605 2167 5674 qui

600 5668 806 5758 linguas
846 5671 1131 5743 habebant,
1155 5679 1295 5747 quod
1322 5691 1405 5736 est
1443 5684 1718 5743 minimum
1760 5668 1978 5758 donum,
2010 5668 2163 5751 infla-

600 5757 794 5815 bantur
820 5762 1076 5821 adversus
1117 5778 1365 5828 ctctcros.
1402 5772 1535 5830 Dicit
1563 5791 1711 5850 ergo,
1735 5779 1906 5838 Vultis
1945 5788 2165 5843 omnino

1379 374 1440 431 Β.
1478 368 1756 429 «ΙΟΑΝΝΙΒ
1790 357 2186 424 CllRYSOSTO

2299 355 2614 416 ARCIIIEP.
2653 353 3187 413 CONSTANTINOP.
3823 345 3888 403 34

2311 466 2672 523 charismata?
2724 480 2824 536 ego
2860 465 3089 521 ostendo
3141 464 3280 520 viam
3320 461 3745 530 charismatum,
3787 479 3886 519 non

2313 559 2487 613 solum
2508 557 2877 621 excellentem,
2897 556 2991 612 sed
3013 558 3176 612 etiam
3197 571 3480 612 summam.
3509 557 3718 614 Deinde
3738 557 3885 625 dicit,

2315 650 2378 705 Si
2404 649 2589 718 linguis
2618 649 2798 717 loquar
2825 649 3146 718 angelorum,
3169 648 3429 702 caritatem
3458 660 3630 703 autem
3660 666 3767 704 non
3797 651 3885 703 ha-

2313 743 2477 804 beam,
2508 742 2638 796 nihil
2661 759 2773 796 sunt
2801 757 2820 794 :
2849 751 2897 794 et
2924 742 2971 795 si
2999 741 3212 795 habeam
3243 741 3395 809 ﬁdem
3423 750 3478 793 ut
3499 752 3694 797 montes
3723 752 3889 797 trans-

2314 837 2495 904 ferant,
2517 834 2775 886 caritatem
2795 840 2963 885 autent
3008 848 3109 884 non
3155 831 3384 897 habeant,
3411 831 3540 885 nihil
3576 849 3693 886 sum
3731 831 3889 901 (Ibid.

2316 927 2405 982 15.
2429 927 2480 979 1.
2501 925 2581 994 2).
2602 924 2793 979 Vidisti
2819 923 3125 979 charisma?
3153 921 3432 979 Emulare
3455 925 3556 979 hoc
3582 926 3857 980 charisma
3876 944 3890 988 ;

2316 1018 2419 1072 hoc
2445 1017 2618 1086 majus
2648 1027 2730 1072 est
2759 1031 2917 1087 quam
2947 1025 3187 1069 mortuos
3211 1015 3470 1083 excitare,
3500 1016 3605 1072 hoc
3629 1018 3756 1073 aliis
3783 1032 3894 1071 om-

2316 1109 2474 1165 nibus
2502 1118 2586 1164 est
2612 1109 2770 1179 longe
2800 1108 3013 1162 melius.
3039 1107 3107 1163 Et
3132 1108 3274 1177 quod
3306 1104 3410 1161 hoc
3430 1107 3501 1161 ita
3525 1107 3747 1175 habeat,
3776 1107 3895 1163 audi

2315 1202 2439 1272 quid
2462 1199 2607 1256 dicat
2628 1200 2874 1256 Christus
2900 1201 3128 1271 loquens
3153 1199 3429 1269 discipulis
3454 1216 3469 1255 :
3499 1198 3567 1253 In
3596 1201 3695 1255 hoc
3717 1203 3895 1265 scient,

2315 1293 2451 1361 quod
2478 1291 2718 1361 discipuli
2741 1292 2838 1345 mei
2862 1291 3007 1355 estis,
3030 1292 3073 1343 si
3099 1306 3185 1345 nos
3213 1291 3427 1348 invicem
3453 1291 3681 1362 diligatis
3715 1292 3895 1364 (Joan.

2318 1382 2404 1435 15.
2443 1380 2556 1451 55).
2586 1381 2787 1436 Deinde
2816 1380 3105 1436 ostendens
3136 1381 3186 1434 in
3230 1396 3359 1451 quo,
3403 1396 3510 1437 non
3556 1382 3689 1437 dixit
3731 1384 3898 1437 mira-

2318 1473 2461 1540 cula,
2502 1472 2597 1527 sed
2626 1472 2791 1542 quid?
2823 1471 2884 1527 Si
2911 1472 3230 1526 dilectionem
3259 1472 3469 1527 invicem
3501 1473 3808 1527 habueritis.
3835 1473 3901 1530 Et

2317 1577 2503 1619 rursus
2528 1562 2657 1617 dicit
2684 1562 2831 1618 Patri
2862 1580 2874 1616 :
2913 1562 2980 1617 In
3011 1562 3105 1617 hoc
3131 1562 3290 1617 scient
3329 1561 3466 1633 quod
3493 1571 3547 1615 tu
3576 1579 3655 1616 me
3694 1564 3898 1626 misisti,
3972 1604 3977 1607 .

2312 1682 2355 1721 st
2378 1666 2479 1720 sint
2506 1680 2665 1718 unum
2694 1662 2873 1732 (Joan.
2904 1663 2999 1719 .l'l.
3025 1660 3141 1731 2i).
3169 1658 3289 1730 ipse
3313 1674 3527 1730 quoque
3568 1658 3789 1713 dicebat
3818 1658 3900 1713 di-

2311 1756 2531 1825 scipulis
2561 1775 2576 1808 :
2609 1754 2913 1809 Mandatum
2942 1768 3125 1807 nouunt
3164 1753 3230 1805 do
3267 1750 3427 1815 nobis,
3456 1760 3509 1805 ut
3539 1750 3775 1821 diligatis
3817 1752 3901 1803 itt-

2313 1846 2469 1899 vicem
2495 1846 2677 1917 (Joan.
2710 1847 2796 1900 15.
2822 1845 2935 1915 51).
2970 1843 3039 1899 lis
3068 1858 3198 1913 ergo
3224 1844 3314 1914 qui
3341 1853 3585 1897 mortuos
3612 1843 3901 1910 suscitant,

2313 1936 2400 1991 hic
2426 1945 2509 1990 cst
2534 1935 2814 1991 honestior
2839 1948 2893 1991 et
2917 1935 3259 2006 praeclarior:
3285 1943 3341 1989 et
3368 1933 3584 1988 merito.
3608 1932 3744 1988 Nam
3772 1933 3901 1988 illud

2307 2024 2523 2094 quidem
2551 2034 2634 2080 est
2666 2033 2833 2079 totum
2866 2025 2961 2080 Dei
3004 2025 3227 2094 gratias;
3277 2022 3384 2078 hoc
3412 2032 3591 2077 autem
3624 2032 3710 2077 est
3736 2024 3903 2077 etiam

2307 2113 2470 2169 studii
2514 2124 2574 2169 et
2595 2115 2908 2185 diligentia.
2944 2114 3059 2169 Hoc
3084 2122 3169 2169 est
3197 2126 3387 2168 revera
3413 2111 3708 2167 Christiani
3739 2130 3753 2165 :
3802 2112 3904 2167 hoc

2308 2207 2550 2261 ostendit
2590 2206 2791 2262 Christi
2838 2206 3182 2276 discipulum,
3215 2205 3305 2276 qui
3335 2213 3419 2261 est
3465 2204 3778 2271 cruciﬁxus,
3812 2204 3903 2275 qui

2308 2298 2441 2351 nihil
2475 2297 2639 2353 habet
2662 2312 2945 2353 commune
2974 2298 3026 2352 in
3056 2307 3199 2352 terra
3233 2315 3247 2352 :
3297 2295 3503 2367 absque
3526 2296 3632 2351 hoc
3661 2312 3731 2351 ne
3759 2311 3903 2352 mar-

2309 2388 2507 2458 tyrium
2538 2390 2751 2459 quidem
2782 2397 2963 2459 potest
2986 2388 3274 2459 quidquam
3323 2387 3599 2458 prodesse.
3633 2386 3705 2442 Et
3732 2397 3792 2441 ut
3817 2386 3902 2440 di-

2305 2490 2452 2545 scas,
2486 2476 2589 2534 hoc
2623 2478 2743 2533 vide
2773 2477 3028 2535 dilucide.
3054 2478 3169 2535 Duo
3195 2479 3279 2534 vel
3303 2477 3482 2548 potius
3510 2478 3609 2532 tria
3634 2477 3901 2533 virtutum

2303 2571 2587 2627 cacumina
2614 2572 2846 2642 sumpsit
2876 2572 3070 2628 beatus
3097 2571 3320 2637 Paulus,
3339 2586 3459 2641 quas
3478 2580 3604 2627 sunt
3630 2570 3685 2625 in
3705 2569 3900 2640 signis.

2303 2677 2422 2732 quas
2447 2662 2499 2716 in
2526 2662 2863 2733 cognitione,
2892 2677 3014 2733 qua:
3043 2671 3171 2717 sunt
3210 2662 3266 2716 iu
3297 2663 3403 2716 vita
3434 2678 3449 2715 :
3477 2670 3533 2717 et
3561 2660 3771 2730 absque
3798 2658 3903 2713 hoc

2307 2752 2421 2808 hac
2448 2754 2583 2808 nihil
2609 2769 2735 2809 esse
2754 2754 2910 2809 dixit.
2938 2752 3221 2820 Quomodo
3239 2760 3421 2810 autem
3451 2752 3568 2807 haec
3592 2752 3730 2807 nihil
3758 2753 3891 2817 sint,

2300 2859 2402 2915 ego
2429 2844 2574 2911 dico.
2624 2844 2741 2901 Etsi
2770 2846 3077 2901 distribuere
3124 2847 3176 2901 in
3206 2846 3342 2901 cibos
3387 2862 3673 2918 pauperum
3715 2861 3897 2900 attines

2302 2937 2571 3007 facultates
2600 2953 2757 3003 meas,
2787 2939 3054 2991 caritatem
3081 2946 3254 2991 autem
3279 2954 3382 2992 non
3402 2937 3636 3003 habeam,
3666 2937 3801 2992 nihil
3820 2948 3897 2992 est

2301 3028 2381 3097 (1.
2406 3029 2526 3084 Cor.
2555 3030 2644 3084 15.
2678 3028 2755 3100 5).
2801 3029 2945 3084 Fieri
2996 3029 3140 3083 enim
3185 3036 3365 3099 potest
3402 3035 3460 3083 ιιι
3483 3028 3576 3099 qui
3607 3027 3896 3083 facultates

2302 3122 2354 3176 in
2401 3122 2552 3178 cibos
2601 3120 2902 3187 distribuat,
2962 3136 3069 3177 non
3120 3121 3192 3176 sit
3238 3121 3466 3176 caritate
3507 3119 3791 3192 praeditus,
3840 3129 3898 3177 et

2302 3212 2586 3282 profundat
2615 3214 2890 3283 pecunias.
2923 3211 2992 3267 Et
3024 3212 3096 3270 de
3140 3211 3224 3267 his
3250 3210 3468 3284 quidem
3500 3213 3631 3267 satis
3661 3227 3691 3266 a
3732 3212 3894 3269 nobis

2299 3307 2502 3363 dictum
2526 3316 2614 3363 est
2636 3306 2691 3363 in
2722 3307 2842 3363 loco
2870 3307 2939 3365 de
2962 3306 3207 3373 caritate,
3236 3315 3291 3361 et
3312 3306 3440 3362 illuc
3471 3305 3894 3361 trausmittimus

2299 3397 2531 3454 lectores
2556 3416 2569 3453 :
2602 3397 2819 3453 interim
2862 3402 3065 3463 autem,
3090 3396 3231 3451 sicut
3258 3396 3392 3461 dixi,
3422 3395 3743 3452 aemulemur
3760 3395 3894 3452 cha-

2297 3492 2484 3555 risma,
2510 3491 2651 3546 alter
2673 3491 2904 3547 alterum
2926 3489 3251 3561 diligamus;
3283 3498 3338 3545 et
3367 3489 3517 3546 nullo
3542 3489 3716 3546 altero
3749 3490 3893 3547 indi-

2295 3582 2542 3652 gebimus
2571 3583 2637 3638 ad
2670 3597 2769 3638 nos
2793 3593 2941 3639 recte
2976 3581 3241 3653 gerendas
3269 3581 3321 3636 in
3350 3582 3563 3647 virtute,
3603 3581 3700 3637 sed
3726 3592 3894 3639 erunt

2299 3675 2451 3731 nobis
2475 3676 2654 3732 omnia
2687 3674 2863 3730 facilia
2890 3674 3094 3745 absque
3134 3672 3449 3741 sudoribus,
3482 3681 3536 3729 et
3569 3674 3742 3730 multo
3772 3684 3892 3731 stu-

2297 3769 2385 3823 dio
2422 3777 2477 3824 et
2518 3768 2789 3841 diligentia
2838 3778 2985 3823 recte
3026 3782 3276 3837 geremus
3320 3766 3523 3822 omnia.
3572 3766 3682 3822 Sed
3727 3782 3889 3836 ecce,

2296 3860 2484 3930 inquit,
2525 3861 2822 3916 etiamnum
2853 3859 3124 3929 diligimus
3167 3873 3266 3913 nos
3298 3857 3530 3913 invicem
3567 3875 3582 3912 :
3625 3872 3751 3913 nam
3793 3859 3891 3917 ille

2294 3952 2508 4022 quidem
2557 3953 2719 4008 habet
2748 3954 2884 4008 duos
2926 3951 3011 4007 vel
3064 3959 3175 4007 tres
3202 3951 3423 4018 amicos,
3458 3949 3546 4005 hic
3586 3964 3719 4006 vero
3747 3968 3891 4025 qua-

2299 4051 2438 4097 tuor.
2474 4043 2580 4099 Sed
2628 4043 2730 4098 hoc
2760 4058 2865 4098 non
2895 4051 2979 4099 est
3006 4042 3233 4110 diligere
3283 4052 3505 4113 propter
3554 4041 3751 4109 Deum,
3786 4045 3890 4101 sed

2294 4127 2442 4219 quod
2468 4128 2581 4195 ipse
2605 4127 2901 4219 redameris
2925 4147 2940 4183 :
2973 4141 3192 4202 propter
3216 4134 3388 4190 Deum
3413 4149 3593 4197 autem
3618 4141 3881 4219 diligere,

2292 4228 2410 4308 non
2421 4213 2531 4308 hoc
2552 4216 2874 4290 principium
2897 4220 3059 4278 habet
3078 4225 3351 4294 caritatis;
3382 4228 3477 4284 sed
3504 4245 3596 4301 qut
3613 4243 3701 4290 est
3721 4213 3886 4308 ejus;

2289 4304 2454 4395 modi,
2483 4308 2748 4365 afﬁcietur
2791 4312 2846 4366 in
2890 4328 3079 4371 omnes
3123 4326 3391 4391 tamquam
3443 4322 3495 4378 in
3526 4304 3883 4395 fratres.'eos

2288 4393 2504 4463 quidem
2535 4396 2629 4467 qui
2675 4409 2802 4455 sunt
2832 4402 3094 4473 ejusmodi
3150 4407 3272 4465 fidei
3316 4410 3548 4483 diligens
3594 4393 3881 4488 tamquam

2286 4500 2572 4555 germanos
2618 4489 2847 4559 fratres;
2895 4495 3182 4555 haereticos
3224 4510 3427 4569 autem,
3468 4514 3524 4562 et
3548 4506 3771 4567 Graecos
3820 4525 3883 4570 et

2286 4577 2523 4673 Judasos,
2548 4584 2640 4651 qui
2660 4586 2955 4643 secundum
2984 4600 3227 4647 naturam
3251 4594 3469 4663 quidem
3498 4609 3625 4654 sunt
3653 4600 3878 4673 fratres,

2285 4669 2416 4724 mali
2445 4681 2624 4727 autem
2653 4685 2783 4730 sunt
2808 4688 2863 4732 et
2888 4678 3131 4747 inutiles,
3155 4685 3442 4753 miserans,
3471 4699 3524 4744 et
3563 4706 3659 4762 pro
3687 4693 3770 4750 eis

2287 4760 2513 4819 bescens
2540 4774 2595 4820 et
2624 4765 2946 4839 lacrymans.
2982 4772 3039 4827 ln
3072 4775 3175 4830 hoc
3203 4777 3407 4835 erimus
3436 4780 3546 4836 Deo
3566 4760 3803 4848 similes.
3827 4790 3881 4845 si

2284 4868 2475 4911 omnes
2504 4856 2789 4929 diligamus
2830 4863 2996 4919 etiam
3038 4866 3317 4943 inimicos,
3362 4886 3469 4926 non
3517 4874 3563 4929 si
3603 4875 3757 4947 signa
3788 4877 3877 4933 fa-

2286 4948 2511 5005 ciamus.
2549 4951 2681 5008 Nam
2722 4954 2889 5010 Deum
2933 4958 3261 5017 admiramur
3287 4965 3502 5035 quidem
3547 4970 3708 5025 etiam
3744 4987 3877 5030 cum

2287 5038 2411 5096 ﬁtcit
2440 5045 2697 5101 miracula
2726 5064 2740 5114 ;
2785 5050 2954 5104 multo
2981 5060 3161 5108 autem
3194 5058 3385 5127 magis,
3418 5061 3633 5130 quando
3660 5073 3744 5119 est
3773 5066 3873 5123 beo

2284 5134 2495 5202 nignus,
2528 5138 2767 5193 clemens
2793 5150 2849 5196 et
2898 5143 3126 5211 patiens.
3176 5145 3231 5201 Si
3282 5164 3413 5219 ergo
3457 5152 3620 5207 etiam
3670 5155 3723 5211 in
3752 5156 3871 5214 Deo

2287 5225 2413 5280 illud
2438 5239 2521 5283 est
2547 5230 2700 5285 valde
2722 5232 3046 5302 mirandum,
3079 5238 3250 5293 multo
3278 5243 3449 5313 magis
3480 5243 3533 5299 in
3560 5245 3873 5306 hominibus

2280 5316 2381 5372 hoc
2406 5330 2487 5374 est
2530 5326 2893 5393 perspicuum,
2932 5328 3071 5398 quod
3101 5328 3203 5385 hoc
3247 5348 3345 5387 nos
3386 5335 3563 5392 reddit
3590 5338 3869 5399 admiran-

2278 5408 2393 5465 dos.
2442 5411 2552 5468 lloc
2580 5430 2709 5484 ergo
2750 5417 3087 5489 temulemur,
3118 5431 3171 5477 et
3217 5423 3384 5479 Paulo
3424 5437 3479 5483 et
3506 5428 3665 5487 Petro
3700 5443 3756 5488 et
3800 5435 3871 5491 iis

2278 5502 2365 5570 qui
2397 5503 2811 5563 innumerabiles
2834 5521 3076 5567 mortuos
3113 5514 3441 5583 excitarunt,
3466 5521 3636 5578 nihilo
3659 5525 3868 5583 erimus

2277 5592 2581 5662 inferiores,
2610 5600 2819 5655 etiamsi
2846 5602 3048 5660 febrem
3080 5621 3188 5661 non
3232 5611 3499 5678 possimus
3545 5618 3857 5686 expellere;

2273 5684 2477 5757 absque
2526 5689 2620 5744 illa
2651 5702 2851 5759 autem,
2883 5696 3096 5752 etiamsi
3146 5699 3351 5769 majora
3398 5702 3658 5765 faciamus
3708 5684 3862 5784 signa

2272 5794 2433 5850 quam
2463 5785 2714 5855 apostoli,
2747 5788 2957 5846 etiamsi
3008 5790 3156 5849 mille
3206 5797 3459 5867 periculis
3504 5817 3605 5859 nos
3634 5802 3851 5878 objicia-
