4020 6406
189 404 266 463 315
1044 395 1113 453 IN
1156 391 1375 450 EPIST.
1409 388 1502 446 AD
1537 385 1809 445 ῙΙΕΒΚιΕί

1945 386 2101 440 (Δι’.
2144 385 2211 443 ll.
2252 384 2491 442 I'IOMIL.
2535 384 2628 441 Ill.
3461 394 3535 455 δῦ

190 528 305 594 νὸς
352 522 463 579 τὸν
504 520 883 593 θηλάζοντα;
927 514 994 570 Τί
1036 510 1132 570 οὖν
1158 511 1386 576 όΘεός;
1425 508 1663 574 Ἐξεῖλεν
1692 504 1805 559 ἀπὸ

190 627 292 678 τοῦ
319 623 633 691 πνεύματος
659 615 851 681 αὑτοῦ,
889 613 987 668 καὶ
1021 612 1193 666 εδωκε
1219 611 1333 673 τοῖς
1359 606 1566 672 ἀλλοις,
1590 603 1807 667 δεικνὺς

180 720 278 773 δτι
320 718 441 772 οὐδὲ
464 718 554 771 δτε
587 711 893 777 ἐϐάσταζεν
919 709 1142 773 αὐτοὺς,
1168 704 1338 760 αὑτοῦ
1364 702 1527 758 τοῦτο
1557 700 1619 754 τὸ
1645 698 1809 771 χάρι-

193 834 317 888 σμα
343 810 435 887 ἦν,
464 813 604 869 ἀλλά
650 810 745 865 τοῦ
796 808 1138 880 Πνεύματος.
1162 807 1227 861 Ei
1257 804 1323 859 τὸ
1358 802 1611 874 χάρισμα
1638 793 1807 869 εἶχες,

195 912 466 976 πολλάκις
494 911 561 966 ἀν
595 907 872 980 ἐπήρθης,
914 904 1182 966 πολλάκις
1222 902 1291 956 ἂν
1332 898 1679 973 ὲξετράπηςο
1708 898 1811 950 οὐκ

192 1003 348 1070 οἶδας
385 1008 451 1061 σὺ
486 1004 709 1070 σαυτὸν,
728 1004 805 1068 ὡς
832 1003 862 1056 6
886 1002 1021 1065 Θεός
1050 1017 1111 1053 σε
1131 995 1265 1052 οίδε.
1290 996 1384 1067 Μὴ
1415 996 1690 1065 λέγωμεν*
1714 993 1811 1057 Είς

194 1105 250 1158 τί
285 1103 469 1169 τοῦτο,
512 1104 611 1158 καὶ
653 1100 742 1156 διά
789 1100 844 1154 τί
890 1099 1091 1166 τοῦτο;
1124 1097 1258 1151 ὅταν
1295 1094 1560 1164 οίκονομῇ
1592 1093 1621 1146 6
1653 1089 1807 1155 Θεὸς,

198 1202 278 1274 μὴ
308 1201 636 1271 ἀπαιτῶμεν
680 1198 846 1253 αὐτὸν
892 1194 1164 1259 εὐθύνας·
1196 1191 1359 1246 τοῦτο
1407 1191 1519 1262 γάρ
1571 1186 1812 1257 ἐσχάτης

194 1298 461 1362 ἀσεϐείας
507 1297 604 1352 καὶ
630 1294 892 1360 ἀπονοίας
922 1294 1064 1347 ἔστί.
1098 1289 1290 1345 Δοῦλοι
1320 1289 1516 1360 ἔσμεν,
1548 1286 1646 1340 καὶ
1688 1284 1813 1338 δοῦ-

195 1398 280 1451 λοι
312 1395 450 1451 πολὺ
476 1395 573 1450 τοῦ
599 1392 876 1449 Δεσπότου
907 1387 1285 1456 διεστηκότες,
1313 1386 1437 1439 οὐδὲ
1464 1382 1534 1437 τά
1560 1383 1619 1435 ιν
1650 1380 1811 1435 ποσὶν

196 1495 578 1565 επιστάμενοι.
611 1492 705 1562 Μὴ
742 1489 809 1561 δὴ
849 1488 951 1559 τὴν
981 1486 1179 1558 βουλὴν
1202 1483 1298 1539 τοῦ
1328 1482 1467 1537 Θεοῦ
1507 1495 1810 1553 περιεργα-

196 1591 451 1662 ζῶμεθα,
479 1589 598 1643 ἀλλ’
630 1588 768 1659 ὅπερ
806 1585 1031 1649 δέδωκε,
1067 1581 1230 1637 τοῦτο
1280 1581 1668 1652 φυλάττωμεν,
1706 1575 1810 1631 κᾶν

199 1689 402 1760 μικρὸν
429 1683 490 1759 ᾖ,
521 1685 627 1741 κᾶν
669 1684 920 1755 ἔσχατον,
953 1683 1049 1737 καὶ
1073 1681 1297 1743 πάντως
1329 1676 1773 1747 εύδοκιμήσομεν
1792 1688 1807 1703 ⁶

204 1783 413 1856 μᾶλλον
446 1782 526 1848 δὲ,
552 1781 708 1836 οὐδὲν
738 1779 939 1852 μικρὸν
962 1778 1072 1832 τῶν
1092 1775 1189 1831 τοῦ
1218 1774 1358 1829 Θεοῦ
1388 1772 1615 1843 δωρεῶν
1638 1772 1806 1824 ἔστιν’

196 1880 391 1950 ἀλγεῖς
420 1881 504 1935 ὅτι
535 1878 637 1933 οὐκ
665 1876 813 1949 εχεις
838 1876 1091 1948 χάρισμα
1131 1870 1524 1936 διδασκαλίας;
1572 1869 1697 1923 είπὲ
1745 1867 1809 1940 δή

202 1994 320 2048 μοι,
350 1975 405 2029 τί
441 1990 524 2028 σοι
554 1973 704 2027 δοκεῖ
740 1972 930 2043 μεῖζον
956 1966 1117 2036 είναι,
1153 1969 1403 2040 χάρισμα
1434 1963 1806 2030 διδασκαλίας,

196 2075 233 2145 ἢ
262 2074 519 2147 χάρισμα
548 2071 828 2143 ίαμάτων;
850 2068 1079 2131 Πάντως
1104 2063 1284 2121 τοῦτο.
1310 2057 1371 2115 Τί
1393 2062 1475 2128 δὲ,
1497 2060 1593 2116 τοῦ
1617 2060 1810 2124 νόσους

199 2172 537 2229 ἀπελαύνειν
561 2171 624 2227 ού
651 2170 804 2224 δοκεῖ
833 2184 917 2222 σοι
946 2166 1134 2238 μεῖζον
1164 2160 1305 2219 εῖναι
1332 2162 1397 2216 τὸ
1425 2160 1664 2230 τυφλοὺς
1708 2160 1812 2231 69.-

201 2268 440 2340 ματοῦν;
462 2267 525 2320 οὺ
550 2265 700 2319 δοκεῖ
729 2280 815 2318 σοι
846 2263 1031 2334 μεῖζον
1060 2258 1282 2315 εἶναιτὸ
1303 2258 1537 2328 νεκροὺς
1558 2256 1806 2326 ἀνιστᾷνς

197 2365 265 2419 Τί
294 2364 372 2430 δὲ,
402 2363 526 2418 είπέ
572 2379 701 2433 μοις
746 2358 843 2415 τοῦ
870 2359 1015 2430 λόγῳ
1045 2356 1210 2412 τοῦτο
1243 2356 1417 2409 ποιεῖν
1448 2353 1512 2407 ού
1538 2352 1689 2406 δοκεῖ
1726 2367 1811 2404 σοι

202 2462 393 2532 μεῖζον
408 2456 552 2515 εἶναι
562 2459 631 2512 τὸ
646 2457 831 2520 σκιαῖς
846 2454 942 2510 καὶ
961 2453 1268 2526 σουδαρίοις
1280 2450 1442 2506 τοῦτο
1453 2447 1807 2522 ὲργάζεσθαις

200 2558 268 2613 Τί
289 2554 385 2614 οὖν
411 2557 611 2622 θέλεις,
636 2554 759 2609 είπέ
786 2570 900 2625 μοι,
931 2553 1112 2614 σκιαῖς
1129 2552 1224 2605 καὶ
1248 2548 1557 2620 σουδαρίοις
1579 2545 1810 2617 νεκροὺς

200 2655 450 2726 ἀνιστᾷν,
489 2653 523 2725 ἢ
554 2651 619 2705 τὸ
650 2651 904 2723 χάρισμα
931 2647 1035 2719 τῆς
1058 2645 1412 2709 διδασκαλίας
1449 2645 1631 2716 εχειν;
1664 2642 1810 2697 Πάν-

199 2770 310 2817 τως
345 2753 558 2817 έκεῖνο,
598 2750 771 2822 ερεῖς,
792 2746 855 2802 τὸ
881 2747 1065 2813 σκιαῖς
1099 2744 1198 2802 καὶ
1222 2742 1538 2817 σουδαρίοις
1578 2742 1810 2816 νεκροὺς

197 2849 456 2920 ἀνιστᾷν.

276 3152 357 3221 ς’.
386 3154 488 3208 “Av
516 3147 611 3206 οὖν
629 3167 713 3205 σοι
729 3149 912 3217 δείξω,
938 3150 1024 3204 δτι
1041 3147 1227 3220 πολλῷ
1243 3146 1435 3202 τούτου
1456 3146 1640 3217 μεῖζόν
1659 3147 1810 3202 ἑστιν

202 3258 401 3331 ἓτερον
435 3257 707 3330 χάρισμα,
740 3254 837 3310 καὶ
859 3254 982 3320 ἰξόν
1014 3270 1102 3307 σοι
1130 3250 1347 3318 λαϐεῖν,
1374 3251 1439 3306 ού
1484 3250 1806 3324 λαμϐάνων,

202 3354 437 3419 δικαίως
482 3353 580 3408 καὶ
628 3350 839 3406 τούτων
891 3348 1293 3420 ἀπεστέρησαι,
1341 3347 1394 3401 τί
1432 3348 1612 3418 ὲρεῖςς
1660 3348 1809 3420 Πλὴν

204 3452 369 3510 τοῦτο
400 3454 463 3507 τὸ
488 3451 740 3524 χάρισμα
769 3448 871 3521 οὐχ
892 3449 995 3515 ἑνὶ,
1033 3447 1155 3502 οὐδὲ
1182 3445 1447 3518 δευτέρῳ,
1471 3443 1612 3499 ἀλλά
1639 3446 1810 3499 πᾶσιν

206 3553 426 3620 ιξεστιν
460 3550 629 3621 ἔχειν.
654 3543 787 3602 Οἶδα
821 3547 904 3602 ὅτι
935 3550 1211 3618 κεχηνατε
1240 3544 1335 3599 καὶ
1359 3542 1729 3613 ἑξεπλάγητε,
1762 3543 1817 3596 εῖ

206 3670 275 3724 γε
310 3650 567 3723 μέλλοιτε
595 3646 953 3714 ἀκούσεσθαι,
977 3645 1062 3700 δτι
1092 3643 1304 3714 ἔξεστιν
1340 3643 1473 3714 ὑμῖν
1501 3640 1689 3715 μεῖζον
1714 3642 1812 3713 χάο

210 3766 390 3823 ρισμα
417 3746 565 3817 ἔχειν
593 3743 690 3799 τοῦ
718 3742 951 3815 νεκροὺς
974 3741 1225 3814 ἀνιστᾷν,
1248 3740 1345 3796 καὶ
1367 3738 1607 3810 τυφλοὺς
1630 3739 1811 3810 όμμα-

210 3844 364 3909 τοῦν,
392 3845 488 3898 καί
504 3844 689 3897 ικεῖνα
718 3842 896 3894 ποιεῖν
918 3837 956 3894 ά
980 3838 1076 3893 καὶ
1104 3836 1328 3891 ἐπὶτῶν
1354 3835 1694 3891 ἀποστόλων·
1717 3836 1813 3889 καὶ

209 3938 358 4013 τάχα
388 3938 484 3994 καὶ
512 3938 741 3994 άπιστον
764 3938 898 4008 ὑμῖν
930 3930 1073 3990 εῖναι
1108 3934 1276 3989 δοκεῖ.
1303 3933 1370 3988 Τί
1397 3928 1491 3987 οὖν
1511 3931 1670 3986 τοῦτό
1694 3932 1811 3985 ἐστι

209 4040 275 4094 τὸ
303 4037 587 4110 χάρισμας
625 4036 692 4089 Ἦ
734 4033 951 4105 ἀγάπη.
997 4031 1528 4102 Ἀλλάίπιστεύσατέ
1565 4046 1677 4102 μοι·
1708 4030 1812 4085 οὐκ

210 4138 349 4211 ὲμὸς
382 4137 492 4207 7&9
522 4130 678 4199 οὗτος
697 4136 726 4189 6
756 4134 936 4202 λόγος,
971 4132 1110 4186 ἀλλά
1138 4129 1236 4186 τοῦ
1265 4128 1507 4203 Χριστοῦ
1532 4129 1623 4184 διά
1657 4128 1811 4183 Παύ-

210 4238 314 4292 λου
338 4234 741 4307 φθεγγομένου.
777 4233 847 4287 Τί
887 4233 997 4302 γάρ
1028 4248 1163 4303 φησι
1188 4247 1204 4298 ;
1233 4230 1502 4299 Ζηλοῢτε
1536 4229 1611 4285 τὰ
1644 4230 1813 4299 χαρί-

211 4349 421 4405 σματα
442 4332 517 4386 τὰ
546 4331 878 4401 κρείττονα,
907 4329 1003 4384 καί
1027 4328 1117 4383 ἔτι
1140 4326 1273 4384 καθ’
1296 4325 1645 4397 ὑπερϐολὴν
1664 4326 1813 4383 ὁδὸν

212 4429 361 4501 ὑμῖν
385 4427 680 4494 δείκνυμι.
712 4424 779 4478 Ti
806 4426 978 4489 εστιν,
1017 4426 1147 4479 Ἔτι
1172 4426 1302 4478 καθ’
1324 4422 1707 4493 ὑπερϐωῖήη
1742 4425 1809 4476 ὐ

215 4523 337 4600 [56]
364 4525 516 4592 λέγει
554 4520 803 4576 τοιοῦτόν
838 4522 954 4576 ἔστι
977 4538 993 4555 ·
1029 4521 1309 4593 Κορίνθιοι
1363 4520 1508 4592 μέγα
1540 4519 1808 4591 ἐφρόνουν

211 4622 313 4677 ἀπὶ
344 4623 461 4685 τοῖς
487 4618 800 4691 χαρίσμασι
817 4618 964 4684 τότε,
996 4617 1093 4671 καὶ
1118 4617 1171 4671 οί
1200 4617 1422 4688 ἔχοντες
1450 4615 1729 4685 γλώσσας,
1746 4614 1808 4669 τὸ

212 4720 503 4793 ἐλάχιστον
560 4718 834 4791 χάρισμα.
862 4715 1191 4786 έφυσιοῦντο
1240 4716 1385 4771 κατά
1431 4715 1541 4769 τῶν
1576 4714 1805 4772 λοιπῶν.

212 4818 383 4886 Λέγει
416 4810 531 4869 οὖν·
559 4813 742 4880 ὀλως
778 4813 967 4869 θέλετε
1000 4813 1355 4885 χαρίσματας
1412 4811 1524 4882 ἐγὼ
1556 4811 1809 4884 δείκνυμι

214 4914 349 4983 ὑμῖν
395 4913 516 4966 όδὸν
557 4910 941 4983 χαρισμάτων,
994 4911 1095 4981 οὐχ
1154 4907 1347 4973 άπλῶς
1404 4907 1807 4979 ὑπερέχουσαν,

212 5008 353 5065 ἀλλά
386 5009 511 5062 καθ’
534 5006 862 5079 ὑπερϐολήν.
888 5002 1027 5063 Εῐτά
1055 5022 1244 5077 φησιν,
1279 5004 1417 5061 Ἐὰν
1444 5002 1577 5071 ταῖς
1608 5004 1808 5074 γλώσ-

213 5121 362 5174 σαις
388 5104 509 5160 τῶν
531 5104 805 5175 ἀγγέλων
831 5102 1024 5166 λαλῶ,
1058 5102 1308 5174 ἀγάπην
1333 5102 1401 5157 δὲ
1424 5101 1509 5171 μὴ
1544 5100 1684 5170 ἔχω,
1706 5102 1811 5156 οὐ·

214 5203 330 5260 δέν
350 5206 469 5275 ειμι
496 5220 513 5235 ·
552 5202 653 5257 καί
676 5203 785 5257 ἐὰν
802 5202 922 5271 ἔχω
949 5200 1180 5265 πίστιν,
1216 5199 1374 5255 ὥστε
1392 5201 1500 5267 ὅρη
1528 5199 1813 5269 μεθιστάρ

213 5321 371 5370 νειν,
406 5301 652 5373 ἀγάπην
693 5300 763 5356 δὲ
807 5300 895 5371 μὴ
935 5300 1075 5370 ἔχω,
1126 5298 1311 5354 οὐδέν
1356 5299 1494 5367 είμι.
1526 5295 1682 5362 Είδες
1711 5297 1812 5370 χά-

218 5417 431 5474 ρισμα;
462 5397 673 5454 Οὐκοῦν
701 5397 947 5470 ζήλωσον
969 5396 1127 5452 τοῦτο
1145 5398 1207 5449 τὸ
1230 5396 1500 5467 χάρισμα.
1523 5396 1695 5453 Τοῦτο
1713 5396 1811 5453 τοῦ

215 5495 453 5568 νεκροὺς
474 5495 713 5567 ἀγείρειν
741 5493 929 5565 μεῖζον
952 5511 966 5526 ·
997 5493 1158 5548 τοῦτο
1190 5492 1302 5546 τῶν
1329 5493 1507 5548 ἀλλων
1554 5495 1813 5550 ἀπάντων

218 5591 405 5664 πολλῷ
440 5591 672 5663 βέλτιον.
697 5592 810 5647 Καὶ
836 5592 921 5646 ὅτι
974 5591 1138 5646 τοῦτο
1186 5588 1363 5655 οὕτως
1394 5590 1533 5664 ἔχει,
1580 5593 1814 5648 ἄκουσον

216 5691 273 5744 τί
311 5706 481 5761 φησιν
515 5690 546 5742 ό
598 5687 836 5762 Χριστὸς
888 5692 1004 5755 τοῖς
1052 5689 1325 5761 μαθηταῖς
1370 5690 1762 5763 διαλεγόμενος
1792 5706 1809 5724 ⁸

230 5789 338 5845 Ἔν
381 5789 573 5855 τούτῳ
614 5789 952 5861 γνώσονται
992 5790 1239 5857 πάντες,
1262 5790 1355 5845 ὅτι
1398 5790 1531 5861 ἐμοί
1552 5794 1814 5861 μαθηταί

218 5885 390 5954 ἐστε,
402 5885 523 5942 ἐὰν
537 5886 807 5960 ἀγαπᾶτε
826 5887 1163 5954 ἀλλήλους.
1190 5884 1322 5943 Εἶτα
1338 5887 1555 5951 δεικνὺς
1576 5888 1636 5943 έν
1652 5889 1810 5961 ποίῳ,

216 5984 319 6040 οὐκ
350 5978 477 6040 εἷπε
501 5984 568 6039 τά
600 5984 877 6056 θαύματα,
907 5985 1042 6041 ἀλλὰ
1062 5986 1115 6041 1!
1142 6005 1155 6052 ;
1193 5985 1338 6043 Ἐὰν
1360 5986 1604 6057 ἀγάπην
1630 5988 1812 6059 ἔχητε

1913 501 1985 555 ἐν
2034 502 2358 585 ἀλλήλοιςτ
2398 505 2510 558 Καὶ⁸
2566 503 2732 559 πάλιν
2764 505 2903 579 πρὸς
2932 505 3027 561 τὸν
3058 509 3281 583 Πατέρα
3316 511 3486 587 φησίν
3510 531 3533 550 ο

1929 600 2038 653 Ἐν
2062 601 2254 669 τούτῳ
2281 601 2645 673 γνώσονται,
2673 603 2764 659 ὅτι
2792 606 2873 659 σύ
2893 623 2970 677 με
3000 608 3393 680 ἀπέστειλας,
3419 613 3533 668 ἐὰν

1922 693 2079 754 ὦσιν
2102 699 2192 755 ἐν.
2221 701 2335 756 Καὶ
2358 701 2527 765 αὐτὸς
2550 702 2709 770 ἔλεγε
2741 702 2879 776 πρὸς
2903 704 3034 769 τοῦς
3066 707 3319 778 μαθητάς
3347 726 3363 742 ο
3407 710 3531 765 Ἐν.

1913 797 2109 866 τολὺν
2150 798 2373 867 καινὴν
2409 797 2622 868 δίδωμι
2653 798 2819 869 ὑμῖν,
2857 801 2959 855 Ira
3013 802 3285 873 ἀγαπᾶτε
3335 806 3529 869 ἀλλή-

1916 899 2097 962 λους.
2138 896 2261 951 Τῶν
2294 897 2479 953 τοίνυν
2503 900 2635 964 τοὺς
2665 904 2897 972 νεκροὺς
2930 902 3283 958 ἀνιστώντων
3330 910 3532 976 σεμνό-

1917 1011 2079 1065 τερος
2103 998 2131 1049 ὀ
2153 995 2400 1059 τοιοῦτος
2435 997 2534 1051 καὶ
2559 997 2951 1071 λαμπρότερος
2978 1016 2994 1031 ο
3024 1000 3276 1065 είκότως.
3320 1004 3532 1058 Ἐκεῖνο

1921 1092 2029 1165 μὶν
2066 1092 2180 1165 7&9
2237 1093 2361 1148 ὅλον
2392 1092 2492 1165 τῆς
2536 1092 2636 1147 τοῦ
2670 1093 2809 1148 Θεοῦ
2848 1096 3074 1170 χάριτός
3106 1099 3248 1166 ἔστι,
3282 1098 3443 1155 τοῦτο
3470 1100 3530 1155 δὲ

1918 1190 2158 1261 καὶτῆς
2216 1192 2318 1260 σῆς
2383 1191 2647 1264 σπουδῆς.
2698 1193 2872 1248 Τοῦτο
2918 1195 3091 1261 ὅντως
3142 1198 3479 1269 Χριστιανοῦ
3510 1218 3525 1231 ·

1918 1286 2085 1341 τοῦτο
2108 1287 2354 1342 δείκνυσι
2378 1288 2473 1343 τὸν
2504 1288 2600 1342 τοῦ
2626 1290 2867 1361 Χριστοῦ
2901 1292 3179 1364 μαθητὴν,
3212 1295 3304 1349 τὸν
3324 1297 3527 1351 έσταυ-

1918 1384 2189 1459 ρωμένον,
2226 1385 2319 1439 τὸν
2340 1385 2499 1440 οὐδὲν
2525 1385 2725 1458 έχοντα
2746 1388 2927 1442 κοινὸν
2965 1391 3023 1441 ὲν
3074 1392 3142 1462 τῇ
3175 1393 3248 1462 γῇ
3277 1407 3290 1421 ·
3330 1392 3527 1446 τούτου

1916 1481 2095 1552 χωρὶς
2141 1481 2264 1535 οὐδὲ
2307 1480 2616 1554 μαρτύριον
2676 1482 2963 1553 ὠφελῆσαί
3016 1501 3071 1539 τι
3120 1486 3366 1541 δύναται.
3416 1488 3528 1541 Καὶ

1919 1583 2011 1636 ῖνα
2045 1580 2245 1654 μάθῃς,
2296 1581 2400 1652 ὅρα
2451 1580 2617 1636 τοῦτο
2666 1581 2860 1650 σαφῶς
2886 1598 2901 1610 '
2938 1580 3101 1635 ἔλασε
3132 1582 3226 1636 δύο
3278 1586 3527 1656 κορυφὰς

1916 1680 2132 1753 ἀρετῶν
2168 1681 2196 1734 ό
2226 1681 2503 1752 μακάριος
2539 1680 2780 1747 Παῦλος,
2811 1680 3018 1752 μᾶλλον
3052 1681 3111 1735 δὲ
3138 1684 3312 1754 τρεῖς,
3337 1683 3437 1749 τάς
3465 1685 3527 1739 ὲν

1914 1781 2031 1842 τοῖς
2066 1778 2339 1850 σημείοις,
2381 1780 2481 1843 τὰς
2524 1780 2584 1835 έν
2626 1782 2696 1851 τῇ
2744 1779 2970 1849 γνώσει,
3006 1780 3109 1843 τὰς
3152 1781 3213 1834 ὲν
3254 1779 3337 1851 τῷ
3374 1781 3477 1854 βιῳ
3505 1797 3523 1813 ο

1915 1878 2013 1933 καὶ
2060 1876 2270 1948 ταύτης
2304 1877 2435 1933 ἀνευ
2480 1875 2637 1931 οὐδὲν
2667 1875 2875 1948 ἔφησεν
2898 1872 3044 1931 εἶναι
3080 1875 3281 1932 ταῦτα.
3313 1877 3439 1942 Πῶς
3466 1878 3525 1933 δὲ

1914 1974 2073 2029 οὐδέν
2101 1976 2222 2028 ἑστι
2266 1974 2468 2041 ταῦτα,
2512 1973 2626 2045 ἐγὼ
2672 1974 2839 2043 λέγω’
2909 1973 3057 2029 Ἐὰν
3093 1976 3350 2045 ψωμίσω
3375 1994 3525 2046 μου,

1916 2074 2073 2145 φησι,
2138 2073 2215 2128 τὰ
2241 2072 2619 2142 ὑπάρχοντα,
2655 2072 2906 2142 ἀγάπην
2932 2072 3002 2126 δὲ
3038 2072 3126 2143 μὴ
3158 2072 3301 2143 ἔχω,
3343 2072 3528 2129 οὐδέν

1914 2174 2053 2241 ειμι.
2090 2172 2251 2226 Ἔστι
2292 2171 2403 2243 7&9
2449 2169 2546 2224 καὶ
2572 2169 2897 2241 ψωμίζοντα
2934 2168 3011 2241 μὴ
3048 2166 3191 2224 εἶναι
3242 2170 3527 2241 ἀγαπητι-

1916 2268 2037 2334 κὸν,
2069 2269 2165 2322 καὶ
2206 2270 2470 2339 χρήματα
2516 2266 2807 2322 κενοῦντα.
2845 2267 2959 2320 Καὶ
2986 2266 3209 2339 εἴρηται
3257 2266 3360 2338 μὲν
3390 2268 3525 2339 ημῖν

1913 2366 2089 2421 ταῦτα
2123 2365 2443 2439 ἀρκούντως
2464 2365 2523 2421 ιν
2553 2365 2633 2438 τῷ
2670 2364 2826 2437 τόπῳ
2853 2364 2933 2436 τῷ
2963 2366 3096 2435 περὶ
3134 2365 3236 2437 τῆς
3273 2364 3522 2438 ἀγάπης,

1914 2464 2080 2518 κάκεῖ
2127 2462 2585 2535 παραπέμπομεν
2636 2463 2769 2526 τοὺς
2828 2463 3270 2533 ἐντυγχάνοντας
3325 2480 3339 2495 ·
3382 2463 3525 2529 τέως

1911 2562 1991 2627 δὲ,
2017 2562 2159 2634 ὅπερ
2188 2561 2351 2634 ἔφην,
2392 2559 2735 2631 ζηλώσωμεν
2759 2560 2822 2613 τὸ
2873 2560 3152 2633 χάρισμα,
3208 2562 3522 2633 ἀγαπήσω-

1916 2677 2017 2732 μεν
2046 2659 2337 2732 ἀλλήλους,
2371 2660 2465 2713 καὶ
2494 2658 2714 2723 οὐδενὸς
2742 2658 2939 2729 ἐτέρου
2962 2657 3352 2731 δεηθησόμεθα
3378 2658 3523 2731 πρὸς

1910 2761 2012 2831 τὴν
2045 2759 2145 2831 τῆς
2169 2758 2375 2830 ἀρετῆς
2399 2756 2767 2827 κατόρθωσιν,
2793 2755 2935 2812 ἀλλά
2966 2755 3149 2811 πάντα
3176 2758 3311 2828 ἡμῖν
3355 2756 3522 2813 ἔσται

1912 2854 2113 2910 εὔκολα
2151 2855 2327 2926 χωρὶς
2375 2853 2644 2926 ίδρώτων,
2685 2853 2786 2909 καὶ⁸
2813 2855 3036 2909 ᾶπαντα
3089 2854 3523 2928 κατορθώσομεν

1914 2953 2056 3027 μετὰ
2091 2952 2295 3023 πολλῆς
2331 2950 2433 3023 τῆς
2462 2951 2728 3022 σπουδῆς.
2771 2950 2916 3006 Ἀλλ’
2951 2952 3064 3007 ἰδοὺ
3105 2955 3203 3008 καὶ
3236 2952 3354 3021 νῦν,
3408 2952 3521 3026 φηὲ

1914 3053 2023 3119 σὶν,
2054 3049 2367 3123 ἀγαπῶμεν
2413 3049 2683 3120 ἀλλήλους
2734 3067 2751 3084 ο
2799 3052 2831 3105 6
2887 3052 2988 3124 μὲν
3017 3050 3130 3123 γὰρ
3159 3051 3277 3124 ἕχει
3330 3053 3523 3124 φίλους

1910 3148 2027 3217 δύο,
2059 3150 2093 3221 ἢ
2149 3152 2320 3222 τρεῖς,
2361 3146 2535 3221 [5716
2589 3148 2651 3202 δὲ
2684 3148 2982 3222 τέτταρας.
3036 3150 3200 3205 Ἀλλά
3233 3150 3395 3206 τοῦτο
3419 3151 3522 3205 οὐκ

1912 3250 2032 3305 ἐστι
2064 3248 2155 3303 διὰ
2175 3247 2270 3303 τὸν
2294 3248 2430 3303 Θεὸν
2456 3249 2706 3320 ἀγαπᾷν,
2738 3248 2879 3303 ἀλλὰ
2902 3249 2993 3304 διά
3013 3250 3074 3304 τὸ
3106 3249 3388 3319 φιλεῖσθαι
3414 3266 3429 3281 ο
3458 3252 3523 3305 τὸ

1911 3349 1970 3404 δὲ
1998 3347 2090 3403 διὰ
2113 3348 2206 3403 τὸν
2249 3346 2386 3402 Θεὸν
2428 3346 2679 3418 ἀγαπᾷν,
2710 3346 2773 3399 ού
2804 3346 3014 3420 ταύτην
3043 3347 3162 3420 ἔχει
3189 3347 3291 3421 τὴν
3342 3347 3521 3422 ἀρχὴν

1912 3461 2011 3530 τῆς
2034 3459 2280 3529 ἀγάπης,
2312 3456 2451 3513 ἀλλά
2484 3456 2625 3530 πρὸς
2668 3456 2909 3525 πάντας,
2944 3457 3021 3523 ὡς
3054 3458 3193 3531 πρὸς
3221 3460 3519 3531 ἀδελφοὺς,

1914 3560 1944 3613 6
1988 3557 2235 3621 τοιοῦτος
2292 3554 2658 3623 διακείσεται,
2694 3556 2824 3619 τοὺς
2876 3556 2976 3628 μὶν
3023 3557 3382 3629 όμοπίστους,
3422 3559 3522 3615 ἀτε

1913 3657 2176 3731 γνησίους
2202 3655 2365 3720 ὄντας
2392 3653 2687 3725 ἀδελφοὺς,
2729 3654 2923 3726 φιλῶν,
2952 3657 3082 3721 τοὺς
3112 3656 3172 3711 δὲ
3201 3660 3522 3730 αίρετικοῦς

1914 3756 2011 3811 καὶ
2046 3753 2323 3825 ’Έλληνας
2353 3752 2450 3806 καὶ
2490 3750 2807 3818 Ἰουδαίους,
2830 3752 2907 3815 ῶς
2930 3751 3205 3823 ἀδελφοὺς
3240 3753 3342 3825 μιν
3374 3755 3523 3810 κατά

1912 3853 2013 3926 τὴν
2044 3853 2233 3921 φύσιν,
2268 3848 2516 3920 φαύλους
2552 3848 2611 3902 δὲ
2644 3849 3021 3920 τυγχάνοντας
3051 3853 3150 3903 καὶ
3178 3850 3519 3923 ἀχρήστους.

1913 3950 2107 4017 ἀλεῶν,
2141 3950 2239 4005 καὶ
2272 3948 2581 4019 τηκόμενος
2607 3948 2752 4019 ὑπὲρ
2784 3947 2970 4001 αὐτῶν
2989 3949 3086 4002 καὶ
3110 3946 3392 4022 δακρύων.
3431 3950 3525 4004 Ἐν

1912 4049 2296 4121 τούτῳδμοιοι
2326 4016 2585 4118 ⁷ισόμεθα
2612 4046 2693 4117 τῷ
2720 4016 2867 4116 Θεῷ,
2902 4045 2999 4101 έάν
3045 4016 3259 4111 πάντές
3287 4047 3523 4115 ἀγαπῶ-

1917 4169 2039 4225 μεν,
2099 4150 2198 4205 καὶ
2240 4150 2372 4210 τοὺς
2424 4147 2681 4218 ὶχθροὺς,
2710 4147 2816 4200 οὐκ
2850 4145 2947 4201 εὰν
2995 4148 3202 4219 σημεῖα
3246 4145 3520 4218 ποιῶμεν.

1926 4252 2082 4307 Ἐπεὶ
2110 4252 2208 4306 καὶ⁵
2251 4248 2346 4305 τὸν
2369 4246 2507 4301 Θεὸν
2535 4245 2903 4317 θαυμάζομεν
2936 4245 3037 4317 μὲν
3079 4245 3177 4300 καὶ
3204 4245 3340 4300 ὅταν
3388 4244 3523 4301 θαύ-

1916 4368 2066 4426 ματα
2112 4347 2445 4420 ὲργάξηται,
2479 4344 2665 4415 πολλῷ
2720 4344 2778 4399 δὲ
2810 4344 2999 4410 πλέον,
3045 4344 3177 4399 ὅταν
3207 4344 3523 4417 φιλανθρω-

1916 4450 2177 4522 πεύηται,
2227 4447 2359 4501 ὅταν
2412 4443 2743 4515 ἀνεξικακῇ.
2789 4442 2855 4498 Εἰ
2903 4442 3088 4497 τοίνυν
3140 4442 3235 4496 καί⁸
3294 4443 3387 4495 ἐπὶ
3418 4440 3519 4496 τοῦ

1916 4550 2052 4605 Θεοῦ
2081 4549 2262 4603 έκεῖνο
2287 4543 2490 4600 πολλοῦ
2540 4542 2827 4614 θαύματος
2873 4541 3047 4609 ἀξιον,
3094 4539 3281 4613 πολλῷ
3314 4541 3520 4612 μᾶλλον

1914 4648 2002 4703 ἐπ’
2034 4643 2344 4719 ἀνθρώπων
2371 4642 2595 4715 εὔδηλον
2629 4653 2655 4683 ι
2685 4642 2768 4695 δτι
2798 4639 2960 4695 τοῦτο
2986 4641 3135 4712 ἡμᾶς
3166 4640 3521 4713 θαυμαστοὺς

1914 4749 2322 4824 ἀπεργάζεται.
2357 4745 2534 4803 Τοῦτο
2583 4744 2766 4799 τοίνυν
2797 4742 3137 4817 ζηλώσωμεν
3182 4761 3198 4776 ·
3234 4745 3333 4798 καὶ
3368 4746 3521 4800 Παύ-

1912 4855 2008 4908 λου
2066 4852 2165 4907 καὶ
2219 4850 2434 4923 Πέτρου
2489 4847 2588 4903 καὶ
2646 4846 2759 4901 τῶν
2812 4846 3048 4919 μυρίους
3088 4846 3522 4911 ἀναστησάντων

1913 4951 2145 5025 νεκροὺς
2175 4949 2331 5005 οὐδὲν
2372 4948 2599 5002 ἔλαττον
2633 4946 2855 5017 ἕξομεν,
2888 4947 2995 5000 κᾶν
3041 4945 3283 5019 πυρετὸν
3315 4948 3523 5005 ἀπελά-

1916 5069 2007 5107 σαι
2038 5049 2115 5123 μὴ
2141 5046 2431 5119 δυνώμεθα
2464 5062 2478 5077 ο
2508 5045 2728 5114 ἐκείνης
2755 5042 2814 5097 δὲ
2840 5042 3036 5118 χωρὶς,
3064 5043 3170 5098 κάν
3194 5044 3378 5101 αὐτῶν
3408 5046 3521 5101 τῶν

1914 5148 2233 5204 ἀποστόλων
2289 5143 2516 5217 μείζονα
2560 5142 2944 5214 ἐργασώμεθά
2984 5145 3214 5213 σημεῖα,
3256 5145 3362 5198 κᾶν
3409 5163 3515 5217 μυ-

1919 5237 2055 5321 ρίοις
2080 5244 2352 5308 κινδύνοις
2388 5243 2621 5306 ἑαυτοὺς
2657 5240 2801 5313 ὑπὲρ
2841 5240 2945 5311 τῆς
2980 5242 3222 5307 πίστεως
3265 5246 3521 5317 nam“-

1913 5347 2118 5418 λωμεν,
2152 5344 2308 5399 οὐδὲν
2337 5343 2471 5414 ἡμῖν
2503 5341 2659 5396 ἔσται
2691 5340 2909 5411 ὄφελος.
2936 5340 3047 5395 Καὶ
3079 5341 3256 5397 ταῦτα
3282 5348 3386 5399 οὐκ
3407 5344 3520 5415 ἑγὼ

1915 5445 2083 5514 λέγω,
2112 5441 2230 5497 ἀλλ’
2256 5441 2421 5505 αὐτὸς
2449 5442 2479 5494 6
2507 5440 2607 5503 τῆς
2638 5440 2864 5509 ἀγάπης
2892 5439 3168 5510 τρόφιμος
3198 5440 3374 5496 ταῦτα
3395 5442 3521 5498 έπί-

1918 5559 2151 5599 σταται·
2182 5540 2383 5611 ὲκείνῳ
2404 5540 2589 5593 τοίνυν
2631 5536 2980 5606 πειθώμεθα.
3014 5538 3181 5595 Οὕτω
3208 5539 3319 5613 γάρ
3354 5540 3523 5615 δυνη-

1918 5641 2130 5714 σόμεθα
2172 5640 2456 5709 ἐπιτυχεῖν
2487 5636 2597 5691 τῶν
2655 5636 3097 5708 ἐπηγγελμένων
3134 5639 3363 5709 ἀγαθῶν
3392 5656 3410 5674 ο
3439 5632 3519 5697 ὧν

1916 5740 2132 5811 γένοιτο
2182 5739 2394 5801 πάντας
2424 5736 2575 5808 ἡμᾶς
2610 5738 2930 5808 μετασχεῖν,
2964 5736 3152 5808 χάριτι
3197 5737 3293 5793 καὶ
3327 5737 3522 5809 φιλανι

1982 5992 1999 6017 ⁸
2022 5992 2243 6043 Danaen:
2264 6004 2325 6039 ex
2357 5989 2599 6055 llmiauo,
2621 5992 2727 6041 ὅθεν
2757 5989 2956 6051 εὔδηλον
