4020 6402
143 406 210 461 57
1043 413 1107 468 IN
1151 413 1363 469 El'IST.
1408 411 1501 465 AD
1543 410 1712 466 llEIlll

1828 408 1907 464 )S.
1952 407 2108 463 CAP.
2134 406 2195 465 11.
2224 406 2457 465 1101111..
2489 406 2581 466 IV.
3363 412 3433 472 3.1

129 535 394 593 mns.pro
423 521 549 588 lide,
584 521 738 577 nobis
791 519 922 575 nihil
972 522 1213 592 prodest.
1246 522 1315 576 Et
1346 521 1461 579 hcce
1486 538 1591 578 non
1623 540 1725 594 ego

126 611 268 675 dico,
322 610 418 666 sed
464 610 582 667 hac
626 612 740 681 ipse
788 611 890 665 scit
928 612 1131 680 quiest
1168 613 1419 668 alumnus
1445 615 1722 671 caritatis:

128 702 204 756 illi
233 717 368 773 ergo
391 716 698 773 pareamus.
724 701 813 757 Sic
842 703 988 757 enim
1018 702 1319 772 poterimus
1342 704 1556 774 assequi
1582 704 1721 761 bona

128 792 399 862 promissa
429 810 444 847 :
473 805 594 863 quae
623 789 843 863 quidem
872 790 1033 847 detur
1058 791 1216 847 nobis
1242 793 1499 849 omnibus
1523 808 1721 852 conse-

128 1113 257 1167 ευ.
290 1112 346 1166 2.
380 1129 433 1167 ν.
462 1111 517 1170 5.
551 1113 674 1170 Non
716 1115 851 1169 enim
883 1115 1083 1187 angelis
1127 1114 1339 1181 subiecit
1390 1112 1526 1169 Deus
1555 1113 1728 1169 orbem

202 1213 359 1259 terra
384 1207 638 1276 futurum,
661 1207 725 1259 de
767 1221 867 1276 quo
896 1206 1171 1277 loquimur.
1191 1205 1249 1261 6.
1271 1204 1506 1259 Testatus
1532 1214 1604 1259 est
1630 1221 1723 1259 au-

201 1306 304 1352 tem
332 1296 386 1351 in
407 1296 628 1367 quodam
651 1297 764 1351 loco
783 1298 916 1367 quis,
935 1297 1107 1352 dicens
1127 1312 1147 1350 :
1166 1296 1304 1364 Quid
1327 1305 1397 1350 est
1419 1296 1570 1350 homo
1590 1296 1728 1366 quod

200 1401 394 1439 memor
428 1403 480 1441 es
520 1388 678 1457 ejus?
729 1397 818 1439 aut
862 1387 1002 1456 ﬁlius
1032 1387 1254 1440 hominis
1287 1387 1530 1457 quoniam
1554 1387 1728 1440 aisitas

198 1493 318 1530 eum
339 1478 367 1532 !
406 1477 458 1531 7.
505 1475 745 1531 Minuisti
770 1494 884 1533 eum
912 1478 1067 1548 paulo
1112 1481 1282 1532 minus
1311 1478 1376 1532 ab
1407 1477 1625 1549 angelis.

200 1654 257 1708 I.
289 1653 495 1711 Vellem
522 1666 709 1726 aperte
750 1655 913 1723 scire,
942 1672 1009 1711 an
1039 1655 1201 1727 aliqui
1229 1671 1352 1711 cum
1382 1670 1450 1712 eo
1494 1670 1602 1726 quo
1628 1671 1724 1726 par

125 1756 209 1804 est
253 1748 435 1804 studio
464 1748 681 1804 audiant
707 1764 833 1820 qua:
873 1749 1147 1813 dicuntur,
1176 1762 1246 1804 ne
1285 1749 1438 1819 juxta
1472 1749 1609 1802 viam
1636 1748 1725 1819 ja-

123 1841 335 1894 ciamus
384 1840 591 1895 semina
638 1857 652 1893 :
705 1841 786 1895 sic
832 1841 975 1896 enim
1028 1841 1429 1911 promptioriet
1472 1841 1722 1896 alacriuri

124 1932 313 1987 animo
334 1931 672 1989 traderemus
693 1932 1015 1989 doctrinam.
1050 1935 1301 1990 Dicemus
1323 1938 1491 2001 enim,
1506 1935 1719 1990 etiamsi

124 2037 289 2077 nemo
319 2022 523 2087 audiat,
567 2033 791 2094 propter
832 2035 1059 2089 metum,
1090 2025 1181 2096 qui
1229 2026 1507 2096 impendet
1532 2042 1562 2080 a
1590 2026 1724 2083 Ser-

125 2126 334 2171 vatore.
381 2114 700 2172 Contestare
730 2117 897 2184 enim,
932 2118 1125 2189 inquit,
1161 2118 1287 2174 huic
1315 2120 1513 2190 populo
1548 2129 1644 2175 :ct
1671 2120 1716 2174 si

124 2220 231 2260 non
279 2205 571 2273 audierint,
600 2206 717 2277 ipse
746 2221 853 2263 non
883 2209 992 2264 eris
1018 2209 1193 2279 eulpae
1219 2208 1416 2264 afﬁnis.
1449 2210 1508 2266 Si
1534 2218 1717 2267 autem

124 2294 253 2349 mihi
284 2304 437 2351 esset
463 2310 781 2366 persuasum
815 2298 883 2353 de
910 2308 1093 2354 vestro
1129 2299 1310 2355 studio
1335 2307 1390 2355 et
1415 2300 1714 2371 diligentia,

124 2401 228 2441 non
260 2392 439 2443 solum
474 2387 712 2444 dicerem
762 2399 986 2460 propter
1031 2399 1255 2457 metum,
1278 2391 1374 2448 sed
1421 2390 1524 2448 hoc
1554 2390 1717 2447 etiam

123 2478 361 2535 iacerem
406 2494 531 2535 cum
578 2481 870 2551 voluptate.
919 2480 1074 2537 Nunc
1098 2483 1266 2549 enim,
1294 2482 1509 2539 etiamsi
1554 2496 1718 2539 nemo

120 2572 340 2640 audiat,
372 2571 587 2628 etiamsi
636 2588 723 2629 res
769 2574 898 2629 mibi
930 2576 1001 2631 sit
1040 2575 1245 2646 absque
1276 2576 1513 2647 periculo
1568 2591 1718 2633 meas

121 2672 302 2731 partes
335 2662 607 2732 implenti,
635 2664 729 2718 sed
762 2674 939 2721 tamen
987 2665 1193 2736 absque
1241 2667 1516 2738 voluptate
1566 2669 1719 2724 labor

118 2753 433 2822 suscipitur.
464 2751 597 2807 Nam
625 2754 753 2824 quid
785 2755 1030 2825 prodest,
1062 2756 1277 2827 quando
1309 2757 1361 2812 in
1388 2772 1477 2813 me
1502 2758 1717 2829 quidem

121 2843 261 2898 nulla
301 2843 578 2899 confertur
611 2845 792 2916 culpa,
827 2861 986 2902 nemo
1011 2858 1191 2903 autem
1224 2850 1486 2919 juvatur?
1527 2850 1582 2907 Si
1626 2852 1717 2921 qui

120 2944 305 2991 autem
351 2937 465 2992 sint
492 2936 732 2993 animum
765 2938 1081 3004 adhibituri.
1111 2957 1223 2998 non
1276 2952 1479 2999 tantam
1530 2944 1717 3016 capie-

115 3044 234 3083 mus
264 3028 552 3085 utilitatem
590 3044 657 3085 ex
693 3045 761 3086 eo
788 3030 931 3102 quod
960 3048 1066 3087 non
1108 3035 1415 3103 puniamur,
1455 3045 1715 3107 quantum

114 3136 176 3174 ex
210 3132 397 3176 vestro
422 3120 687 3191 proiectu.
713 3122 994 3191 Quomodo
1018 3139 1149 3196 ergo
1176 3126 1281 3184 hoc
1319 3129 1488 3184 sciam
1514 3130 1537 3182 ?
1578 3129 1715 3187 Cum

112 3213 474 3269 observavero
501 3228 567 3269 ex
600 3216 755 3271 vobis
782 3215 993 3286 aliquos
1022 3218 1112 3288 qui
1143 3234 1250 3274 non
1295 3221 1534 3277 animum
1563 3223 1719 3279 adbi-

109 3304 292 3373 beant,
340 3315 470 3362 tunc
500 3320 744 3363 seorsum
775 3308 1105 3365 conveniens
1150 3327 1247 3367 eos
1292 3314 1536 3386 rogabo;
1583 3318 1711 3373 etsi

108 3397 369 3453 invenero
400 3398 700 3454 retinentes
725 3399 903 3470 aliqua
923 3415 988 3456 cx
1015 3402 1081 3457 iis
1103 3418 1222 3473 qua:
1253 3404 1398 3460 dicta
1427 3414 1571 3471 sunt,
1604 3424 1711 3463 non

106 3487 229 3542 dico
269 3488 489 3553 omnia;
537 3503 644 3544 nou
675 3499 760 3545 est
785 3491 928 3545 enim
960 3491 1065 3548 hoc
1095 3495 1247 3549 vobis
1280 3496 1475 3565 facile;
1501 3500 1596 3554 sed
1628 3502 1711 3556 vel

106 3596 276 3648 pauca
320 3596 385 3636 ex
436 3582 639 3649 multis,
684 3593 768 3639 est
816 3586 1159 3656 perspicuum
1204 3589 1348 3659 quod
1388 3591 1458 3647 de
1496 3595 1710 3649 caeteris

104 3682 289 3739 postea
321 3688 429 3727 non
456 3672 732 3729 dubitabo.
769 3676 834 3730 Et
862 3679 1147 3746 oportebat
1172 3680 1390 3750 quidem
1432 3700 1552 3749 nos,
1576 3700 1699 3742 cum

102 3778 206 3825 non
239 3764 700 3834 praedixissemus,
735 3782 801 3822 ex
832 3768 1125 3838 improviso
1156 3786 1251 3826 vos
1281 3775 1502 3844 aggredi
1535 3794 1548 3831 :
1583 3794 1690 3834 c.e-

102 3865 276 3911 terum
322 3868 539 3927 gratum
590 3859 713 3924 erit,
766 3845 810 3913 si
867 3861 950 3915 vel
981 3862 1060 3917 sic
1118 3865 1391 3932 possimus
1441 3873 1699 3941 assequi;

102 3947 209 4003 imo
238 3962 373 4002 vero
423 3949 502 4003 sic
531 3964 747 4019 quoque
791 3965 1009 4020 possum
1041 3969 1138 4007 vos
1190 3954 1435 4013 incautos
1462 3964 1703 4032 aggredi.

100 4036 231 4093 Nam
286 4039 516 4109 praedixi
554 4041 771 4111 quidem
793 4043 938 4111 quod
983 4059 1080 4100 vos
1104 4047 1204 4101 sim
1240 4049 1699 4123 interrogaturus:

99 4129 316 4199 quando
363 4141 547 4185 autem
598 4133 697 4186 sim
731 4132 1187 4205 interrogaturus,
1222 4140 1462 4196 nondum
1494 4146 1700 4213 aperio.

101 4219 257 4275 Forte
310 4222 455 4274 enim
509 4221 695 4287 hodie,
759 4224 894 4277 forte
940 4240 1099 4291 cras,
1153 4227 1289 4283 forte
1342 4241 1520 4287 autem
1579 4247 1699 4303 post

105 4312 293 4383 viginti
328 4321 419 4367 aut
452 4314 667 4385 triginta
705 4314 841 4381 dies,
869 4315 1007 4373 forte
1043 4328 1223 4375 autem
1253 4332 1375 4392 post
1400 4324 1709 4394 pauciores.

103 4404 236 4460 forte
268 4414 455 4461 autem
492 4416 613 4477 post
640 4408 843 4479 plures.

171 4494 361 4549 Hortis
409 4505 605 4565 tempus
643 4514 737 4551 cur
770 4501 913 4557 nobis
956 4507 1203 4559 incertum
1226 4506 1310 4559 sit.
1334 4535 1402 4546 -—-
1430 4505 1518 4562 Sic
1546 4508 1707 4563 etiam

104 4583 238 4638 diem
268 4587 463 4640 mortis
492 4588 648 4643 nobis
678 4590 817 4646 Deus
846 4592 975 4649 fecit
1003 4597 1269 4651 incertum
1294 4614 1307 4649 :
1339 4613 1521 4667 neque
1552 4599 1711 4653 nobis

103 4679 312 4745 aperuit
342 4694 415 4733 an
446 4678 629 4746 hodie,
674 4697 741 4736 an
769 4699 985 4752 cras,an
1010 4698 1129 4758 post
1175 4698 1343 4744 totum
1385 4707 1606 4754 annum,
1640 4707 1708 4747 an

102 4778 215 4832 post
240 4768 445 4824 multos
484 4785 655 4827 annos
683 4776 755 4829 sit
778 4776 1082 4844 adfuturus,
1115 4791 1170 4835 ut
1197 4793 1417 4851 propter
1445 4782 1708 4839 incertam

102 4866 564 4927 exspectationem
589 4879 687 4919 nos
718 4867 769 4920 in
800 4870 1001 4925 virtute
1023 4885 1283 4941 perpetuo
1300 4875 1705 4931 contineamus:

101 4958 150 5000 et
169 4949 543 5022 dixitquidem
573 4958 715 5027 quod
745 4960 913 5016 simus
934 4966 1234 5031 excessuri;
1260 4968 1474 5036 quando
1502 4982 1707 5039 autem,

102 5042 344 5096 minime.
383 5043 461 5098 Ita
497 5061 595 5115 ego
625 5065 841 5120 quoque
868 5054 976 5107 dixi
1012 5072 1096 5109 me
1134 5068 1466 5127 rogaturum,
1492 5062 1708 5131 quando

99 5143 299 5195 autem,
321 5150 429 5188 non
451 5136 655 5205 addidi,
676 5142 866 5197 volens
884 5160 977 5199 vos
995 5161 1114 5201 esse
1134 5158 1390 5217 peipctuo
1412 5150 1701 5207 SOIIICIIOS.

99 5222 201 5278 Nec
227 5224 376 5279 dicat
406 5227 696 5297 quispiam,
728 5236 871 5289 Ante
902 5246 1155 5304 quatuor,
1187 5251 1281 5292 aut
1317 5241 1575 5313 quinque,
1607 5253 1699 5297 aut

106 5318 262 5371 etiam
293 5318 484 5388 plures
516 5320 886 5381 hebdomadas
917 5330 1030 5384 haec
1051 5331 1252 5399 audivi,
1279 5350 1455 5404 neque
1487 5334 1705 5404 possum

109 5413 376 5469 retinere:
408 5417 610 5471 etenim
648 5435 769 5475 eum
797 5424 888 5492 qui
927 5425 1076 5478 audit
1112 5427 1236 5480 volo
1260 5428 1339 5482 sic
1370 5430 1622 5494 retinere,
1653 5441 1707 5485 ut

109 5518 208 5558 non
247 5505 661 5565 oblit'tscentem
705 5528 805 5568 nec
833 5516 1114 5571 evanidam
1145 5518 1339 5573 habeat
1368 5525 1705 5588 memoriam,

110 5612 202 5650 nec
246 5610 472 5669 respuat
498 5617 617 5671 qum
638 5602 910 5660 dicuntur.
943 5607 1078 5664 Volo
1101 5610 1245 5664 enim
1284 5627 1381 5666 vos
1426 5616 1665 5670 retinere
1689 5660 1703 5680 ,

109 5697 209 5740 non
236 5696 296 5741 ut
322 5689 455 5743 mihi
485 5690 694 5758 dicatis,
730 5696 826 5751 scd
851 5706 910 5751 ut
941 5714 1036 5755 vos
1065 5701 1382 5758 lucremini:
1418 5715 1474 5760 et
1498 5707 1599 5762 hoc
1622 5721 1708 5763 est

108 5782 241 5847 quod
264 5799 475 5855 magna;
505 5795 592 5841 est
627 5788 756 5844 mihi
788 5805 953 5853 curm.
982 5803 1036 5847 et
1060 5795 1129 5850 de
1159 5812 1266 5867 quo
1301 5798 1455 5856 \alde
1496 5799 1701 5858 laboro.

426 5880 697 5942 Ρλτιιοι..
731 5885 850 5945 (iu.
900 5886 1121 5949 LXIII.

1796 966 2021 977 ...ιι-...α-

1461 963 1561 972 “’“’
1582 964 2109 1081 Ἡὸἱιῶῐ

1847 519 1961 591 qui,
1982 519 2155 592 gratia
2180 527 2235 573 et
2257 517 2592 588 benignitate
2622 512 2833 570 Domini
2870 511 3043 567 nostri
3072 510 3202 567 Jcsu
3226 509 3450 576 Christi,

1846 628 1970 668 cum
2000 624 2109 683 quo
2138 609 2283 666 Patri
2315 607 2587 677 simulque
2611 611 2805 661 sancto
2843 602 3072 674 Spiritui
3119 602 3315 673 gloria,
3358 617 3452 673 po.

1850 714 2038 771 testas,
2071 703 2270 771 honor,
2301 715 2446 758 nunc
2470 709 2527 758 et
2550 714 2793 771 semper,
2818 707 2876 755 et
2912 698 2966 754 in
2996 697 3197 754 sarcula
3224 700 3456 754 sazculo-

1848 813 1992 854 rum.
2022 799 2221 853 Amen.

3042 979 3359 989 --Ἥ--.ο
3374 980 3399 987 κο
3416 975 3453 987 ο.

1832 1113 1936 1172 Sed
1965 1118 2089 1187 quia
2118 1130 2181 1171 ea
2212 1133 2336 1189 qua
2363 1118 2431 1174 ad
2466 1118 2775 1176 cautionem
2807 1120 3113 1175 necessaria
3158 1127 3317 1175 erant
3358 1118 3445 1173 di-

1833 1206 2030 1273 ximus,
2070 1206 2183 1277 jam
2232 1223 2348 1265 rem
2391 1208 2636 1280 incipere
2678 1220 2916 1280 oportet.
2966 1209 3107 1279 Quid
3133 1226 3265 1281 ergo
3287 1212 3446 1266 nobis

1835 1295 1995 1353 hodie
2025 1297 2361 1367 propositum
2402 1308 2487 1354 est
2513 1299 2696 1355 dicere
2721 1297 2888 1354 ?Nan
2929 1302 3091 1368 enim,
3118 1301 3315 1371 inquit,
3345 1318 3445 1357 an-

1833 1387 1960 1457 gelis
1984 1388 2201 1458 subjecit
2245 1389 2420 1443 orbem
2461 1398 2609 1445 terrae
2639 1390 2874 1459 futurum
2925 1391 2991 1446 de
3029 1408 3133 1463 qua
3163 1393 3442 1462 loquimur.

1831 1477 2101 1550 Numquid
2132 1478 2203 1536 de
2230 1480 2415 1552 aliquo
2445 1479 2555 1536 alio
2601 1482 2735 1538 orbe
2786 1492 2946 1538 terra:
2993 1482 3268 1554 loquitur?
3300 1484 3446 1540 Fieri

1836 1585 1945 1625 non
1979 1579 2180 1641 potest,
2212 1572 2311 1627 sed
2341 1571 2411 1628 de
2448 1570 2572 1628 hoc.
2603 1571 2896 1644 Propterea
2923 1573 3069 1630 enim
3104 1573 3333 1639 addidit,
3365 1573 3447 1629 De

1830 1677 1931 1733 quo
1971 1664 2250 1733 loquimur,
2298 1678 2369 1720 ne
2416 1664 2561 1720 sinat
2602 1675 2841 1722 mentem
2894 1666 3240 1722 aberrantem
3276 1667 3443 1722 alium

1830 1768 2098 1826 quaerere.
2145 1754 2162 1786 ¹
2192 1754 2478 1822 Quomodo
2505 1771 2637 1827 ergo
2662 1772 2788 1811 eum
2811 1755 2945 1813 dicit
2981 1757 3263 1814 futurum?
3290 1759 3447 1816 Sicut

1830 1845 1995 1901 etiam
2037 1846 2171 1901 dicit
2198 1847 2353 1913 alibi,
2397 1846 2500 1916 Qui
2529 1857 2603 1903 est
2629 1849 2801 1921 figura
2828 1849 2992 1918 futuri
3026 1850 3206 1921 (Rom.
3237 1851 3293 1908 5.
3327 1853 3442 1923 II),

1830 1935 1903 1992 de
1928 1935 2138 1992 Adamo
2168 1936 2360 1994 dicens
2379 1949 2436 1994 et
2460 1936 2678 1995 Christo
2696 1941 2752 1996 in
2780 1940 3026 2011 Epistola
3052 1940 3119 1998 ad
3144 1942 3444 2010 Romanos,

1832 2028 2016 2084 habita
2072 2031 2288 2087 ratione
2343 2042 2669 2105 temporum,
2712 2032 2907 2089 Adami
2950 2033 3193 2092 futurum
3238 2052 3445 2094 vocans

1829 2122 2105 2181 Christum
2145 2126 2449 2184 secundum
2479 2142 2731 2185 carnem:
2765 2136 2885 2184 erat
2914 2130 3060 2186 enim
3094 2130 3336 2188 futurus:
3367 2134 3441 2189 ita

1828 2230 1977 2271 nunc
2005 2231 2245 2287 quoque,
2292 2218 2547 2290 quoniam
2588 2220 2744 2287 dixit,
2775 2217 2845 2274 Et
2885 2237 3003 2275 eum
3046 2222 3231 2278 iterum
3274 2225 3443 2280 intra-

1827 2306 1966 2362 ducit
2004 2306 2423 2380 “Primagenitum
2450 2312 2506 2366 in
2550 2312 2723 2368 orbem
2768 2321 2957 2380 terrar;
2995 2329 3066 2370 ne
3094 2316 3443 2373 existimares

1825 2413 1951 2454 eum
1975 2399 2160 2457 dicere
2182 2401 2350 2457 alium
2383 2402 2573 2459 orbem
2606 2412 2791 2470 terrae,
2816 2419 2883 2461 ex
2908 2406 3095 2463 multis
3122 2406 3175 2463 id
3205 2408 3403 2479 probat
3422 2454 3438 2476 ,

1824 2499 1882 2546 et
1910 2506 1977 2546 ex
2009 2506 2076 2548 eo
2100 2491 2245 2563 quod
2273 2493 2472 2549 dixerit
2499 2494 2677 2565 ipsum
2712 2494 2989 2553 futurum:
3037 2498 3250 2557 iuturus
3290 2502 3437 2557 enim

1833 2581 2113 2637 eratorbis
2135 2593 2328 2651 terrae;
2360 2584 2534 2641 Filius
2558 2600 2740 2643 autem
2773 2588 2866 2643 Dei
2895 2603 3116 2659 semper
3141 2590 3262 2647 fuit.
3289 2592 3443 2649 Hunc

1843 2680 1974 2738 ergo
2018 2669 2111 2740 qui
2165 2677 2285 2723 erat
2336 2668 2594 2738 futurus,
2644 2686 2751 2727 non
2801 2672 3038 2743 subjecit
3079 2679 3313 2749 angelis,
3365 2683 3462 2736 sed

1840 2754 2077 2812 Christo.
2103 2756 2263 2826 Quod
2287 2766 2468 2815 autem
2496 2759 2567 2815 ad
2588 2759 2785 2817 Filium
2812 2762 3021 2821 dictum
3053 2769 3145 2837 sit,
3178 2780 3260 2826 est
3291 2774 3452 2828 mani-

1841 2847 2039 2905 festum
2060 2868 2075 2905 ε
2094 2865 2217 2907 nam
2237 2852 2561 2923 nequeillud
2578 2854 2847 2925 quispiam
2858 2855 3079 2929 dixerit,
3098 2863 3241 2932 quod
3258 2863 3461 2920 dictum

1839 2938 1911 2995 sit
1938 2941 2006 2996 ad
2050 2941 2294 3014 angelos.
2325 2943 2537 3000 Deinde
2564 2945 2728 3001 etiam
2769 2950 3009 3007 alterum
3040 2952 3264 3010 adducit
3311 2959 3441 3011 testi-

1840 3032 2103 3099 monium,
2132 3041 2189 3089 et
2214 3032 2380 3091 dicit:
2416 3033 2657 3092 Testatus
2683 3053 2761 3097 est
2791 3053 2967 3097 autem
3006 3045 3061 3098 in
3089 3049 3312 3115 quodam
3346 3050 3457 3102 loro

1836 3123 1969 3191 quis,
1997 3123 2189 3179 dicens.
2215 3124 2327 3182 Cur
2353 3142 2467 3183 non
2497 3127 2637 3187 dixit
2667 3148 2867 3190 nomen
2898 3137 3206 3207 prophetze,
3240 3141 3333 3195 sed
3361 3158 3453 3199 oc-

1835 3215 2095 3270 cultavit?
2130 3216 2245 3274 Hoc
2280 3228 2462 3276 autem
2502 3219 2637 3281 facit
2683 3227 2849 3283 etiam
2874 3228 2927 3283 in
2956 3231 3077 3287 aliis
3110 3234 3456 3300 testimoniis,

1834 3309 2127 3379 utquando
2152 3310 2320 3367 dicit:
2349 3314 2482 3370 Cum
2516 3330 2688 3373 autem
2720 3321 2905 3375 iterum
2931 3324 3213 3378 introduci:
3248 3326 3453 3382 Primo-

1832 3400 2058 3469 genitum
2086 3401 2140 3455 in
2166 3403 2336 3458 orbem
2374 3417 2546 3477 terrae,
2578 3410 2723 3476 dicit,
2759 3412 2824 3467 Et
2862 3413 3082 3470 adorent
3121 3435 3238 3472 eum
3280 3437 3453 3477 omnes

1833 3491 2002 3562 angeli
2034 3491 2167 3559 Dei;
2196 3504 2252 3550 et
2298 3513 2513 3568 rursus,
2546 3500 2663 3573 Ego
2712 3521 2798 3559 ero
2829 3506 2874 3560 ei
2909 3506 2965 3561 in
2996 3505 3235 3565 Patrem.
3288 3512 3357 3566 Et
3385 3519 3453 3567 ad

1836 3583 2051 3651 angelos
2074 3586 2284 3654 quidem
2313 3591 2477 3645 dicit:
2501 3592 2605 3660 Qui
2637 3596 2765 3665 facit
2797 3599 3008 3667 angelos
3038 3617 3160 3655 suos
3186 3604 3402 3671 spiritus
3433 3630 3450 3665 ,-

1829 3673 1898 3724 atl
1942 3671 2142 3729 Filium
2168 3694 2321 3745 vero,
2357 3680 2425 3735 Et
2464 3693 2517 3735 tu
2563 3684 2616 3738 in
2653 3689 2945 3756 principio,
2983 3689 3234 3759 Domine,
3262 3706 3451 3751 terram

1828 3764 2083 3834 fundasti.
2128 3770 2205 3824 lta
2255 3771 2343 3829 hic
2371 3790 2621 3845 quoque;
2657 3776 2899 3834 Testatus
2940 3792 3012 3835 est
3042 3794 3211 3840 autem
3242 3789 3295 3842 in
3324 3807 3453 3858 quo-

1826 3854 1946 3908 dam
1976 3858 2092 3913 loco
2114 3862 2229 3930 quis
2258 3864 2452 3919 dicens.
2496 3865 2806 3938 Ilocipsum
2849 3881 3031 3929 autem
3062 3877 3256 3945 opinor
3284 3854 3449 3936 etiam

1824 3960 1949 4004 esse
1990 3951 2337 4021 occultantis,
2371 3966 2424 4010 et
2456 3958 2747 4015 ostendere
2776 3976 2871 4017 eos
2902 3978 3026 4020 esse
3056 3968 3216 4025 valde
3244 3973 3451 4040 peritos

1822 4037 2251 4109 Scripturarum,
2276 4048 2420 4116 quod
2445 4064 2550 4127 non
2574 4062 2738 4119 ponat
2765 4068 2888 4109 eum
2919 4058 3011 4127 qui
3038 4058 3172 4115 dixit
3200 4037 3449 4121 testimo-r

1826 4130 1996 4199 nium,
2029 4132 2123 4188 sed
2155 4124 2482 4206 introducat,
2518 4150 2576 4194 ut
2606 4142 2750 4211 quod
2779 4124 3365 4217 vulgo'circumieratur
3393 4170 3449 4212 et

1824 4221 1893 4272 sit
1914 4223 2281 4280 manifestum.
2309 4227 2452 4293 Quid
2477 4242 2550 4285 est
2572 4232 2727 4287 homo
2752 4238 2889 4304 quod
2903 4255 3096 4294 utentur
3110 4259 3164 4298 es
3184 4245 3295 4316 ejus
3313 4249 3340 4301 ξ)
3357 4259 3448 4301 aut

1822 4312 1961 4378 [ilius
1995 4313 2215 4369 hominis
2244 4319 2381 4388 quod
2406 4322 2581 4376 visitas
2606 4326 2763 4379 eum?
2790 4328 2841 4381 7.
2875 4328 3110 4387 dlinuisti
3141 4312 3257 4389 eum
3283 4344 3442 4408 paulo

1822 4409 1993 4463 minus
2027 4409 2089 4463 ab
2116 4412 2310 4482 angelis
2343 4429 2362 4466 :
2391 4415 2558 4485 gloria
2588 4426 2636 4471 et
2677 4418 2870 4475 honore
2912 4430 3169 4480 coronasti
3227 4447 3362 4497 eum,
3396 4444 3445 4486 et

1818 4506 2125 4560 constituisti
2150 4524 2264 4561 eum
2294 4527 2449 4581 super
2476 4529 2635 4581 Opera
2662 4531 2910 4571 manuum
2933 4528 3138 4575 tuarum
3160 4541 3177 4578 :
3197 4525 3249 4580 8.
3268 4531 3443 4581 omnia

1815 4595 2074 4661 subiecisti
2092 4598 2185 4652 sub
2204 4600 2419 4668 pedibus
2444 4604 2555 4672 ejus
2576 4603 2757 4674 (Psal.
2789 4609 2843 4664 8.
2876 4610 3023 4683 δοῖ).

1887 4688 1941 4741 2.
1996 4689 2122 4745 llaec
2167 4704 2348 4749 autem
2396 4696 2610 4753 etiamsi
2671 4700 2813 4755 dicta
2868 4703 2979 4759 sint
3033 4707 3102 4761 de
3162 4717 3437 4769 communi

1818 4779 2150 4837 humanitate
2172 4826 2186 4849 ,
2220 4788 2391 4857 magis
2424 4791 2642 4859 proprie
2677 4801 2858 4849 tamen
2888 4802 3248 4855 convenerint
3272 4804 3436 4859 Chri-

1814 4884 1899 4928 sto
1928 4876 2225 4931 secundum
2265 4894 2485 4937 carnem
2520 4900 2533 4936 :
2566 4884 2694 4939 illud
2725 4888 2871 4943 enim
2900 4929 2915 4955 ,
2951 4890 3140 4947 Omnia
3173 4896 3439 4965 subjecisti

1811 4966 1903 5020 sub
1931 4968 2142 5037 pedibus
2170 4970 2280 5041 ejus
2306 5012 2322 5037 ,
2366 4975 2536 5045 magis
2580 4985 2664 5032 est
2716 4978 2901 5045 illius,
2951 4972 3114 5052 quam
3160 4999 3431 5045 nostrum.

1813 5058 1907 5114 Dei
1950 5062 2094 5117 enim
2144 5062 2314 5120 Filius
2363 5082 2495 5132 nos,
2553 5084 2675 5125 eum
2730 5074 2862 5129 nihil
2906 5090 3189 5146 essemus,
3242 5083 3434 5137 visita-

1812 5151 1926 5216 vit,
1986 5162 2041 5207 et
2091 5170 2214 5210 cum
2272 5157 2322 5212 id
2372 5158 2520 5228 quod
2570 5172 2815 5220 nostrum
2874 5179 2956 5222 est
3006 5175 3337 5243 suscepisset
3379 5189 3437 5233 et

1810 5243 1911 5297 sibi
1940 5247 2167 5314 nuisset,
2204 5249 2376 5307 factus
2400 5264 2483 5308 est
2514 5255 2769 5311 omnibus
2798 5262 3069 5329 superior.
3113 5264 3174 5319 lu
3203 5284 3259 5320 eo
3285 5272 3428 5324 enim

1808 5337 1946 5403 quod
1972 5340 2146 5393 omnia
2175 5343 2222 5394 ei
2247 5342 2504 5413 subjecit,
2536 5345 2669 5399 nihil
2688 5348 2884 5404 dimisit
2914 5369 3016 5407 non
3040 5356 3328 5427 subjectum
3356 5365 3425 5418 ei.

1810 5424 1965 5481 Nunc
1990 5440 2162 5485 autem
2191 5434 2409 5487 necdum
2439 5436 2667 5492 uidemus
2693 5445 2867 5495 omnia
2908 5424 3143 5513 subjecta
3163 5450 3228 5503 ei.
3274 5452 3428 5519 Quod

1805 5528 1984 5573 autem
2014 5521 2144 5575 dicit
2185 5535 2268 5578 est
2300 5524 2635 5596 hujusmodi.
2663 5530 2931 5598 Quoniam
2958 5538 3195 5605 dixerat,
3232 5541 3410 5599 Donec

1802 5630 1988 5680 ponam
2033 5616 2265 5672 inimicos
2303 5630 2416 5676 tuos
2455 5622 2735 5679 scabellum
2770 5628 2956 5695 pedum
2989 5641 3191 5687 tuorum
3216 5676 3231 5697 ,
3265 5652 3413 5691 νει-ις

1801 5705 1980 5761 simile
2005 5719 2185 5765 autem
2224 5723 2342 5767 erat
2372 5729 2469 5770 eos
2508 5717 2685 5774 adhuc
2716 5723 2837 5792 angi
2885 5734 2939 5777 et
2982 5726 3199 5781 tristitia
3232 5729 3407 5785 allici;

1860 5817 1872 5847 ¹
1914 5815 2004 5867 Hic
2028 5818 2076 5867 in
2103 5817 2388 5873 Colbertino
2415 5826 2585 5890 incipit
2610 5826 2808 5877 humilia
2834 5836 3023 5894 quarta.

3063 5917 3101 5977 3
