4020 6428
592 450 663 505 5‘)
1347 448 1405 507 S.
1446 446 1721 506 JOANNIS
1758 437 2227 502 CHRYSOSTOMI
2266 435 2581 494 ARClllEl‘.
2622 430 3150 493 CONSTANTINOP.
3775 421 3841 481 ιιι

603 541 799 595 deinde
826 542 1007 611 paucis
1026 540 1338 612 interjcctis,
1367 541 1468 596 hoc
1489 541 1763 611 subjunxit
1786 542 2167 604 testimonium,

603 630 730 684 illud
772 630 1115 686 conﬁrmans.
1148 632 1281 687 Nam
1320 646 1385 687 ne
1428 631 1701 696 dicerent,
1745 630 2024 699 Quomodo
2069 632 2171 685 ini-

603 723 769 777 micos
799 725 972 793 posuit
1001 725 1101 779 sub
1128 725 1348 793 pedibus
1397 724 1508 778 suis
1532 764 1547 788 ,
1593 738 1715 779 cum
1746 738 1845 779 nos
1870 733 1974 778 tam
2005 724 2170 778 multa

604 813 742 879 passi
771 814 977 867 simus?
1021 816 1147 867 satis
1172 814 1385 882 quidem
1426 823 1480 869 et
1523 815 1574 868 in
1621 814 2046 883 prmcedentibus
2075 814 2175 869 hoc

601 916 773 970 ipsum
825 903 982 970 tacite
1026 903 1338 973 significavit
1369 922 1380 956 :
1413 903 1543 958 illud
1587 904 1764 970 enim,
1800 902 1970 957 Donec
1998 944 2012 967 .
2060 919 2166 957 non

600 991 739 1059 quod
771 992 947 1045 statim
976 992 1033 1046 fit
1061 993 1427 1062 significabat,
1462 994 1554 1049 sed
1582 993 1722 1063 quod
1751 995 1806 1047 (lt
1827 994 1877 1047 in
1901 1002 2168 1063 tempore:

602 1079 687 1135 hic
715 1091 890 1134 autem
921 1095 1036 1135 rem
1066 1082 1282 1137 uberius
1310 1084 1670 1153 persequitur.
1717 1083 1792 1137 Nc
1832 1084 1997 1149 enim,
2031 1099 2168 1153 quo-

599 1171 761 1237 niam,
795 1172 999 1241 inquit,
1043 1173 1275 1227 nondum
1318 1183 1441 1227 sunt
1479 1173 1739 1242 subjecti,
1770 1173 2044 1230 existimes
2075 1190 2175 1230 nec

598 1261 785 1330 subjici
820 1280 834 1314 :
867 1276 991 1315 nam
1035 1278 1195 1331 quam
1223 1261 1365 1331 quod
1403 1261 1591 1331 subjici
1634 1276 1847 1330 semper
1879 1271 2125 1331 oporteat
2153 1305 2167 1328 ,

597 1357 678 1401 est
705 1350 1044 1418 perspicuum
1082 1368 1093 1402 :
1127 1351 1324 1404 etenim
1354 1360 1633 1419 propterea
1654 1350 1799 1405 dicta
1825 1363 1908 1405 est
1936 1352 2169 1421 prephe-

598 1438 665 1489 tia
700 1454 712 1487 :
746 1435 812 1491 In
842 1455 901 1491 eo
920 1440 1050 1492 enim
1073 1479 1089 1505 ,
1124 1440 1326 1509 inquit,
1359 1440 1495 1509 quod
1522 1442 1693 1495 omnia
1719 1444 1763 1497 ei
1783 1443 2013 1514 subjecit,
2047 1445 2172 1498 nihil

595 1528 782 1582 dimisit
829 1544 927 1583 non
975 1529 1253 1599 subjectum
1295 1531 1359 1585 ei.
1412 1530 1695 1599 Quomodo
1742 1548 1871 1603 ergo
1904 1548 2011 1588 non
2043 1543 2169 1588 sunt

593 1617 771 1671 omnia
820 1619 867 1672 ei
917 1619 1197 1688 subjecta?
1228 1619 1492 1685 Quoniam
1541 1632 1665 1675 sunt
1711 1622 2066 1691 subjicienda.
2114 1623 2167 1678 Si

595 1722 723 1777 ergo
771 1709 947 1763 omnia
997 1709 1327 1778 subjicienda
1355 1750 1369 1775 ,
1424 1710 1651 1765 necdum
1697 1719 1875 1767 tamen
1924 1714 2165 1783 subjecta

594 1809 716 1852 sunt
738 1838 752 1862 ,
796 1814 861 1853 ne
889 1814 1028 1869 argre
1058 1798 1199 1854 feras
1230 1814 1329 1855 nec
1362 1801 1612 1856 turberis.
1646 1800 1778 1855 Nam
1810 1803 1854 1856 si
1884 1817 2004 1857 cum
2046 1802 2165 1857 linis

594 1891 1137 1960 quidemadvcnisset
1158 1932 1176 1959 ,
1220 1902 1276 1946 ct
1303 1894 1483 1947 omnia
1512 1901 1696 1949 essent
1725 1894 1965 1967 subjecta
1994 1936 2007 1957 ,
2050 1895 2163 1950 haec

594 1981 874 2050 patereris,
898 1982 1089 2037 merito
1119 1982 1330 2038 doleres
1361 2000 1376 2038 :
1402 1998 1543 2038 nunc
1558 1994 1734 2037 autem
1762 1984 1995 2039 nondum
2018 1984 2168 2037 vide-

592 2086 711 2125 mus
732 2072 910 2126 omnia
935 2073 982 2127 ei
1005 2072 1261 2141 subjecta,
1294 2073 1404 2126 Rex
1430 2072 1661 2126 nondum
1688 2088 1816 2142 pure
1838 2073 2166 2128 dominatum

593 2162 838 2216 obtinuit.
870 2161 1005 2229 Quid
1041 2176 1167 2230 ergo
1210 2162 1543 2216 conturbaris
1593 2162 1734 2217 male
1761 2163 2004 2231 patiens?
2033 2179 2170 2219 non-

591 2251 715 2304 dum
745 2266 932 2305 omnes
959 2251 1230 2320 superarit
1262 2250 1571 2320 pra'dicatio
1597 2268 1611 2318 ;
1656 2253 1888 2307 nondum
1915 2263 1998 2308 est
2030 2264 2168 2309 tem-

592 2358 691 2413 pus
719 2351 776 2397 ut
801 2342 1033 2412 perfecte
1055 2342 1424 2412 subjiciantur.
1458 2342 1659 2398 Deinde
1690 2358 1874 2399 rursus
1902 2344 2004 2399 alia
2034 2361 2167 2400 cono

592 2434 800 2499 solatio,
831 2434 1089 2504 siquidem
1140 2434 1185 2488 is
1220 2436 1308 2504 qui
1359 2445 1438 2489 est
1480 2448 1667 2490 omnes
1719 2434 1993 2491 habiturus
2044 2436 2169 2491 sub-

587 2525 758 2594 jectos
786 2566 799 2591 ,
828 2524 943 2594 ipse
982 2539 1194 2594 quoque
1240 2533 1323 2578 est
1371 2535 1632 2590 mortuus,
1658 2535 1714 2577 et
1764 2525 2168 2581 innumerabilia

592 2631 893 2687 perpessus.
914 2618 966 2673 9.
995 2616 1125 2670 Eunt
1152 2626 1339 2682 autem,
1359 2618 1441 2684 qui
1469 2617 1663 2669 modico
1690 2633 1840 2685 quam
1869 2617 2034 2687 angeli
2063 2618 2167 2669 nti-

590 2714 795 2765 noratus
821 2719 912 2772 est,
958 2710 1178 2764 uidemus
1200 2707 1372 2762 Iesum
1413 2719 1615 2780 prepter
1644 2710 1924 2779 passionem
1970 2710 2162 2764 mortis.

590 2801 789 2856 Deinde
821 2816 1006 2854 rursus
1050 2800 1324 2868 subjunxit
1363 2817 1481 2871 qua:
1520 2811 1645 2855 sunt
1675 2802 1811 2855 bona
1843 2817 1856 2854 :
1892 2800 2067 2855 Gloria
2111 2810 2155 2856 et

590 2892 779 2942 honore
812 2900 1128 2944 coronatum.
1168 2890 1350 2944 Vidisti
1378 2890 1646 2959 quomodo
1670 2890 1717 2944 ei
1747 2892 1922 2945 omnia
1952 2890 2169 2961 adapta-

590 2980 767 3035 vcrit?
794 2996 915 3034 nam
946 2979 1075 3034 illud
1122 2980 1324 3034 Modico
1346 3021 1361 3047 ,
1395 2981 1466 3033 illi
1494 2980 1662 3053 magis
1692 2982 1993 3051 congruerit
2016 3021 2032 3047 ,
2074 2980 2169 3049 qui

596 3084 709 3130 tres
736 3076 851 3128 dies
880 3073 1023 3128 solos
1052 3073 1147 3124 fuit
1186 3068 1323 3139 apud
1354 3068 1551 3123 inferos
1577 3108 1592 3130 ,
1637 3082 1742 3120 non
1776 3066 1928 3119 nobis
1965 3069 2054 3134 qui
2080 3065 2170 3118 diu

597 3175 651 3218 et
697 3165 917 3218 multum
946 3162 1339 3229 corrumpimur
1370 3176 1383 3211 :
1424 3158 1672 3213 similiter
1706 3165 1759 3210 et
1798 3155 1925 3209 illud
1949 3195 1963 3218 ,
1994 3152 2171 3208 Gloria

596 3268 642 3309 et
674 3256 863 3308 honore
888 3296 901 3317 ,
936 3253 1009 3306 illi
1042 3252 1197 3321 longe
1242 3250 1412 3318 magis
1439 3290 1453 3314 ,
1487 3254 1644 3318 quam
1676 3246 1832 3300 nobis
1864 3243 2167 3298 conveniet.

598 3350 803 3403 Rursus
848 3360 1059 3400 crucem
1089 3346 1166 3399 eis
1196 3350 1411 3397 revocat
1452 3342 1504 3395 in
1547 3339 1857 3394 memoriam
1883 3376 1896 3400 ,
1946 3335 2054 3389 duo
2095 3333 2171 3387 la-

593 3443 740 3495 eiens
773 3457 785 3492 :
821 3453 1015 3506 nempe
1039 3446 1093 3491 et
1130 3452 1313 3491 curam
1343 3437 1459 3502 ejus
1508 3432 1561 3487 in
1604 3445 1702 3485 nos
1734 3428 2026 3485 ostendens
2052 3466 2065 3489 ,
2112 3433 2172 3479 et

593 3532 823 3586 suadens
851 3538 909 3583 ut
935 3531 1111 3582 omnia
1142 3539 1406 3595 generoso
1427 3533 1480 3579 et
1507 3523 1631 3577 forti
1664 3522 1848 3575 animo
1878 3519 2073 3582 ferant,
2098 3517 2166 3572 ad

596 3623 907 3691 Magistrum
953 3618 1292 3687 aspicientes.
1336 3614 1466 3669 Nam
1496 3614 1539 3667 si
1573 3613 1616 3666 is
1645 3612 1733 3680 qui
1762 3609 2014 3664 adoratnr
2038 3647 2051 3667 .
2082 3607 2167 3661 itt-

596 3714 710 3781 quit
732 3754 748 3777 ,
800 3712 869 3765 ab
893 3710 1094 3779 angelis
1120 3750 1134 3771 ,
1185 3707 1431 3761 sustinuit
1466 3703 1717 3773 quiddam
1750 3702 1926 3755 minus
1964 3698 2163 3753 habere

594 3820 752 3874 quam
782 3801 958 3872 angeii
984 3809 1201 3871 prepter
1228 3806 1280 3852 te
1306 3796 1508 3851 :multo
1532 3792 1700 3863 magis
1730 3804 1787 3846 tu
1802 3791 1890 3860 qui
1913 3805 1971 3844 es
1995 3789 2168 3843 minor

594 3895 835 3964 angelis,
874 3892 1039 3947 debes
1064 3888 1242 3945 omnia
1277 3888 1416 3941 ferre
1460 3893 1679 3954 prepter
1722 3882 1915 3950 ipsum.
1964 3877 2168 3933 Deinde

595 3985 830 4039 ostendit
856 3981 994 4053 quod
1024 3997 1155 4036 crux
1184 3980 1254 4033 sit
1284 3979 1456 4032 honor
1482 3985 1536 4029 ct
1574 3974 1741 4042 gloria
1775 3990 1787 4026 :
1818 3970 2085 4041 quomodo
2113 3980 2167 4024 et

592 4079 707 4146 ipse
731 4090 847 4130 eam
876 4088 1087 4142 semper
1112 4082 1267 4126 vocat
1291 4112 1305 4135 ,
1335 4069 1519 4123 dicens
1546 4084 1559 4121 :
1598 4064 1745 4119 Venit
1774 4065 1900 4117 hora
1931 4072 1982 4113 ut
2006 4062 2163 4133 glori-

591 4169 766 4235 ficetur
796 4164 964 4218 Filius
993 4164 1209 4216 hominis
1233 4161 1414 4226 (Joatt.
1448 4160 1532 4213 11.
1557 4158 1633 4226 4).
1661 4156 1715 4211 Si
1749 4169 1877 4224 ergo
1905 4154 1993 4208 ille
2015 4162 2167 4208 vocat

588 4257 809 4327 gloriam
839 4271 898 4309 ea
946 4269 1063 4324 quae
1108 4266 1295 4323 passus
1340 4261 1422 4305 est
1471 4258 1689 4317 propter
1732 4259 1964 4300 servos:
1997 4244 2165 4297 multo

588 4348 755 4416 magis
783 4355 836 4398 tu
867 4361 925 4400 ea
956 4360 1071 4413 qua:
1099 4343 1293 4413 pateris
1327 4349 1541 4411 propter
1570 4338 1878 4392 Dominum.

657 4437 831 4490 Crucis
858 4440 1069 4503 fructus.
1117 4462 1189 4472 —
1228 4432 1384 4485 Vides
1424 4438 1657 4500 quantus
1689 4429 1757 4483 sit
1788 4428 1992 4481 fructus
2038 4440 2161 4480 cru-

583 4529 695 4581 cis?
725 4528 855 4580 Rem
884 4544 986 4579 non
1016 4523 1237 4579 formida
1266 4541 1279 4578 :
1312 4522 1402 4576 tibi
1432 4520 1648 4591 quidem
1682 4520 1889 4573 videtur
1921 4534 2008 4573 res
2041 4533 2162 4573 esse

586 4620 749 4673 tristis
774 4661 787 4683 ,
823 4619 961 4687 parit
1003 4627 1180 4671 autem
1213 4616 1349 4670 bona
1378 4614 1807 4669 innumerabilia.
1839 4613 1912 4667 Ex
1967 4613 2051 4666 his
2075 4628 2163 4667 os-

585 4713 753 4765 tendit
782 4712 1061 4763 utilitatem
1096 4709 1419 4763 tentationis.
1456 4706 1657 4761 Deinde
1684 4706 1814 4760 dicit
1844 4724 1855 4759 :
1892 4704 1962 4759 Ut
1994 4707 2159 4775 gratia

584 4803 678 4857 Dei
728 4819 818 4869 pro
869 4799 1096 4853 omnibus
1143 4807 1367 4870 gustaret
1422 4806 1649 4850 mortem.
1703 4796 1769 4849 Ut
1813 4797 1979 4867 gratia
2023 4794 2153 4861 Dei,

581 4894 769 4961 inquit.
816 4892 882 4945 Et
912 4891 998 4945 ille
1023 4891 1236 4959 quidem
1271 4889 1381 4943 haec
1409 4902 1595 4955 passus
1622 4895 1702 4940 est
1735 4897 1955 4957 propter
1983 4886 2074 4940 Dei
2104 4888 2154 4939 in

579 4997 678 5035 nos
708 4980 932 5049 gratiam
959 4996 971 5031 :
1008 4978 1107 5045 Qui
1134 4980 1342 5047 proprio
1375 4976 1534 5042 Filio,
1569 4976 1759 5045 inquit,
1782 4992 1881 5028 non
1914 4977 2150 5045 pepercit,

575 5071 661 5123 sed
690 5086 787 5138 pro
815 5070 954 5124 nobis
985 5072 1211 5125 omnibus
1242 5071 1449 5123 tradidit
1492 5071 1660 5139 ipsum
1689 5072 1704 5138 (
1737 5069 1883 5123 Rom.
1914 5070 1967 5124 8.
2012 5068 2078 5123 5‘2
2102 5069 2145 5134 ).

571 5160 811 5225 Quanam
846 5160 911 5215 de
939 5176 1098 5214 causa
1122 5162 1143 5213 ?
1170 5161 1283 5214 Non
1316 5164 1414 5214 hoc
1445 5162 1598 5214 nobis
1626 5160 1870 5223 debebat.
1900 5161 1992 5216 sed
2028 5161 2150 5214 fecit

570 5252 760 5317 gratia.
789 5250 855 5303 Et
874 5267 1056 5306 rursus
1084 5252 1136 5305 in
1158 5252 1392 5321 Epistola
1411 5252 1473 5306 ad
1500 5252 1767 5306 Romanos
1790 5252 1917 5307 dicit
1941 5273 1953 5307 :
1984 5252 2147 5306 Multo

573 5342 733 5410 magis
774 5343 937 5409 gratia
972 5342 1098 5406 Dei,
1148 5353 1193 5394 ct
1236 5344 1423 5395 donum
1462 5344 1513 5396 in
1542 5344 1707 5413 gratia
1747 5345 1891 5395 unius
1932 5344 2147 5397 hominis

572 5428 694 5482 Jcstt
744 5429 926 5483 Christi
972 5432 1025 5483 in
1074 5433 1240 5500 plures
1287 5433 1557 5486 abundavit
1597 5431 1772 5495 (Rom.
1811 5434 2023 5503 5.15).
2080 5433 2146 5488 Ut

574 5520 741 5585 gratia
783 5518 878 5572 Dei
924 5536 1016 5587 pro
1060 5523 1287 5575 omnibus
1316 5533 1538 5592 gustaret
1588 5534 1794 5577 mortem
1847 5540 1864 5576 :
1910 5540 2013 5578 non
2054 5540 2148 5593 pro

575 5614 821 5668 fidelibus
847 5616 1045 5681 solum,
1086 5616 1178 5669 sed
1209 5632 1303 5685 pro
1333 5618 1580 5671 universo
1612 5617 1742 5671 orbe
1788 5626 1979 5681 terras;
2024 5632 2143 5671 nam

578 5704 691 5771 ipse
737 5706 945 5773 quidem
980 5716 1221 5760 mortuus
1268 5713 1351 5760 est
1399 5720 1492 5775 pro
1523 5708 1789 5761 omnibus.
1840 5708 1977 5775 Quid
2030 5718 2138 5761 tum

573 5802 747 5848 autem
771 5835 789 5861 ,
819 5796 859 5849 si
890 5811 992 5852 non
1026 5812 1212 5851 omnes
1237 5796 1621 5853 crediderunt?
1654 5799 1773 5867 Ipse
1809 5798 1950 5869 quod
1990 5815 2142 5855 suum

2268 554 2382 601 erat
2427 541 2686 612 implerit.
2733 537 2801 592 Et
2844 534 3061 605 proprie
3109 529 3286 594 dixit,
3340 522 3443 579 Pro
3475 522 3834 621 omnibusqu-

2268 644 2421 691 staret
2450 641 2679 686 mortem.
2703 628 2818 683 Non
2844 625 2999 689 dixit,
3033 622 3327 676 Moreretur
3360 633 3373 669 ι
3406 630 3527 670 nam
3560 623 3617 667 ut
3642 627 3733 682 qui
3763 624 3833 664 rei

2267 740 2391 779 vera
2418 732 2645 778 mortem
2669 724 2955 790 gustasset,
2983 727 3105 766 cum
3132 712 3186 765 in
3209 724 3268 764 ea
3296 706 3434 762 adeo
3467 718 3629 775 parvo
3658 700 3849 756 luisset

2273 814 2553 871 intervallo
2584 854 2598 878 ,
2632 811 2813 865 statim
2842 805 3097 862 surrexit.
3137 806 3310 871 Atque
3345 795 3572 853 dicendo
3603 790 3846 863 quidem,

2271 908 2375 963 Per
2403 907 2692 976 passionem
2718 900 2891 953 mortis
2917 937 2931 964 ,
2979 908 3159 949 veram
3206 888 3524 960 significavit
3571 890 3802 976 mortem
3834 896 3847 932 :

2270 971 2495 1051 dicendo
2524 1005 2723 1058 autem,
2747 990 2928 1043 Melior
2952 984 3167 1055 angelis,
3213 978 3445 1037 ostendit
3492 971 3850 1031 resurrectio-

2272 1104 2412 1143 nem.
2442 1085 2591 1141 Sicut
2610 1084 2753 1137 enim
2776 1078 3035 1139 medicus,
3055 1088 3176 1128 cum
3206 1087 3312 1125 non
3339 1069 3409 1123 sit
3438 1080 3658 1122 necesse
3681 1073 3734 1117 ut
3755 1077 3853 1131 gu-

2271 1189 2376 1236 stet
2394 1179 2539 1233 cibos
2561 1184 2762 1246 aegroto
2787 1178 2998 1242 paratos
3020 1210 3033 1231 ,
3060 1173 3279 1236 propter
3294 1176 3477 1216 curam
3511 1158 3660 1212 illius
3688 1170 3849 1226 quam

2271 1274 2425 1345 gerit,
2450 1272 2563 1342 ipse
2589 1269 2731 1338 prior
2752 1272 2951 1337 gustat,
2969 1269 3026 1315 ut
3052 1256 3583 1345 persuadeatzegroto
3608 1260 3661 1303 ut
3682 1246 3851 1345 conli-

2271 1339 2679 1421 denter'audeat
2703 1356 2880 1411 cibum
2911 1364 3125 1407 sumere
3157 1366 3172 1403 :
3195 1348 3267 1401 ita
3287 1344 3535 1401 Christus
3557 1382 3573 1406 ,
3595 1339 3849 1409 quoniam

2270 1470 2457 1510 omnes
2487 1450 2727 1506 homines
2754 1454 2978 1501 mortem
3008 1440 3385 1503 extimuerant,
3421 1436 3497 1490 eis
3521 1428 3855 1503 persuadens

2271 1554 2328 1600 ut
2355 1546 2405 1599 in
2432 1557 2548 1598 eam
2586 1546 2767 1595 essent
2803 1534 3051 1597 audaces,
3089 1526 3435 1599 ipse‘quoque
3453 1538 3569 1578 eam
3595 1518 3849 1589 gustavit,

2268 1654 2388 1693 cum
2435 1650 2537 1688 non
2583 1642 2724 1688 esset
2758 1630 2804 1685 ei
2838 1639 3077 1683 necesse.
3108 1621 3253 1677 Venit
3282 1620 3423 1673 enim
3445 1658 3458 1682 ,
3490 1615 3679 1686 inquit,
3708 1613 3855 1679 prin-

2271 1730 2386 1782 ceps
2411 1715 2587 1769 mundi
2614 1715 2785 1783 huius,
2815 1724 2859 1768 et
2881 1715 2932 1766 in
2957 1729 3034 1765 me
3056 1712 3183 1765 nihil
3204 1712 3385 1766 invenit
3404 1709 3581 1779 (Joan.
3606 1711 3694 1764 Η.
3725 1710 3848 1778 50).

2273 1806 2358 1861 Sic
2389 1815 2442 1860 et
2471 1806 2611 1875 quod
2642 1804 2805 1868 dicit,
2842 1802 3017 1857 Gratia
3044 1843 3060 1868 ,
3103 1812 3152 1856 et
3185 1802 3313 1855 illud
3340 1840 3356 1868 ,
3393 1800 3459 1855 Ut
3488 1816 3580 1870 pro
3619 1799 3855 1855 omnibus

2273 1907 2481 1949 mortem
2527 1904 2784 1965 gustaret,
2832 1894 2932 1948 hoc
2975 1895 3269 1947 constituit.
3316 1892 3402 1947 10.
3450 1890 3670 1946 Docebat
3717 1892 3855 1944 enim

2272 2003 2383 2040 eum
2416 1995 2617 2053 prapter
2654 2000 2796 2052 quem
2842 1985 3051 2048 omnim,
3100 1998 3143 2034 et
3175 1997 3264 2051 per
3306 1998 3452 2052 quem
3495 1981 3665 2034 omnia
3695 2021 3710 2045 ,
3761 1981 3854 2047 qui

2272 2077 2454 2129 multos
2495 2075 2631 2145 ﬁlios
2666 2076 2718 2127 in
2753 2077 2968 2145 gratiam
2996 2075 3278 2129 adduxerat
3305 2114 3321 2140 ,
3368 2081 3625 2126 auctorem
3669 2071 3855 2125 solum

2273 2181 2440 2217 eorum
2472 2180 2560 2233 per
2584 2164 2868 2234 ραεδὶοηεηι
2908 2180 3272 2216 consummare.

2342 2254 2395 2307 '5.
2440 2254 2513 2307 De
2544 2252 2699 2308 Patre
2730 2254 2814 2307 hic
2840 2252 2988 2307 dicit.
3046 2252 3207 2308 Vides
3260 2254 3529 2323 quomodo
3571 2272 3758 2313 rursus
3802 2260 3855 2313 ei

2271 2341 2484 2412 adaptat
2516 2344 2668 2408 illud,
2697 2342 2795 2396 Per
2816 2359 2961 2410 quem
2986 2342 3139 2403 ΡΗοο
3163 2360 3266 2398 non
3293 2343 3529 2410 fecisset,
3556 2349 3600 2402 si
3628 2349 3680 2403 id
3707 2357 3857 2404 esset

2272 2433 2657 2499 diminutionis,
2686 2443 2739 2488 et
2766 2432 2899 2487 Filio
2929 2433 3107 2488 solum
3128 2436 3458 2490 conveniret.
3489 2438 3642 2505 Quod
3670 2452 3853 2494 autem

2271 2525 2399 2581 dicit
2428 2535 2509 2580 est
2535 2526 2797 2594 ejusmodi
2827 2544 2841 2579 :
2877 2524 3061 2591 Fecit,
3108 2526 3312 2595 inquit,
3359 2543 3476 2598 qua:
3504 2529 3659 2599 digna
3694 2543 3855 2585 erant

2269 2632 2362 2669 sua
2407 2616 2730 2686 benignitate
2756 2659 2769 2682 ,
2812 2616 2952 2686 quod
2994 2617 3239 2671 omnibus
3270 2617 3615 2673 illustriorem
3666 2619 3857 2677 fecerit

2270 2708 2706 2778 Primogenitum,
2752 2716 2804 2761 et
2835 2717 2889 2761 ut
2918 2718 3185 2776 tamquam
3215 2707 3367 2763 fortis
3396 2709 3595 2764 athleta
3626 2720 3679 2765 et
3704 2712 3847 2767 alios

2270 2814 2596 2869 exsuperans
2622 2841 2636 2865 ,
2685 2798 2804 2853 aliis
2832 2807 2975 2853 esset
3018 2799 3313 2867 exemplar.
3356 2800 3624 2854 Auctorem
3667 2803 3859 2859 salutis

2268 2906 2442 2942 eorum
2472 2889 2547 2956 (a)
2577 2905 2589 2940 :
2627 2888 2729 2943 hoc
2754 2900 2833 2942 εει
2857 2928 2871 2954 ,
2919 2902 3133 2942 causam
3161 2890 3368 2945 salutis.
3406 2890 3568 2945 Vides
3593 2904 3856 2960 quantum

2270 2980 2508 3034 intersit?
2538 2988 2590 3033 et
2620 2978 2704 3032 hic
2725 2989 2806 3033 est
2829 2978 3014 3040 Filius,
3044 2988 3098 3032 et
3120 2994 3218 3033 nos
3241 2979 3354 3045 lilii;
3380 2980 3471 3036 sed
3498 2983 3609 3051 ipse
3634 2983 3854 3052 quidem

2267 3078 2478 3135 servat,
2507 3083 2603 3122 nos
2631 3084 2927 3122 servamnr.
2968 3068 3157 3122 Vidisti
3187 3069 3456 3138 quomodo
3487 3087 3579 3125 no:
3615 3074 3856 3142 conjun-

2266 3168 2353 3227 gat
2378 3168 2429 3211 et
2455 3160 2719 3222 conciliet,
2749 3167 2805 3212 et
2831 3158 3122 3227 distinguat
3150 3174 3211 3213 ac
3239 3163 3486 3229 separet?
3512 3163 3611 3226 Qui
3639 3168 3855 3231 multos,

2271 3250 2456 3317 inquit.
2511 3250 2645 3316 ﬁlios
2695 3249 2746 3301 in
2779 3249 2992 3319 gloriam
3020 3250 3327 3304 adduxerat.
3373 3252 3471 3306 Hic
3498 3254 3808 3310 conciliavit
3837 3274 3855 3311 :

2274 3342 2537 3394 Auctorem
2584 3342 2763 3394 salutis
2814 3356 2983 3394 eorum
3017 3358 3036 3394 :
3064 3350 3116 3395 el
3159 3357 3347 3397 rursus
3375 3342 3618 3398 distinxit
3649 3355 3704 3400 et
3733 3346 3856 3400 dis-

2262 3430 2455 3497 junxit.
2480 3429 2584 3483 Per
2605 3432 2860 3500 passiones
2880 3448 3244 3485 consummare.
3267 3432 3553 3488 Passiones
3575 3450 3706 3505 ergo
3730 3448 3861 3493 sunt

2269 3520 2527 3588 perfectio
2575 3530 2628 3573 et
2666 3536 2823 3574 t-ausa
2872 3522 3078 3576 salutis.
3126 3521 3313 3577 Viden'
3352 3524 3493 3592 quod
3541 3526 3681 3581 male
3726 3541 3859 3583 esse

2276 3628 2510 3682 passum,
2544 3628 2652 3666 non
2677 3614 2744 3667 sit
2776 3629 2960 3668 eorum
2993 3615 3081 3683 qui
3107 3624 3231 3668 sunt
3253 3615 3544 3669 derelicti?

2351 3703 2641 3757 Incarnatio
2682 3715 2727 3758 et
2757 3705 2937 3759 Passio
2967 3705 3161 3760 Christi
3205 3708 3373 3772 major
3417 3708 3856 3765 creatione.—Si

2265 3809 2391 3863 ergo
2411 3795 2550 3848 Deus
2579 3795 2749 3863 primo
2767 3795 2957 3849 Filium
2976 3795 3275 3860 honoravit,
3298 3797 3440 3865 quod
3464 3812 3555 3865 per
3575 3800 3858 3867 passiones

2264 3884 2569 3950 deduxerit;
2594 3901 2808 3939 carnem
2833 3886 3154 3954 suscepisse,
3179 3903 3347 3956 eaque
3365 3898 3609 3957 suscepta
3634 3904 3857 3957 passum

2266 3992 2405 4043 esse,
2433 3978 2587 4047 longe
2613 3986 2697 4032 est
2723 3977 2893 4046 majus
2906 3992 3088 4033 revera
3108 3993 3269 4047 quam
3294 3978 3550 4032 mundum
3580 3978 3771 4034 fecisse
3802 3989 3860 4036 et

2266 4083 2333 4122 ex
2372 4070 2536 4123 nihilo
2578 4069 2914 4137 produxisse.
2949 4068 3021 4122 Et
3066 4068 3173 4123 hoc
3219 4068 3431 4138 quidem
3482 4069 3856 4138 benignitatis.

2268 4159 2400 4213 illud
2442 4176 2568 4213 vero
2617 4160 2773 4230 longe
2820 4160 3067 4229 amplius.
3119 4160 3186 4213 Et
3228 4160 3329 4214 hoc
3360 4162 3531 4229 ipsum
3565 4161 3679 4229 ipse
3715 4179 3859 4231 quo-

2266 4264 2370 4317 que
2398 4250 2687 4303 ostendens
2711 4290 2724 4312 ,
2754 4250 2882 4303 dicit
2913 4265 2927 4303 :
2963 4248 3028 4303 Ut
3057 4252 3337 4303 ostenderet
3364 4250 3418 4302 in
3444 4251 3645 4304 steculis
3670 4268 3858 4321 super-

2272 4342 2577 4395 venientibus
2602 4342 2914 4393 abundantes
2943 4342 3141 4393 divitias
3163 4343 3341 4410 gratia:
3366 4358 3489 4405 suae,
3515 4354 3560 4395 et
3587 4359 3862 4398 conresus-

2261 4422 2427 4476 citavit
2452 4435 2498 4477 et
2522 4427 2787 4481 consedere
2807 4445 2920 4481 cum
2948 4444 3009 4482 eo
3028 4430 3145 4499 fecit
3170 4432 3223 4483 in
3248 4433 3527 4488 celestibus
3554 4436 3606 4490 in
3645 4435 3856 4493 Christo

2260 4509 2401 4565 Iesu.
2439 4514 2655 4570 Decebat
2696 4521 2828 4572 enim
2859 4537 3002 4585 eum,
3042 4532 3247 4591 propter
3280 4542 3426 4594 quem
3456 4529 3647 4593 omnia,
3682 4540 3730 4585 et
3755 4545 3855 4594 per

2260 4620 2404 4671 quem
2431 4609 2599 4659 omnia
2620 4652 2634 4672 ,
2663 4611 2748 4677 qui
2790 4612 2977 4665 multos
3007 4613 3143 4681 ﬁlios
3184 4616 3235 4668 in
3278 4618 3494 4685 gratiam
3524 4620 3842 4685 adduxerat,

2262 4704 2515 4748 auctorem
2564 4699 2745 4751 salutis
2793 4717 2964 4753 eorunt
3016 4720 3106 4770 per
3159 4706 3445 4771 passionem
3490 4726 3855 4769 consummare

2262 4782 2473 4852 (Ep/tes.
2509 4786 2563 4838 ξ)...
2608 4788 2659 4841 7.
2707 4790 2783 4857 6).
2814 4792 3106 4861 Oportebat
3137 4796 3277 4849 enim
3300 4839 3313 4863 ,
3351 4798 3559 4869 inquit,
3595 4818 3713 4858 eum
3748 4810 3842 4875 qui

2263 4889 2445 4930 curam
2492 4880 2658 4946 gerit,
2693 4890 2746 4933 et
2781 4884 2958 4937 omnia
3000 4894 3054 4939 ut
3097 4897 3277 4943 essent
3315 4892 3595 4961 produxit,
3632 4898 3850 4956 tradere

2264 4965 2457 5021 Filium
2487 4984 2581 5036 pro
2609 4971 2779 5025 salute
2808 4974 3156 5044 reliquorum,
3190 4996 3349 5034 unum
3380 4998 3475 5052 pro
3506 4987 3701 5043 multis.
3736 4990 3848 5047 Sed

2262 5073 2365 5112 non
2396 5060 2472 5113 sic
2498 5061 2651 5122 dixit.
2682 5064 2796 5129 sed,
2832 5064 2935 5118 Per
2962 5070 3219 5135 passiones
3247 5090 3629 5142 consummare;
3660 5092 3851 5138 esten-

2261 5149 2337 5203 dit
2385 5151 2522 5217 quod
2566 5155 2655 5222 qui
2689 5171 2785 5223 pro
2832 5157 3010 5228 aliquo
3040 5170 3124 5215 est
3177 5180 3383 5231 passus,
3420 5184 3524 5223 non
3564 5172 3735 5228 solum
3766 5176 3848 5231 illi

2264 5242 2495 5308 prodest,
2526 5246 2620 5299 sed
2651 5249 2808 5301 etiam
2857 5250 2970 5320 ipse
3013 5252 3069 5306 ﬁt
3112 5258 3419 5324 prwclarior
3448 5273 3499 5315 et
3533 5264 3844 5332 perfectior.

2263 5334 2373 5389 lloc
2388 5346 2562 5390 autem
2586 5339 2712 5393 dicit
2755 5342 3016 5409 ﬁdelibus,
3041 5347 3118 5399 eis
3136 5349 3368 5403 animum
3383 5352 3605 5419 addens,
3630 5367 3682 5410 et
3711 5361 3847 5413 red-

2260 5423 2727 5482 densaudaciores.
2748 5431 2954 5485 Etenim
2974 5434 3215 5490 Christus
3237 5446 3359 5493 tunc
3382 5441 3472 5495 fuit
3492 5445 3841 5515 glorificatus,

2260 5516 2470 5582 quando
2488 5529 2567 5571 est
2585 5535 2792 5589 passus.
2818 5523 3037 5588 Quando
3059 5540 3233 5582 amem
3262 5530 3402 5596 dico,
3430 5533 3550 5587 Fuit
3574 5537 3845 5604 glorifica-

2264 5616 2362 5671 tus,
2386 5624 2451 5661 ne
2471 5610 2742 5664 existimes
2758 5614 2903 5668 abeo
2918 5627 3240 5684 assumptam
3266 5636 3383 5675 esse
3400 5625 3656 5690 gloriam:
3686 5628 3835 5685 illam

2261 5702 2403 5752 enim
2433 5712 2632 5755 naturae,
2654 5706 2871 5771 gloriam
2916 5723 3131 5776 semper
3166 5710 3347 5766 habuit
3371 5714 3500 5768 nihil
3538 5732 3839 5790 assumpto.

2343 5815 2414 5879 (a)
2440 5815 2527 5866 llic
2548 5817 2707 5867 hiatus
2730 5832 2931 5881 magnus
2957 5832 3027 5873 est
3056 5825 3101 5871 in
3126 5824 3401 5879 (’nlbertino
3426 5831 3615 5883 Codice.
