4020 6436
621 427 699 481 ‘4'!
872 415 876 422 λ
1277 419 1336 478 S.
1377 420 1664 478 JOANNIS
1700 415 2187 477 CHRYSOSTOMI
2219 415 2537 477 ARCUIEP.
2578 421 3132 483 CONSTANTINOP.
3799 429 3866 483 ιε

633 541 1082 612 ἐπαισχύνεται,
1113 540 1382 595 δείκνυσιν
1409 544 1468 596 οὐ
1495 542 1594 613 τῆς
1620 540 1713 595 τοῦ
1745 541 2068 612 πράγματος
2095 537 2196 607 φύε

627 643 793 691 σεως,
820 624 953 679 ἀλλά
982 624 1082 696 τῆς
1105 624 1478 696 φιλοστοργίας
1504 624 1600 677 τοῦ
1630 624 1706 696 μὴ
1735 622 2196 694 ἐπαισχυνομένου

635 711 694 764 τδ
727 711 834 764 πᾶν
877 709 973 776 δν,
1014 708 1245 776 καὶτῆς
1287 707 1792 778 ταπεινοφροσύνης
1829 707 1930 777 τῆς
1970 703 2193 771 πολλῆς.

636 793 697 846 Et
729 793 839 863 γάρ
866 791 962 845 καὶ
998 791 1059 855 ἐξ
1091 790 1239 853 ἐνὸς,
1287 787 1401 842 ἀλλ’
1444 791 1476 843 6
1512 790 1610 859 μὲν
1645 789 1895 858 ἁγιάζει,
1941 788 2102 858 ἡμεῖς
2137 785 2196 840 δέ

635 873 991 946 ἀγιαξόμεθα.
1036 873 1174 927 Πολύ
1217 871 1275 924 δέ
1309 871 1372 925 τὸ
1415 871 1613 942 μέσον·
1654 873 1748 926 καὶ
1790 874 1818 926 6
1853 871 1952 941 μέν
1997 872 2062 923 ἐκ
2099 869 2194 922 τοῦ

635 956 866 1027 Πατρὺς,
905 955 978 1012 ὡς
1016 954 1141 1016 Υίὺς
1178 955 1419 1025 γνήσιος,
1454 954 1752 1019 τουτέστιν,
1781 955 1844 1006 ἐκ
1874 955 1974 1022 τῆς
2006 950 2196 1014 οὐσίας

632 1039 830 1093 αὐτοῦ’
861 1037 1024 1106 ἡμεῖς
1069 1035 1126 1089 δέ
1162 1037 1238 1100 ὡς
1283 1037 1505 1107 κτίσμα,
1538 1037 1837 1099 τουτέστιν,
1872 1034 1935 1099 ἐξ
1962 1035 2062 1087 οὐκ
2107 1033 2197 1086 δνο

630 1135 756 1175 των.
790 1120 951 1172 Ὥστε
994 1118 1128 1172 πολύ
1166 1119 1226 1172 τὺ
1271 1119 1466 1188 μέσον.
1495 1119 1586 1171 Διό
1624 1133 1825 1187 φησιν’
1869 1119 1991 1171 οὐκ
2027 1116 2193 1169 ἐπαι-

626 1204 919 1273 σχύνεται
943 1200 1246 1269 ἀδελφοὺς
1265 1200 1488 1266 αὐτοὺς
1503 1200 1731 1264 καλεῖν,
1752 1198 1924 1266 λέγων
1941 1217 1954 1230 ·
1990 1198 2194 1268 Ἄπαγε

630 1283 784 1356 τελῶ
823 1285 890 1338 τό
927 1282 1113 1352 ὄνομά
1145 1298 1260 1336 σου
1293 1282 1416 1348 τοῖς
1447 1280 1732 1350 ἀδελφοῖς
1757 1297 1898 1349 μου.
1942 1279 2054 1351 Τὴν
2085 1279 2193 1349 γὰρ

631 1369 808 1438 σάρκα
847 1367 1225 1438 ἐνδυσάμενος,
1271 1364 1557 1419 ἐνεδύσατο
1594 1362 1689 1418 καὶ
1723 1363 1824 1432 τὴν
1861 1360 2192 1432 ἀδελφότητα

630 1451 725 1503 καὶ
766 1449 1112 1521 συνεισῆλθεν
1165 1448 1302 1519 όμοῦ
1339 1449 1406 1516 τῇ
1451 1445 1614 1515 σαρκὶ
1665 1444 1761 1498 καὶ
1799 1444 1834 1513 ή
1873 1443 2189 1513 ἀδελφότης.

641 1532 801 1588 Ἀλλά
849 1533 1008 1587 τοῦτο
1047 1531 1147 1603 μὲν
1200 1530 1422 1592 εἰκότως
1461 1527 1698 1599 παράγει
1720 1543 1735 1557 ⁸
1785 1526 1849 1579 τὸ
1897 1525 1976 1592 δέ,
2046 1525 2194 1594 Ἐγὼ

629 1618 840 1687 ἔσομαι
877 1615 1170 1680 πεποιθὼς
1209 1613 1299 1666 ἐπ’
1335 1610 1530 1676 αὐτῷ,
1577 1610 1630 1663 τί
1671 1609 1955 1681 βούλεταις
1988 1608 2095 1662 Καὶ
2131 1607 2192 1660 τὸ

632 1698 770 1771 μετά
791 1698 963 1752 ταῦτα
991 1698 1046 1752 δέ
1070 1698 1325 1759 εἰκότωςο
1373 1693 1528 1750 Ἰδοὺ
1556 1693 1672 1764 ἐγὼ
1705 1692 1807 1748 καί
1828 1693 1902 1747 τά
1927 1692 2132 1746 παιδία
2154 1691 2192 1746 ἆ

624 1800 725 1852 μοι
767 1780 992 1835 ἔδωκεν
1035 1783 1068 1834 ό
1113 1779 1274 1844 Θεός.
1318 1776 1531 1847 Ὠσπερ
1566 1778 1674 1847 γὰρ
1702 1775 1937 1830 ἐνταῦθα
1981 1775 2191 1844 πατέρα

627 1865 898 1917 δείκνυσιν
931 1861 1138 1926 ἐαυτὸν,
1173 1859 1343 1923 οὕτως
1369 1859 1488 1911 ἐκεῖ
1515 1857 1742 1926 ἀδελφόν
1763 1874 1778 1889 ο
1826 1855 2187 1927 uuam-8.26),

627 1947 762 2017 φησὶ
781 1985 796 2012 ,
826 1946 893 2000 τό
935 1942 1120 2012 ὄνομά
1151 1957 1268 1996 σου
1303 1941 1426 2008 τοῖς
1453 1939 1568 2012 [44]
1600 1941 1883 2009 ἀδελφοῖς
1903 1957 2024 2009 μου
2045 1956 2061 1971 ·
2094 1940 2190 1993 καὶ

628 2027 790 2083 πάλιν
812 2029 912 2099 τὴν
939 2024 1210 2095 ὑπεροχὴν
1233 2023 1495 2085 δείκνυσι,
1526 2023 1620 2075 καὶ
1643 2023 1777 2076 πολὺ
1802 2022 1864 2075 τὸ
1886 2023 2070 2091 μέσον,
2101 2021 2189 2075 διά

626 2111 734 2164 τῶν
767 2111 924 2180 ἐξῆς·
957 2107 1110 2160 Ἐπεὶ
1135 2101 1248 2159 οὖν
1276 2109 1346 2158 τά
1381 2103 1609 2169 παιδία,
1653 2105 1806 2174 φησὶ,
1832 2102 2188 2171 κεκοινώνη-

626 2208 734 2246 κεν
754 2187 999 2260 αῖμαέος
1029 2189 1126 2242 καὶ
1154 2187 1400 2254 σαρκός.

693 2273 756 2328 δ’.
795 2273 961 2344 Ὁρᾷς
989 2269 1115 2336 ποῦ,
1152 2271 1306 2339 φησὶ,
1343 2269 1405 2322 τὸ
1434 2269 1655 2340 δμοιονς
1692 2268 1831 2323 κατά
1860 2266 1958 2338 τὴν
1986 2268 2185 2339 σάρκα.

629 2355 1069 2424 Παραπλησιως
1088 2353 1185 2406 καὶ
1207 2351 1392 2418 αὐτὸς
1413 2353 1671 2421 μετέσχε
1699 2351 1821 2405 τῶν
1847 2349 2066 2405 αὐτῶν.
2094 2352 2188 2403 Λῖ-

628 2435 1008 2508 σχυνέσθωσαν
1037 2435 1237 2496 πάντες
1268 2435 1315 2487 οἱ
1345 2436 1633 2507 αίρετικοὶ,
1667 2433 2190 2503 ἐγκαλυπτέσθωσαν

624 2522 676 2573 οί
710 2520 930 2589 δοκήσει
974 2517 1224 2584 λέγοντες
1268 2517 1432 2570 αὐτὸν
1478 2515 1920 2587 παραγενέσθαι,
1960 2515 2055 2568 καὶ
2089 2515 2190 2567 οὐκ

624 2601 874 2672 ἀληθείᾳ.
899 2600 974 2652 Οὐ
1004 2597 1112 2668 γὰρ
1137 2591 1310 2661 εἴπεν,
1343 2599 1424 2651 δτι
1445 2598 1712 2666 Μετέσχε
1735 2598 1979 2660 τούτων,
2005 2596 2184 2667 μόνον,

625 2685 718 2738 καὶ
745 2685 968 2751 ἐσίγησε
992 2698 1006 2712 ο
1039 2681 1216 2736 καίτοι
1256 2682 1351 2734 καὶ
1374 2683 1423 2733 εί
1455 2681 1627 2744 οὕτως
1653 2676 1830 2743 εἶπεν,
1866 2680 2051 2735 ίκανον
2077 2675 2144 2751 ἦν
2168 2695 2184 2711 ·

623 2766 737 2820 ἀλλ’
786 2765 972 2837 ἔτερόν
999 2782 1055 2817 τι
1097 2764 1280 2834 μεῖζον
1313 2764 1556 2832 ἐνέφηνε,
1601 2763 1686 2828 τδ,
1723 2763 2183 2832 Παραπλησίως,

622 2848 899 2922 προσθείς.
932 2848 1004 2901 Οὐ
1039 2846 1309 2917 φαντασίᾳ
1335 2845 1455 2898 οὐδέ
1477 2845 1662 2909 είκόνι,
1698 2846 1883 2914 φησὶν,
1907 2843 2022 2898 ἀλλ’
2053 2843 2186 2914 ἀλη-

623 2933 744 3003 θεία
769 2950 782 2964 ’
808 2931 932 2984 ἐπεὶ
957 2930 1038 2994 τὸ,
1062 2927 1524 2997 Παραπλησίως,
1549 2927 1609 2980 οὐ
1643 2925 1894 2992 σώζεται.
1921 2923 2056 2981 Εἶτα
2081 2927 2187 2981 δεί-

624 3015 719 3079 ξας
757 3013 856 3082 τὴν
885 3010 1219 3081 ἀδελφότητα
1241 3052 1255 3076 ,
1283 3009 1377 3062 καὶ
1402 3009 1503 3081 τὴν
1531 3008 1705 3062 αἰτίαν
1726 3019 1751 3048 ι
1771 3009 1955 3080 τίθησι
1975 3010 2075 3080 τῆς
2105 3011 2186 3063 οἱ-

624 3095 883 3165 κονομίας
898 3112 910 3125 ·
932 3094 1129 3158 Ὅπως
1141 3092 1236 3146 διὰ
1253 3091 1357 3146 τοῦ
1373 3091 1653 3156 θανάτου,
1668 3093 1821 3163 φησι,
1837 3091 2184 3162 καταργήσῃ

621 3179 728 3230 τὸν
750 3178 817 3230 τὸ
848 3174 1064 3243 κράτος
1087 3175 1304 3240 ἔχοντα
1327 3173 1432 3228 τοῦ
1457 3174 1735 3236 θανάτου,
1765 3174 2061 3240 τουτέστι,
2084 3175 2190 3228 τὸν

623 3259 922 3313 διάϐολον.
961 3255 1222 3309 Ἐνταῦθα
1251 3257 1310 3308 τέ
1345 3256 1658 3324 θαυμαστὸν
1686 3256 1978 3323 δείκνυσιν,
2007 3257 2090 3311 δτι
2121 3257 2188 3312 δι’

621 3335 683 3394 οὗ
718 3341 1020 3410 ἐκράτησεν
1065 3338 1092 3389 6
1129 3337 1408 3403 διάϐολος,
1453 3338 1539 3391 διὰ
1577 3337 1766 3391 τούτου
1813 3339 2056 3408 ἡττήθη,
2095 3343 2188 3395 καὶ

596 3476 598 3479 ι
621 3426 758 3495 ὅπερ
791 3420 1008 3492 ισχυρὸν
1030 3416 1096 3490 ἦν
1118 3418 1267 3488 αὐτῷ
1298 3420 1459 3472 ὅπλον
1493 3419 1633 3472 κατὰ
1657 3421 1759 3489 τῆς
1786 3423 2132 3494 οίκουμένης,
2159 3427 2187 3479 6

624 3505 886 3566 θάνατος,
937 3501 1113 3570 τούτῳ
1144 3501 1306 3553 αὐτὸν
1343 3500 1575 3573 έπληξεν
1617 3503 1646 3554 6
1686 3503 1920 3572 Χριστός
1944 3519 1959 3536 ο
1997 3505 2092 3559 καὶ
2126 3507 2187 3559 τὸ

624 3587 756 3642 πολὺ
782 3587 880 3654 τῆς
906 3584 1186 3652 δυνάμεως
1220 3584 1312 3637 τοῦ
1349 3585 1669 3654 νικήσαντος
1709 3585 1981 3653 ἐμφαίνει.
2025 3589 2186 3658 Ὁρᾷς

623 3673 744 3725 ὅσον
779 3671 808 3721 6
849 3670 1072 3733 θάνατος
1111 3668 1403 3739 εἰργάσατο
1445 3667 1640 3732 καλόνς
1682 3668 1789 3721 Καὶ
1834 3669 2183 3738 ἀπαλλάξῃ,

625 3754 779 3823 φησὶ,
805 3752 1076 3817 τούτους,
1101 3751 1233 3805 ὅσοι
1252 3752 1411 3819 φόϐῳ
1436 3749 1694 3803 θανάτου
1718 3749 1816 3802 διὰ
1837 3751 2063 3814 παντὸς
2083 3753 2186 3806 τοῦ

623 3835 730 3904 ζῇν
752 3835 955 3902 ἔνοχοι
995 3832 1157 3904 ἦσαν
1185 3832 1487 3896 δουλείας.
1515 3830 1671 3893 Τίνος
1699 3831 1887 3883 ἕνεκεν
1914 3833 2185 3902 φρίττετε,

623 3916 778 3989 φησι,
807 3918 858 3969 τί
879 3917 1151 3970 δεδοίκατε
1172 3916 1264 3968 τδν
1289 3913 1704 3984 καταργηθέντα
1720 3932 1734 3979 ;
1752 3915 1937 3968 οὐκέτι
1959 3916 2188 3986 φοϐερός

623 4003 790 4065 ἐστιν,
804 3999 938 4054 ἀλλά
955 4000 1284 4068 πεπάτηται,
1305 3997 1808 4068 καταπεφρόνηται,
1829 3998 2055 4070 εὐτελής
2073 4001 2185 4053 ἐστι

624 4085 718 4137 καὶ
750 4083 960 4146 οὐδενὸς
984 4082 1152 4146 ἄξιος.
1178 4081 1244 4133 Τί
1271 4081 1326 4133 δέ
1358 4082 1528 4143 ἐστιν,
1555 4079 1716 4133 Ὅσοι
1746 4083 1908 4148 φόϐῳ
1929 4082 2185 4137 θανάτου

623 4167 718 4219 διὰ
736 4167 960 4230 παντὸς
977 4163 1082 4217 τοῦ
1097 4162 1204 4230 ζῇν
1217 4164 1419 4230 ἔνοχοι
1434 4158 1596 4230 ἦσαν
1611 4161 1891 4228 δουλείας
1905 4181 1919 4228 ;
1934 4164 1988 4216 τί
2006 4164 2182 4230 τοῦτο,

626 4249 820 4317 φησίν;
852 4249 972 4300 Ὀτι
997 4250 1024 4299 6
1045 4247 1133 4300 :6v
1161 4245 1387 4299 θάνατον
1413 4243 1684 4307 δεδοικὼς,
1716 4245 1901 4310 δοῦλός
1918 4248 2055 4312 ἐστι,
2092 4249 2186 4301 καὶ

625 4332 801 4384 πάντα
835 4330 1124 4398 ὑφίσταται
1153 4329 1289 4399 ὑπὲρ
1326 4327 1420 4381 τοῦ
1461 4328 1533 4397 μὴ
1560 4328 1850 4381 ἀποθανεῖν
1870 4343 1884 4358 ⁸
1923 4329 1955 4399 ἢ
1983 4331 2182 4396 ἐκεῖνο,

621 4417 701 4468 ὅτι
733 4413 933 4476 πάντες
959 4412 1136 4466 δοῦλοι
1175 4408 1315 4482 ἦσαν
1351 4410 1445 4463 τοῦ
1489 4412 1741 4476 θανάτου,
1784 4413 1939 4482 φησὶ.
1971 4415 2064 4466 καὶ
2108 4415 2186 4484 τῷ

626 4496 846 4568 μηδέπω
889 4495 1049 4549 αὐτὸν
1097 4493 1349 4546 λελύσθαι
1393 4493 1755 4564 ἐκρατοῦντο’
1813 4495 1870 4565 ἢ,
1915 4489 1940 4529 δ
1993 4493 2062 4566 [εί
2110 4497 2184 4568 μὴ

620 4577 823 4648 τοῦτο,]
847 4579 926 4630 ὅτι
956 4575 1102 4646 φόϐῳ
1135 4578 1368 4646 διηνεκεῖ
1402 4575 1636 4638 συνέζων
1660 4577 1706 4628 οί
1735 4575 2031 4645 ἄνθρωποι.
2074 4579 2185 4630 Ἀεὶ

621 4662 729 4732 γὰρ
762 4659 1217 4727 ἀποτεθνήξεσθαι
1251 4657 1677 4727 προσδοκῶντες,
1711 4661 1805 4712 καὶ
1833 4660 1924 4712 τὸν
1957 4661 2185 4714 θάνατον

605 4743 937 4805 δεδοικότες,
957 4741 1212 4810 οὐδεμιᾶς
1231 4740 1422 4809 ἡδονῆς
1439 4739 1688 4808 αἴσθησιν
1705 4742 1885 4793 λαϐεῖν
1903 4742 2181 4811 ἠδύναντο,

621 4826 712 4878 τοῦ
740 4825 906 4893 φόϐου
928 4825 1114 4876 τούτου
1141 4824 1404 4891 παρόντος
1426 4823 1608 4881 αὐτοῖς
1625 4838 1637 4848 ·
1664 4823 1818 4875 τοῦτο
1846 4825 1951 4894 γὰρ
1969 4825 2185 4893 ᾐνίξατο

621 4907 812 4961 εἰπών’
849 4909 950 4961 Διὰ
977 4906 1200 4971 παντὸς
1230 4905 1334 4957 τοῦ
1359 4903 1482 4971 ζῇν.
1507 4905 1785 4957 Δείκνυσιν
1807 4905 2036 4958 ἐνταῦθα
2058 4909 2183 4970 τοὺς

621 4988 988 5058 θλιϐομένους,
1023 4990 1145 5050 τοὺς
1177 4987 1588 5056 ἐλαυνομένους,
1628 4989 1752 5048 τοὺς
1799 4987 2182 5055 διωκομένους,

619 5075 744 5135 τοὺς
768 5072 864 5124 καὶ
884 5072 1136 5142 πατρίδος
1164 5073 1251 5123 καὶ
1278 5073 1465 5135 οὐσίας
1486 5072 1578 5125 καὶ
1604 5069 1712 5124 τῶν
1735 5068 1906 5132 ἄλλων
1929 5071 2183 5125 ἁπάντων

620 5156 1141 5225 ἀποστερουμένους,
1155 5155 1303 5224 ἥδιον
1328 5156 1609 5222 διάγοντας
1627 5153 1723 5206 καὶ
1738 5152 2183 5223 ἐλευθεριώτερον

620 5237 842 5290 ἐκείνων
872 5237 976 5289 τῶν
1017 5239 1072 5290 ἐν
1103 5239 1282 5307 τρυφῇ
1326 5238 1386 5290 τὸ
1439 5237 1602 5290 πάλαι
1651 5235 2048 5305 τυγχανόντων,
2074 5235 2183 5290 τῶν

623 5321 787 5391 μηδὲν
814 5319 1068 5373 τοιοῖτων
1098 5319 1399 5382 παθόντων,
1432 5319 1540 5371 τῶν
1567 5317 1976 5389 εὐθηνουμένων
1994 5334 2009 5348 °
2043 5321 2093 5371 εί
2119 5336 2182 5387 γε

621 5405 814 5456 ἐκεῖνοι
852 5402 951 5471 μὲν
979 5402 1066 5454 διὰ
1104 5402 1300 5464 παντὸς
1339 5401 1432 5454 τοῦ
1470 5399 1568 5470 ζῇν
1595 5401 1699 5454 ὐπὸ
1729 5402 1807 5472 τῷ
1839 5400 1989 5470 φόϐῳ
2010 5401 2184 5472 τούτῳ

723 5599 958 5666 (ξριῃηιβι.
983 5606 1035 5646 el
1067 5600 1246 5666 Bfeggq
1269 5601 1323 5666 οὐ
1348 5601 1565 5666 Δδοκήσει
1612 5601 1733 5648 ἀλλά
1768 5601 1960 5666 ἀληθείᾳ
2002 5605 2181 5662 δεικνὺς

618 5661 702 5715 τὴν
731 5660 1041 5720 ἀδελφότητα.
1069 5661 1185 5708 Εἶτα
1210 5663 1289 5706 καί
1311 5663 1395 5719 τὴν
1428 5662 1597 5709 αῑτίαν.

684 5720 727 5787 δ’
744 5720 919 5787 γεεί»,
942 5720 1258 5787 τίμὴ-τοῦτο,
1274 5721 1592 5787 qu‘absung
1608 5723 1657 5770 in
1679 5722 1832 5787 Regg.
1856 5730 1905 5773 et
1925 5724 2138 5776 Commcl
2165 5767 2178 5787 ,

622 5782 810 5830 uncinis
834 5788 941 5843 post
969 5782 1200 5830 Savilium
1227 5781 1526 5831 inﬁlusimus.
1560 5783 1689 5832 Enn.

2301 531 2442 608 ἦσαν
2470 537 2586 611 [45]
2619 542 2714 594 καὶ
2735 541 2931 606 δοῦλοι,
2956 545 3108 597 αὐτοὶ
3145 543 3202 598 δέ
3235 544 3425 598 τούτου
3456 545 3595 600 εἰσιν
3624 545 3868 614 ἀπηλλα-

2295 620 2508 690 γμένοι,
2528 623 2622 675 καὶ
2641 622 2905 699 γελῶντες
2925 626 3103 689 τοῦτο,
3121 627 3258 698 ὅπερ
3279 627 3476 681 ἐκεῖνοι
3506 629 3864 697 πεφρίκασιν.

2299 700 2508 774 Ὠσπερ
2523 702 2634 775 γάρ
2655 704 2708 757 εί
2721 721 2804 768 τις
2820 705 3107 777 δεσμώτην
3130 708 3394 778 μέλλοντα
3412 710 3512 780 τὴν
3531 712 3626 764 ἐπὶ
3641 712 3870 765 θάνατον

2298 784 2549 852 ἄγεσθαι,
2585 786 2680 839 καὶ
2700 786 2789 839 ἀεὶ
2819 787 2978 840 τοῦτο
3000 791 3406 860 προσδοκῶντα,
3431 791 3675 848 λιπαίνοι
3699 792 3866 864 πολλῇ

2296 868 2362 936 τῇ
2380 869 2560 938 τρυφῇ
2583 883 2598 898 ο
2615 867 2858 920 τοιοῦτόν
2874 887 2927 922 τι
2943 866 3011 941 ἦν
3031 871 3092 923 τδ
3107 871 3339 926 παλαιὸν
3361 875 3390 926 6
3411 873 3664 938 θάνατος.
3684 874 3802 928 Νῦν
3815 876 3870 927 δέ

2294 948 2489 1001 ταυτὸν
2524 949 2765 1017 γέγονεν,
2785 943 2896 1003 οἷον
2919 952 2984 1004 ἀν
3005 953 3059 1006 εί
3077 969 3162 1018 τις
3185 955 3278 1008 τὸν
3299 955 3465 1025 φόϐον
3487 959 3695 1012 ἐκεῖνον
3718 956 3875 1011 ἐκϐα-

2297 1027 2423 1094 λὼν,
2463 1033 2599 1100 μετὰ
2637 1034 2734 1100 τῆς
2784 1034 2999 1103 τρυφῆς
3052 1034 3235 1089 ἀθλεῖν
3277 1039 3602 1108 προτρέποι,
3632 1038 3730 1091 καὶ
3783 1037 3873 1089 τδν

2295 1114 2484 1180 ἀγῶνα
2530 1114 2829 1183 προτιθεὶς,
2873 1117 3235 1184 ἐπαγγέλοιτο
3281 1120 3480 1189 μηκέτι
3509 1122 3591 1184 είς
3619 1120 3870 1180 θάνατον.

2293 1194 2408 1248 ἀλλ’
2439 1196 2518 1258 είς
2554 1196 2832 1266 βασιλείαν
2879 1199 3130 1267 ἀγαγεῖν.
3159 1199 3334 1254 Τίνων
3372 1197 3466 1255 οὖν
3496 1201 3776 1272 ἠθέλησας
3807 1203 3873 1255 σύ

2294 1277 2568 1344 γενέσθαι,
2595 1279 2706 1332 τῶν
2734 1283 2791 1333 ἐν
2823 1281 2898 1350 τῷ
2919 1281 3278 1353 δεσμωτηρίῳ
3300 1280 3704 1353 λιπαινομένων
3735 1283 3873 1356 μετά

2292 1357 2388 1411 τοῦ
2428 1361 2552 1413 καθ’
2587 1362 2826 1433 ἐκάστην
2855 1363 3071 1434 ἡμέραν
3107 1363 3204 1435 τὴν
3230 1365 3510 1435 ἀπόφασιν
3539 1367 3871 1438 προσδοκᾷν,

2292 1439 2325 1510 ἢ
2347 1442 2457 1496 τῶν
2480 1443 2791 1498 ἀθλούντων
2819 1446 3013 1512 πολλὰ,
3039 1449 3135 1500 καὶ
3165 1447 3471 1502 πονούντων
3493 1448 3697 1513 ἐκοντὶ,
3728 1449 3868 1502 ὥστε

2291 1523 2353 1576 τὸ
2381 1525 2620 1596 διάδημα
2657 1528 2756 1598 τῆς
2793 1528 3073 1599 βασιλείας
3105 1530 3515 1602 ἀναδήσασθαι;
3553 1530 3719 1602 Ὀρᾷς
3760 1530 3870 1592 πῶς

2291 1606 2474 1658 αὐτῶν
2517 1603 2619 1679 ἦρε
2663 1608 2763 1677 τὴν
2801 1610 3002 1681 ψυχὴν,
3033 1611 3129 1664 καὶ
3179 1610 3490 1682 μετεώρους
3537 1612 3870 1682 είργάσατο;

2292 1690 2542 1744 Δείκνυσι
2575 1691 2634 1744 δέ
2667 1693 2729 1746 οὐ
2759 1693 2850 1746 τὸν
2873 1695 3105 1748 θάνατον
3135 1695 3297 1765 μόνον
3324 1695 3700 1764 πεπαυμένον,
3735 1693 3874 1748 ἀλλά

2290 1770 2380 1824 διά
2409 1772 2601 1827 τούτου
2631 1775 2883 1829 κάκεῖνον
2909 1777 3001 1830 τὸν
3036 1776 3300 1831 ἄσπονδον
3331 1776 3470 1847 πρὸς
3500 1777 3648 1847 ἡμᾶς
3671 1778 3762 1830 ἀεὶ
3781 1777 3874 1829 τὸν

2291 1854 2525 1926 πόλεμον
2546 1857 2961 1929 ἐπανῃρημένον
2984 1860 3079 1913 καλ⁵
3095 1859 3564 1930 ἐπιδεικνύμενον,
3584 1861 3679 1913 τὸν
3697 1860 3874 1915 διάϐο-

2292 1936 2382 1989 λον
2414 1937 2556 2006 λέγω
2579 1940 2996 2012 καταργηθέντα
3012 1958 3025 1972 ·
3047 1943 3076 1994 6
3096 1942 3206 2012 γάρ
3231 1942 3460 1995 θάνατον
3490 1942 3566 2012 μὴ
3594 1941 3871 2004 δεδοικὼς.

2291 2017 2396 2083 εξω
2423 2019 2526 2090 τῆς
2558 2023 2874 2093 τυραννίδος
2900 2023 3018 2076 ἐστὶ
3046 2023 3142 2077 τοῦ
3168 2023 3445 2078 διαϐόλου.
3477 2024 3538 2078 El
3560 2025 3671 2095 γὰρ
3691 2023 3874 2094 δέρμα

2289 2102 2431 2175 ὺπέρ
2463 2104 2750 2175 δέρματος,
2777 2107 2874 2159 καὶ
2899 2107 3077 2159 πάντα
3101 2105 3219 2176 δοίη
3240 2107 3318 2160 -άν
3347 2123 3433 2170 τις
3465 2106 3608 2177 ὐπέρ
3635 2109 3738 2177 τῆς
3765 2105 3874 2176 ψυ-

2288 2187 2391 2258 χῆς
2410 2188 2605 2242 αὐτοῦ’
2641 2189 2772 2242 ὃταν
2805 2189 2900 2242 καὶ
2930 2188 3137 2259 ταύτης
3170 2190 3336 2262 κρίνῃ
3361 2207 3447 2252 τις
3479 2191 3871 2261 καταφρονεῖν.

2287 2270 2432 2333 τίνος
2474 2271 2628 2324 ἐσται
2656 2270 2840 2336 δοῦλος
2883 2271 3111 2335 λοιπόν;
3143 2271 3349 2325 Οὐδένα
3387 2271 3646 2338 δέδοικεν,
3676 2272 3875 2328 οὐδένα

2289 2352 2551 2423 φοϐεῖται,
2581 2356 2796 2408 πάντων
2821 2353 2968 2406 ἐστὶν
2988 2353 3277 2423 ἀνώτερος,
3300 2353 3396 2406 καὶ
3416 2353 3633 2408 πάντων
3653 2353 3875 2408 ἐλευθε-

2289 2433 2448 2506 ριὼτε
2459 2452 2569 2507 ρος.
2605 2436 2666 2489 '0
2689 2437 2795 2507 γάρ
2817 2437 2917 2506 τῆς
2936 2436 3120 2506 ψυχῆς
3133 2437 3231 2507 τῆς
3254 2435 3450 2490 ἐαυτοῦ
3479 2437 3868 2510 καταφρονῶν,

2256 2518 2468 2588 ’πολλῷ
2499 2518 2700 2587 μᾶλλον
2755 2518 2867 2572 τῶν
2915 2518 3114 2573 ἄλλων.
3153 2520 3325 2573 Ὅταν
3380 2520 3438 2572 δὲ
3488 2518 3628 2592 εὕρῃ
3683 2521 3871 2590 ψυχὴν

2287 2600 2548 2671 τοιαύτην
2579 2602 2609 2653 ό
2633 2600 2900 2664 διάϐολος,
2929 2601 3082 2655 οὐδὲν
3111 2603 3453 2674 ἐργάσασθαι
3485 2604 3782 2674 δυνήσεται
3812 2608 3873 2655 έν

2286 2683 2425 2752 αὐτῇ
2446 2682 2556 2734 τῶν
2587 2682 2801 2736 ἐαυτοῦ.
2837 2682 2902 2735 Τί
2949 2684 3079 2754 γάρ,
3115 2685 3238 2738 εἰπέ
3269 2701 3361 2754 μοι
3385 2726 3400 2748 ,
3432 2686 3733 2755 χρημάτων
3772 2687 3874 2755 ζη-

2291 2765 2423 2833 μίαν
2450 2765 2736 2835 ἀπειλήσει
2755 2765 2853 2818 καὶ
2889 2766 3114 2834 ἀτιμίαν
3137 2768 3231 2819 καὶ
3258 2767 3519 2838 πατρίδος
3548 2767 3866 2832 ἐκπτωσινς

2311 2846 2472 2899 ’Δλλά
2498 2848 2674 2901 ταῦτα
2712 2846 2884 2917 μικρά
2916 2847 2995 2916 τῷ
3020 2848 3156 2916 μηδέ
3182 2849 3277 2918 τὴν
3302 2849 3478 2919 ψυχὴν
3499 2850 3688 2919 τιμίαν
3715 2850 3871 2903 τιθε-

2290 2931 2455 3000 μένῳ,
2493 2931 2636 2985 κατά
2675 2932 2767 2983 τὸν
2807 2930 3080 3001 μακάριον
3129 2931 3360 2985 Παῦλον.
3418 2933 3583 3003 Ὁρᾷ-ς
3636 2934 3721 2985 ὅτι
3771 2933 3871 2987 τοῦ

2287 3010 2517 3066 θανάτου
2550 3011 2647 3082 τὴν
2684 3012 2977 3081 τυραννίδα
3028 3011 3297 3076 ἐκϐαλὼν,
3335 3012 3873 3080 συγκατέλυσε⁶⁹καὶ

2286 3094 2380 3148 τοῦ
2427 3093 2674 3148 διαϐόλου
2722 3094 2819 3164 τὴν
2872 3093 3056 3163 ίσχύν;
3115 3096 3144 3146 6
3184 3095 3293 3162 γὰρ
3351 3093 3479 3160 περι
3520 3095 3874 3158 ἀναστάσεως

2290 3176 2459 3246 μυρία
2489 3177 2800 3244 φιλοσοφεῖν
2830 3176 3017 3240 εἰδὼς,
3052 3176 3170 3239 πῶς
3197 3176 3399 3229 δέδοικε
3429 3176 3694 3242 θάνατον;
3750 3176 3872 3240 πῶς

2288 3257 2496 3328 φρίττει
2522 3258 2708 3310 λοιπόν
2723 3275 2737 3323 ;
2755 3257 2846 3329 Μὴ
2864 3258 3046 3311 τοίνυν
3064 3259 3359 3328 ἀσχάλλετε
3387 3258 3662 3325 λέγοντες,
3693 3258 3796 3312 Διά
3817 3260 3872 3311 τί

2286 3339 2356 3393 τά
2383 3341 2476 3393 καὶ
2499 3340 2568 3393 τά
2593 3341 2969 3409 πεπόνθαμεν;
3001 3340 3145 3393 οὕτω
3167 3341 3277 3410 γὰρ
3303 3340 3714 3412 λαμπροτέραὴ
3739 3341 3871 3412 νίκη

2287 3423 2518 3492 γίνεται·
2551 3423 2652 3476 οὐκ
2683 3423 2750 3476 ἂν
2772 3424 2827 3476 δὲ
2856 3420 2924 3492 ἦν
2951 3423 3201 3492 λαμπρὰ,
3233 3424 3281 3474 εί
3314 3424 3387 3492 μὴ
3417 3421 3630 3493 θανάτῳ
3653 3423 3746 3476 τὸν
3771 3423 3874 3476 θά-

2285 3521 2443 3561 νατον
2498 3505 2674 3558 ἔλυσε.
2735 3505 2808 3556 Τὸ
2856 3505 2912 3557 δὲ
2972 3504 3285 3573 θαυμαστὸν
3336 3503 3492 3556 τοῦτό
3539 3506 3724 3571 ἐστιν,
3782 3508 3873 3559 ὅτι

2285 3589 2352 3642 δι’
2377 3589 2558 3641 αὐτῶν
2585 3588 2748 3641 αὐτὸν
2779 3587 2997 3657 ἐνίκησε
3019 3629 3034 3652 ,
3087 3587 3155 3639 δι’
3179 3580 3253 3639 ὧν
3285 3587 3471 3656 ἴσχυσε
3495 3628 3508 3651 ,
3543 3587 3604 3640 τὸ
3631 3587 3872 3657 εὔπορον

2287 3670 2452 3723 αὐτοῦ
2504 3670 2786 3741 πανταχοῦ
2838 3672 2932 3723 καὶ
2983 3672 3291 3740 εὐμήχανον
3343 3669 3579 3732 δεικνύς.
3657 3671 3751 3743 Μὴ
3802 3673 3872 3743 δὴ

2289 3750 2577 3820 προδῶμεν
2621 3753 2720 3822 τὴν
2759 3752 3003 3808 δοθεῖσαν
3032 3753 3163 3822 ἡμῖν
3190 3751 3421 3822 δωρεάν.
3475 3753 3557 3804 Οὐ
3579 3752 3690 3820 γὰρ
3719 3753 3868 3808 ἐλά-

2289 3835 2498 3901 ϐομεν,
2549 3834 2719 3901 φησὶ,
2775 3834 3007 3904 πνεῦμα
3055 3834 3367 3899 δειλίαςο,
3416 3833 3575 3886 ἀλλὰ
3627 3834 3873 3903 πνεῦμα

2289 3915 2594 3982 δυνάμεως
2626 3915 2721 3967 καὶ
2747 3916 2982 3983 ἀγάπης
3015 3917 3114 3970 καὶ
3143 3914 3589 3984 σωφρονισμοῦ.
3641 3916 3873 3988 Στῶμεν

2289 3993 2379 4052 οὖν
2405 3998 2668 4063 γενναίως
2694 3999 3099 4066 καταγελῶντες
3127 3999 3222 4051 τοῦ
3254 3999 3509 4052 θανάτου.

2359 4158 2470 4230 [46]
2499 4165 2558 4211 ε’.
2581 4158 2740 4213 Ἀλλά
2757 4157 2865 4230 γὰρ
2885 4159 3083 4228 ἐπῆλθὲ
3118 4177 3208 4227 μοι
3231 4158 3481 4223 στενάξαι
3511 4161 3729 4228 πικρὸν,
3755 4163 3867 4215 ποῦ

2292 4242 2387 4310 μὲν
2414 4243 2441 4293 6
2478 4241 2708 4311 Χριστὸς
2755 4242 2902 4312 ἡμᾶς
2943 4242 3218 4311 ἀνήγαγε,
3273 4242 3375 4294 ποῦ
3411 4243 3468 4294 δὲ
3512 4243 3741 4303 ἑαυτοὺς
3767 4261 3873 4296 κα-

2288 4323 2622 4392 τηγάγομεν.
2647 4324 2816 4376 Ὅταν
2848 4324 2954 4393 γὰρ
2979 4325 3073 4376 ίδω
3100 4325 3228 4386 τοὺς
3257 4325 3525 4388 κοπετοὺς
3561 4326 3687 4384 τοὺς
3721 4328 3871 4381 κατὰ

2288 4408 2385 4475 τὴν
2411 4406 2638 4475 ἀγορὰν,
2674 4406 2772 4464 τὰς
2803 4407 3070 4474 οἰμωγὰς,
3105 4406 3171 4468 ἃς
3203 4407 3295 4460 ἐπὶ
3333 4409 3444 4470 τοῖς
3481 4407 3872 4478 ἐξερχομένοις

2288 4489 2565 4542 ποιοῦνται
2599 4489 2691 4541 τοῦ
2729 4490 2867 4559 βίου,
2901 4489 2998 4552 τὰς
3031 4489 3309 4557 ὀλολυγάς,
3345 4491 3443 4554 τὰς
3475 4479 3876 4563 ἀσχημοούνας

2287 4574 2384 4632 τὰς
2432 4571 2599 4633 ἄλλας
2624 4613 2638 4636 ,
2699 4571 3023 4624 πιστεύσατε
3048 4615 3063 4638 ,
3112 4571 3442 4645 αἰσχύνομαι
3474 4577 3570 4628 καὶ
3599 4577 3874 4648 ’Έλληνας

2289 4655 2383 4706 καὶ
2418 4653 2698 4716 Ἰουδαίους
2727 4655 2820 4706 καὶ
2848 4654 3159 4722 αίρετικοὺς
3185 4659 3310 4719 τοὺς
3331 4658 3596 4727 ὁρῶντας,
3617 4660 3712 4710 καὶ
3737 4661 3874 4713 πάν-

2286 4752 2384 4799 τας
2444 4736 2631 4799 ἁπλῶς
2682 4739 2807 4799 τοὺς
2863 4735 2953 4790 διὰ
2995 4738 3156 4791 τοῦτο
3207 4739 3625 4806 καταγελῶντας
3671 4742 3868 4810 ἡμῶν·

2286 4822 2382 4873 ὅσα
2417 4821 2524 4890 γὰρ
2559 4821 2622 4872 ἂν
2653 4821 2790 4872 είπω
2818 4820 3024 4884 λοιπὸν,
3055 4824 3176 4892 εἰκῇ
3208 4822 3317 4889 ἐρῶ
3350 4824 3479 4892 περὶ
3507 4823 3873 4887 ἀναστάσεως

2288 4903 2612 4971 φιλοσοφῶν.
2673 4902 2736 4954 Τί
2790 4903 3033 4974 δήποτε;
3096 4906 3219 4957 Ὀτι
3275 4906 3335 4958 οὐ
3385 4909 3498 4966 τοῖς
3544 4905 3870 4975 λεγομένοις

2287 4987 2416 5055 παρ’
2448 4985 2582 5055 ἐμοῦ
2614 4988 2976 5057 προσέχουσιν
3001 4987 3260 5057 Ἕλληνες
3279 5030 3294 5053 ,
3330 4987 3467 5042 ἀλλά
3497 4990 3610 5050 τοῖς
3639 4990 3869 5058 γινομέ-

2288 5085 2399 5130 νοις
2436 5069 2565 5139 παρ’
2587 5070 2739 5139 ὐμῶν
2766 5085 2778 5098 '
2842 5070 3047 5132 εὐθέως
3076 5070 3186 5139 γὰρ
3219 5069 3408 5140 ἐροῦσι
3434 5088 3448 5102 ο
3485 5071 3623 5122 Πότε
3654 5071 3868 5125 τούτων

2285 5166 2367 5212 τις
2402 5153 2815 5221 καταφρονῆσαι
2849 5152 3080 5205 θανάτου
3111 5153 3442 5221 δυνήσεται,
3509 5153 3642 5223 μηδὲ
3675 5153 3868 5226 ἕτερον

2284 5233 2556 5287 τεθνεῶτα
2607 5235 2904 5305 δυνάμενος
2951 5236 3115 5301 ίδεῖν;
3176 5235 3332 5288 Καλὰ
3363 5236 3429 5289 τὰ
3460 5235 3726 5306 εἰρημένα
3759 5238 3868 5291 ὐπὸ

2283 5317 2377 5369 τοῦ
2409 5317 2646 5383 Παύλου,
2700 5317 2862 5383 καλὲ,
2909 5318 3004 5370 καὶ
3031 5317 3140 5369 τῶν
3169 5318 3414 5386 οὐρανῶν
3443 5317 3589 5384 ἄξια,
3638 5317 3736 5370 καὶ
3765 5321 3865 5387 τῆς

2283 5399 2376 5451 τοῦ
2402 5399 2534 5452 Θεοῦ
2565 5399 2993 5470 φιλανθρωπίας·
3026 5400 3079 5450 τί
3107 5399 3216 5469 γάρ
3247 5417 3412 5470 φησι;
3443 5401 3553 5454 Καὶ
3581 5401 3866 5454 (inaud-

2283 5482 2372 5546 εει
2423 5483 2712 5549 τούτους,
2774 5483 2904 5536 ὅσοι
2955 5483 3116 5550 φόϐῳ
3167 5482 3427 5536 θανάτου
3485 5485 3582 5536 διὰ
3631 5484 3864 5550 παντὸς

2283 5565 2387 5617 τοῦ
2432 5563 2538 5631 ζῇν
2575 5565 2777 5632 ἔνοχοι
2823 5562 2986 5634 ἦσαν
3028 5566 3329 5631 δουλείας.
3383 5565 3523 5618 ‘AD.’
3545 5566 3645 5617 οὐκ
3671 5567 3864 5634 ἀφίετε

2287 5799 2296 5808 1
2346 5740 2368 5766 ε
2401 5737 2546 5808 Marg.
2575 5739 2749 5808 savii”
2769 5740 2951 5808 πνεῦμα
2991 5743 3223 5803 δουλείας,
3239 5741 3588 5791 consenlicule
3618 5739 3862 5804 Μιιιὶειιιο,

2286 5801 2382 5845 imo
2407 5807 2464 5847 eL
2491 5804 2595 5860 ipso
2619 5807 2759 5851 ιριιυ
2787 5801 2938 5851 Pau'ai.
