4020 6404
154 342 217 397 ii
902 299 908 308 ’
1057 339 1122 397 iN
1164 338 1378 397 EPlST.
1427 339 1517 396 AD
1554 332 1919 393 uesanos.
1961 331 2116 390 csr.
2140 331 2209 386 ιι.
2248 330 2575 390 nomen.
3408 323 3473 379 is

163 450 250 500 H-
285 445 391 510 0κὲ
409 443 544 498 enim
586 442 890 511 ωηοιῖβεαιι
924 450 974 495 ει
999 443 1084 512 ςκε
1109 442 1511 511 “ﬁctilium”.
1568 460 1635 497 τε
1659 460 1760 498 uno
1862 458 1947 504 est
1972 462 2183 514 servus,
2213 454 2270 501 et
2302 446 2530 500 sustinet
2557 440 2737 497 omnia
2772 454 2839 495 ne
2878 437 3140 494 moriatur
3173 454 3186 491 ;
3220 445 3313 491 aut
3338 436 3465 491 illud

162 554 356 593 enim.
394 535 617 608 Propter
639 552 794 605 quant
834 550 1044 590 causam
1077 551 1179 589 non
1206 536 1542 607 confunditur
1573 540 1760 607 fratres
1863 536 2008 609 quod
2046 551 2235 592 omnes
2262 542 2419 590 erant
2456 530 2598 587 servi
2625 529 2838 597 mortis,
2870 537 2926 585 et
2955 526 3101 600 quod
3133 542 3197 583 ea
3227 524 3465 582 nondum

159 645 247 682 eos
289 643 486 681 rorare.
539 625 677 681 Ecce
728 638 917 680 rursus
964 623 1237 696 quomodo
1265 638 1361 681 eos
1402 625 1654 681 conciliat
1696 641 1761 683 ac

159 717 445 789 conjangit
474 725 531 772 et
573 714 848 770 houorans
890 721 947 770 et
992 714 1287 770 consolans
1323 724 1379 771 et
1425 730 1522 773 eos
1561 716 1764 773 iaciens

165 808 363 864 fratres
389 808 614 874 Christi,
644 821 711 863 ex
738 822 805 864 eo
833 804 979 877 quod
1006 805 1117 862 sint
1144 822 1211 863 ex
1242 822 1370 863 uno.
1404 808 1613 866 Deinde
1640 824 1764 865 rur-

164 914 262 956 sus
294 914 412 955 rem
441 898 838 964 communiens,
876 906 934 954 et
961 897 1255 957 ostendens
1292 912 1353 955 se
1382 898 1564 957 dicere
1592 898 1663 957 de
1699 915 1767 957 eo

166 990 314 1061 quod
358 998 444 1046 est
492 987 791 1045 secundum
832 1002 1077 1053 carnem,
1122 988 1447 1059 subiunxit:
1492 990 1591 1057 Qui
1633 992 1768 1047 enim

169 1082 484 1151 sanctiﬁcat,
510 1090 559 1136 et
583 1080 669 1151 qui
694 1080 1105 1147 sanctificatum.
1131 1077 1297 1135 Vides
1316 1090 1573 1151 quantum
1600 1082 1769 1138 inter-

170 1171 290 1228 sit?
320 1172 409 1228 ille
441 1170 658 1242 quidem
688 1168 1015 1235 sanctificat,
1054 1182 1154 1223 nos
1178 1183 1309 1225 vero
1349 1170 1768 1227 sanctiﬁcamur.

173 1262 246 1319 Et
292 1262 543 1333 superius
590 1274 717 1318 eum
765 1259 902 1315 dixit
947 1267 1224 1315 auctorem
1273 1260 1484 1316 salutis.
1519 1260 1665 1318 Unus
1698 1270 1774 1318 est

170 1356 311 1411 enim
340 1352 503 1419 Deus,
533 1368 598 1407 ω
630 1366 731 1422 quo
762 1350 954 1406 omnia.
984 1347 1210 1419 Propter
1249 1366 1402 1421 quam
1425 1366 1633 1406 causam
1672 1368 1775 1408 non

173 1448 427 1504 erubescit
465 1462 553 1503 eos
596 1460 777 1500 uocare
818 1447 1026 1515 fratres.
1071 1441 1235 1498 Vides
1266 1442 1541 1513 quomodo
1586 1459 1776 1501 rursus

176 1537 433 1597 ostendat
462 1534 879 1593 excellentiam?
906 1532 1097 1589 Dicere
1138 1532 1307 1598 enim,
1346 1531 1469 1587 Non
1496 1534 1775 1603 erubescit,

175 1628 421 1686 ostendit
465 1636 635 1682 totum
681 1638 807 1681 esse
852 1637 960 1679 non
1010 1623 1088 1678 rei
1135 1632 1364 1688 naturas,
1396 1622 1491 1679 sed
1522 1624 1641 1694 ejus
1687 1626 1779 1696 qui

188 1738 300 1777 non
353 1718 625 1776 erubescit
673 1714 1066 1772 benevolentia:
1110 1722 1167 1770 et
1210 1715 1396 1771 mutue
1441 1716 1778 1774 humilitatis.

178 1813 313 1870 Nam
359 1808 573 1867 etiamsi
614 1809 786 1863 simus
814 1821 880 1862 ex
910 1820 1043 1870 uno,
1074 1805 1165 1861 ille
1202 1805 1421 1876 quidem
1458 1808 1779 1876 sanctificat,

196 1911 300 1952 nos
326 1905 511 1953 autem
556 1897 974 1953 sanetiilcamur.
1026 1899 1251 1955 lultum
1303 1901 1549 1958 interest.
1592 1903 1658 1959 Et
1706 1902 1798 1961 ille
1834 1946 1837 1951 λ

194 1988 415 2061 quidem
466 2004 534 2045 ex
576 1989 756 2056 Patre,
810 2000 1081 2062 tamquam
1118 2007 1282 2048 verus
1320 2002 1373 2049 et
1418 1994 1666 2065 proprius
1701 1993 1795 2051 Fi-

192 2081 321 2149 lius,
353 2078 458 2137 hoc
485 2089 591 2149 est,
625 2095 693 2137 ex
720 2080 839 2152 ejus
869 2088 1142 2149 essentia;
1183 2098 1283 2139 nos
1312 2093 1490 2140 autem
1523 2095 1793 2157 tamquam

188 2180 468 2239 creatura,
499 2170 603 2227 hoc
629 2180 735 2238 est,
768 2186 835 2227 ex
867 2172 1060 2229 nihilo.
1084 2174 1308 2230 Multum
1339 2176 1520 2247 itaque
1542 2177 1790 2233 interest.

189 2262 558 2332 Quamobrem
588 2262 738 2330 dicit,
768 2262 894 2320 Non
916 2266 1166 2322 erubescit
1204 2268 1344 2339 ipsos
1370 2285 1550 2324 vocare
1578 2270 1788 2340 fratres,

189 2355 426 2410 diams:
477 2353 566 2410 12.
612 2351 880 2409 Nuntiabo
928 2372 1113 2410 nomen
1157 2365 1300 2411 tuum
1344 2358 1592 2430 fratribus
1644 2360 1788 2414 meis.

194 2445 334 2501 Nam
365 2458 531 2501 carne
572 2444 812 2515 indutus,
880 2445 1054 2502 induit
1093 2448 1255 2504 etiam
1278 2448 1691 2518 fraternitatem,
1735 2460 1792 2508 et

189 2535 357 2592 simul
387 2536 551 2591 etiam
584 2535 826 2607 ingressa
852 2545 938 2591 est
966 2551 1090 2592 cum
1117 2552 1281 2595 carne
1310 2538 1639 2596 fraternitas.
1681 2540 1789 2598 Sed

190 2624 297 2681 hoc
337 2624 559 2696 quidem
592 2626 791 2682 merito
826 2626 1091 2684 adducit:
1120 2627 1253 2685 illud
1296 2638 1513 2695 autem,
1542 2631 1630 2688 15.
1677 2630 1787 2705 Ego

188 2736 285 2774 ero
319 2720 584 2789 conﬁdens
622 2722 676 2775 in
703 2736 837 2785 estin,
870 2720 997 2791 quid
1041 2721 1144 2777 sibi
1182 2722 1336 2777 vult?
1359 2722 1491 2779 Nam
1548 2734 1604 2781 ct
1644 2726 1786 2796 quod

186 2812 376 2874 postea
425 2803 643 2874 quidem
673 2804 941 2875 sequitur,
983 2810 1178 2862 merito
1209 2826 1224 2863 :
1254 2805 1387 2863 Ecce
1432 2826 1524 2881 ego
1562 2819 1608 2864 et
1639 2813 1786 2880 pueri

182 2909 311 2962 quos
342 2894 469 2947 mihi
491 2893 635 2948 dedit
665 2892 825 2948 Deus.
859 2891 1013 2950 Sicut
1042 2896 1186 2951 enim
1218 2895 1306 2953 hic
1334 2898 1575 2969 seipsum
1600 2912 1786 2957 osten-

182 2984 266 3039 dit
298 2983 532 3050 Patrem,
564 2985 638 3039 ita
664 2983 776 3040 illic
812 2984 1032 3041 iratrem
1067 3003 1081 3039 :
1109 2985 1463 3055 Aunuutiabo,
1490 2991 1660 3058 enim,
1690 2991 1785 3047 in-

180 3073 320 3145 quit,
353 3090 537 3129 nomen
586 3084 729 3129 tuum
753 3074 999 3144 fratribus
1024 3077 1169 3132 meis.
1202 3076 1270 3133 Et
1308 3094 1500 3135 rursus
1540 3082 1782 3140 ostendit

182 3166 411 3221 multam
443 3165 843 3233 excellentiam,
872 3173 929 3223 et
967 3166 1110 3237 quod
1148 3168 1373 3224 multum
1414 3170 1655 3241 intersit,
1684 3188 1782 3244 per

176 3272 241 3313 ea
268 3270 391 3327 qua:
416 3256 672 3327 deinceps
700 3266 999 3326 sequuntur
1020 3274 1034 3311 :
1054 3258 1143 3314 14.
1169 3259 1302 3326 Quia
1328 3276 1449 3333 ergo
1473 3264 1619 3333 pueri
1641 3280 1780 3321 ωηι-

177 3349 564 3404 mimica-erunt
590 3348 736 3403 carni
764 3357 813 3403 et
838 3350 1103 3421 sanguini.

247 3440 306 3497 4.
354 3438 518 3494 Vides
570 3438 661 3493 ubi
712 3439 783 3494 sit
831 3439 1170 3497 similitudo?
1222 3458 1421 3515 nempe
1476 3447 1774 3506 secundum

175 3546 421 3587 carnem.
454 3527 520 3584 Et
570 3531 682 3600 ipse
705 3531 945 3586 similiter
970 3534 1294 3606 participaoit
1318 3538 1531 3595 eisdem.
1567 3540 1776 3600 Erube-

171 3632 329 3679 scant
355 3635 546 3677 omnes
565 3620 826 3689 hmretici,
859 3638 971 3695 pra:
1002 3624 1206 3695 pudore
1232 3642 1292 3685 se
1320 3630 1658 3690 abscondant
1683 3638 1773 3707 qui

169 3716 361 3771 dicunt
389 3729 513 3771 cum
555 3713 839 3773 advenisse
867 3731 967 3788 per
991 3720 1227 3789 speciem
1258 3720 1360 3794 (ο),
1394 3740 1500 3781 non
1545 3728 1659 3797 ipsa
1690 3732 1772 3788 rei

168 3808 420 3863 veritate.
464 3804 583 3861 Non
614 3807 793 3862 solum
828 3809 973 3864 enim
1015 3809 1172 3878 dixit,
1213 3812 1314 3870 His
1340 3818 1685 3887 participaoit,
1716 3832 1773 3879 et

168 3898 373 3963 tacuit;
416 3912 772 3971 quamquam,
800 3899 1012 3957 etiamsi
1044 3903 1124 3959 sic
1151 3903 1400 3976 dixisset,
1433 3910 1565 3965 satis
1593 3923 1769 3983 esset;

177 3990 279 4048 sed
325 3989 525 4062 aliquid
569 3990 711 4045 aliud
755 3990 929 4062 majus
977 3994 1173 4063 posuit,
1226 4011 1441 4069 nempe,
1491 4000 1766 4063 Similiter.

181 4080 301 4136 Non
349 4094 447 4151 per
489 4080 723 4150 speciem
754 4088 811 4135 et
836 4081 1145 4153 imaginem,
1176 4084 1368 4156 inquit,
1400 4089 1499 4145 sed
1543 4093 1772 4151 veritate

176 4171 473 4229 ostendens
499 4185 619 4228 esse
645 4170 1032 4229 fraternitatem
1060 4192 1073 4230 :
1102 4176 1342 4248 alioquin
1371 4180 1529 4251 illud,
1561 4183 1763 4242 Simili-

181 4276 281 4332 ter,
319 4280 425 4321 non
449 4274 637 4324 staret.
668 4267 870 4325 Deinde
896 4267 1051 4325 aii'ert
1089 4271 1250 4327 etiam
1284 4287 1503 4329 causam
1543 4274 1765 4347 dispen-

156 4356 387 4413 sationis
414 4374 432 4412 :
464 4354 533 4413 Ut
558 4374 657 4429 per
692 4368 914 4414 mortem
940 4361 1221 4417 destrueret
1261 4380 1397 4437 eum,
1436 4365 1524 4436 qui
1551 4366 1766 4422 habebat

156 4449 342 4504 mortis
398 4448 705 4518 imperium,
756 4451 854 4505 hoc
900 4460 994 4521 est,
1043 4452 1324 4509 diabolum.
1377 4454 1479 4511 Hic
1524 4457 1763 4513 ostendit

154 4537 304 4606 quod
352 4548 439 4595 est
463 4539 735 4604 mirabile.
763 4557 956 4613 nempe
984 4544 1126 4615 quod
1154 4560 1251 4615 per
1277 4562 1437 4617 quam
1474 4548 1598 4603 vicit
1632 4548 1753 4604 dia-

155 4627 338 4693 bolus.
376 4643 479 4701 per
519 4645 640 4687 eam
685 4631 862 4689 victus
907 4632 1027 4702 fuit,
1070 4644 1125 4691 et
1150 4652 1269 4707 qua:
1313 4647 1470 4694 erant
1523 4639 1574 4694 ei
1608 4653 1759 4694 arma

157 4719 336 4775 valida
372 4720 634 4777 adversus
664 4724 853 4780 orbem
882 4734 1061 4790 terrm,
1094 4743 1291 4799 nempe
1319 4745 1489 4799 mors,
1521 4747 1619 4803 per
1645 4747 1765 4788 eam

155 4810 311 4865 illum
332 4808 582 4867 Christus
604 4810 750 4869 feriit
768 4832 784 4870 :
802 4815 944 4885 quod
971 4816 1089 4887 ejus
1115 4818 1204 4889 qui
1227 4819 1351 4875 vicit
1369 4834 1616 4891 magnam
1637 4821 1767 4879 indic

156 4912 247 4956 eat
279 4904 599 4971 potentiam.
649 4903 815 4961 Vides
841 4917 1101 4975 quantum
1135 4910 1337 4967 bonum
1366 4927 1512 4968 mors
1538 4912 1764 4970 fecerit!

160 4990 249 5048 15.
292 4990 360 5046 Et
384 4992 623 5049 liberaret
643 5010 757 5063 eos,
781 4998 867 5067 qui
888 4998 1067 5054 timore
1095 5001 1273 5055 mortis
1302 5018 1393 5072 per
1423 5011 1581 5057 totam
1610 5006 1766 5060 uitans

156 5081 369 5138 obnoxii
413 5094 559 5140 erant
589 5087 843 5142 servituti.
867 5087 998 5155 Cur,
1029 5090 1221 5160 inquit,
1252 5092 1529 5149 horretis?
1553 5095 1679 5167 quid
1698 5096 1766 5152 ti-

156 5168 318 5223 metis
335 5182 478 5235 cam,
502 5185 623 5241 qum
640 5172 931 5228 estabolita
953 5174 1220 5246 planeque
1238 5186 1291 5231 et
1308 5177 1485 5233 inanis
1501 5187 1553 5233 et
1568 5181 1767 5236 otiosa?

156 5258 275 5314 Non
298 5262 641 5332 cstamplius
681 5262 961 5331 terribilis,
1018 5267 1113 5322 sed
1151 5277 1233 5323 cst
1271 5273 1606 5339 conculcata,
1638 5288 1767 5329 cou-

160 5360 386 5421 tempta,
417 5351 542 5407 vilis
568 5362 622 5408 et
641 5352 865 5424 abjecta,
894 5365 949 5411 et
982 5359 1137 5427 plane
1169 5360 1369 5417 nullius
1402 5364 1581 5433 pretii.
1628 5365 1765 5436 Quid

157 5452 240 5497 est
257 5451 464 5509 autem,
485 5443 590 5499 Eos
608 5447 696 5516 qui
715 5448 894 5503 timore
910 5451 1088 5505 mortis
1115 5470 1205 5521 per
1222 5463 1379 5508 totout
1396 5456 1550 5510 vitam
1562 5458 1765 5513 obnoxii

156 5545 303 5587 erant
323 5536 584 5590 servituti?
608 5539 734 5610 quid
761 5541 862 5597 hoc
891 5541 1001 5598 est?
1030 5544 1182 5611 Quod
1214 5546 1303 5618 qui
1335 5558 1562 5606 mortem
1592 5550 1763 5619 timet,

244 5784 322 5845 (tt)
351 5782 427 5835 Du
450 5782 539 5833 hac
564 5782 739 5833 ωτι-υνιί
765 5788 923 5834 actum
950 5789 1026 5833 cst
1052 5784 1096 5835 in
1122 5784 1427 5841 I‘rtc’atloua.

1865 637 2011 685 esset
2035 626 2260 694 abolita,
2290 625 2408 697 ejus
2433 620 3091 679 dominatu-tenebantur:
3120 627 3234 685 aut,
3255 615 3470 688 quodin

1868 728 2126 792 perpetuo
2154 727 2306 775 metu
2335 715 2582 772 viverent
2608 713 2880 779 homines,
2911 725 3130 782 semper
3154 720 3473 779 exSpectan-

1869 821 1953 868 tes
1979 825 2039 867 se
2065 810 2380 874 morituros,
2402 814 2461 863 et
2476 812 2710 862 mortem
2736 801 3113 867 formidantes,
3149 800 3348 857 nullius
3376 813 3473 854 vo-

1870 904 2088 975 luptatis
2106 916 2327 958 scnsum
2350 898 2879 971 poterantaccipere,
2896 909 3021 950 cum
3050 893 3139 949 hic
3165 906 3383 961 semper
3395 892 3476 947 eis

1872 995 2282 1053 adessetmctus
2309 1010 2325 1047 :
2352 991 2611 1049 bocenim
2639 988 3024 1053 subindicavit,
3049 983 3375 1050 dicens,Per
3394 995 3443 1037 to
3459 1013 3477 1024 -

1874 1100 1980 1143 tant
2006 1088 2178 1141 vitam.
2198 1085 2299 1142 ilic
2318 1082 2558 1141 ostendit
2584 1096 2681 1138 eos
2700 1080 2791 1149 qui
2815 1078 3149 1146 afﬂiguntur,
3178 1075 3481 1145 quicxpel-

1876 1179 2174 1250 luntur,qui
2198 1177 2477 1249 privantur
2489 1174 2657 1245 patria
2671 1181 2728 1228 et
2740 1170 2968 1227 fortunis
2989 1177 3047 1225 et
3060 1168 3181 1223 aliis
3208 1166 3480 1229 omnibus,

1871 1271 2162 1343 jucundius
2182 1284 2245 1325 ac
2267 1268 2489 1325 liberius
2503 1265 2892 1337 degere,quam
2906 1261 2943 1317 ii
2956 1260 3047 1330 qui
3066 1260 3195 1314 olim
3218 1257 3483 1328 degebant

1881 1364 1937 1419 in
1966 1361 2177 1417 deliciis
2196 1402 2213 1428 ,
2244 1373 2403 1431 quam
2437 1357 2471 1413 ii
2502 1356 2697 1427 quibus
2727 1351 2860 1407 nihil
2882 1349 3158 1406 acciderat
3180 1348 3447 1418 ejusmodi
3468 1389 3484 1413 ,

1880 1467 2040 1521 quam
2073 1449 2267 1520 quibus
2294 1455 2451 1503 erant
2487 1461 2576 1502 res
2619 1440 2875 1499 secundm
2906 1458 2921 1495 :
2952 1438 3220 1510 siquidem
3254 1437 3330 1493 illi
3361 1439 3491 1508 qui-

1883 1543 2006 1597 dem
2058 1555 2154 1611 per
2191 1548 2357 1593 totam
2391 1537 2558 1592 vitam
2602 1542 2760 1591 erant
2799 1531 2926 1587 huic
2974 1528 3143 1585 metui
3174 1527 3392 1583 obnoxii
3435 1540 3488 1582 ct

1882 1632 2048 1698 servi;
2073 1632 2173 1703 ipsi
2196 1641 2377 1687 autem
2402 1638 2529 1686 sunt
2553 1627 2624 1685 ab
2651 1642 2719 1686 eo
2742 1625 2981 1691 liberati,
3008 1632 3065 1681 et
3086 1623 3314 1682 irrident
3340 1623 3486 1694 quod

1882 1722 1958 1779 illi
1987 1722 2333 1779 horruerant.
2368 1721 2515 1779 Idem
2559 1720 2705 1776 enim
2736 1734 2879 1775 nunc
2898 1727 3015 1783 cst;
3059 1724 3119 1771 ut
3145 1715 3189 1771 si
3221 1712 3489 1787 quispiam

1881 1827 2004 1869 cum
2057 1812 2150 1884 qui
2183 1812 2396 1868 vinctus
2434 1809 2713 1868 ducendus
2757 1818 2843 1864 est
2880 1807 2948 1863 ad
3002 1816 3256 1872 mortem,
3284 1812 3342 1861 et
3386 1803 3491 1859 hnc

1881 1919 2100 1975 semper
2152 1911 2454 1975 exspectat,
2506 1901 2691 1958 multis
2730 1899 3030 1971 impinguet
3071 1896 3284 1954 deliciis
3324 1914 3339 1951 :
3383 1897 3491 1951 tale

1881 1996 2158 2067 quidpiam
2198 2010 2347 2052 mors
2386 2004 2504 2050 erat
2551 1993 2704 2050 olim.
2748 1990 2902 2047 Nunc
2941 1999 3123 2046 autem
3159 1998 3220 2046 ut
3248 1990 3293 2046 si
3334 1990 3487 2061 quis,

1883 2096 2030 2144 metu
2073 2087 2168 2143 illo
2216 2086 2413 2159 ejecta,
2444 2102 2568 2144 cum
2621 2084 2834 2141 deliciis
2875 2082 3159 2138 denuntiet
3200 2094 3326 2138 esse
3372 2095 3491 2137 cer-

1884 2180 2129 2249 tandum,
2177 2189 2233 2236 et
2273 2188 2543 2251 proponat
2581 2187 2881 2242 certamen,
2909 2182 2971 2230 ut
2995 2190 3103 2230 non
3142 2173 3376 2245 amplius
3418 2173 3489 2229 ad

1883 2284 2154 2339 mortem,
2210 2272 2309 2328 sed
2358 2271 2427 2327 ad
2462 2284 2689 2342 regnum
2726 2267 2980 2335 adducat,
3036 2281 3105 2323 ex
3161 2265 3488 2337 quibusnam

1882 2382 2003 2425 csse
2043 2364 2319 2422 volueris?
2347 2378 2413 2420 ex
2460 2363 2598 2419 iisne
2638 2361 2732 2433 qui
2775 2366 2829 2416 In
2877 2373 3099 2416 carcere
3144 2358 3487 2430 impinguan-

1884 2472 1989 2525 tur,
2024 2460 2229 2517 interea
2267 2456 2508 2529 quotidie
2541 2452 2921 2527 proferendam
2963 2461 3345 2523 exspectantes
3366 2464 3493 2507 sen-

1885 2552 2245 2611 tentiamzan
2298 2564 2370 2606 ex
2418 2549 2484 2605 iis
2521 2548 2610 2619 qui
2665 2546 2893 2602 multum
2948 2544 3255 2611 decertant,
3296 2552 3353 2599 et
3405 2543 3490 2599 lu-

1888 2646 2081 2702 bentes
2110 2642 2362 2699 laborant
2411 2648 2471 2695 ut
2512 2640 2622 2694 sint
2663 2636 2901 2693 redimili
2944 2637 3097 2710 regni
3142 2634 3492 2693 diademate?

1888 2736 2049 2793 Vides
2089 2733 2364 2808 quomodo
2404 2747 2595 2790 eorum
2639 2732 2815 2787 erexit
2843 2730 3107 2796 animum,
3139 2743 3344 2800 eosque
3373 2743 3494 2786 sus-

1884 2843 2083 2900 pensos
2109 2827 2280 2884 tenuit
2302 2836 2359 2883 et
2382 2823 2674 2881 excitavit?
2698 2822 2949 2879 Ostendit
2976 2831 3156 2879 autem
3184 2836 3293 2877 non
3317 2821 3490 2877 solam

1882 2934 2128 2977 cessasse
2156 2927 2415 2985 mortem,
2448 2916 2541 2974 sed
2575 2930 2673 2987 per
2699 2929 2821 2971 eam
2851 2914 3005 2970 illum
3030 2928 3247 2985 quoque
3273 2929 3367 2984 qm
3396 2913 3493 2968 ad-

1883 3025 2100 3067 versum
2149 3024 2252 3067 nos
2296 3024 2517 3080 semper
2555 3007 2751 3064 bellum
2792 3008 2935 3078 gerit
2972 3004 3337 3077 implacabile,
3369 3004 3489 3061 dia-

1883 3104 2088 3167 bolum,
2118 3102 2359 3173 inquam,
2385 3115 2509 3157 esse
2540 3100 2767 3156 fractum
2785 3109 2841 3157 et
2872 3106 3222 3171 prostratum.
3241 3097 3375 3154 Nam
3399 3100 3491 3168 qui

1884 3203 2114 3252 mortem
2144 3208 2253 3249 non
2284 3194 2461 3260 timet,
2494 3200 2581 3249 est
2610 3200 2768 3248 extra
2801 3190 3001 3247 diaboli
3034 3188 3399 3262 tyrannidem.
3430 3189 3491 3247 Si

1881 3288 2029 3345 enim
2076 3286 2274 3359 pellem
2325 3300 2423 3356 pro
2475 3284 2640 3354 pelle,
2683 3292 2738 3339 et
2787 3283 2970 3339 omnia
3016 3282 3171 3339 dabit
3220 3283 3345 3353 quis
3393 3297 3497 3353 pro

1882 3382 2063 3436 anima
2106 3394 2203 3437 sua
2239 3377 2360 3452 (Job
2398 3382 2454 3433 2.
2509 3376 2565 3449 4)
2596 3393 2611 3431 :
2640 3376 2856 3448 quando
2900 3375 3064 3432 etiam
3111 3376 3281 3448 ipsam
3327 3389 3493 3431 ausus

1884 3471 2044 3527 fuerit
2076 3469 2381 3541 deepicere,
2411 3468 2697 3540 cujusnam
2734 3466 2845 3537 jam
2875 3466 2980 3523 erit
3005 3468 3239 3526 servus?
3275 3465 3490 3523 Nullum

1884 3565 2059 3630 timet,
2105 3562 2315 3619 nullum
2364 3560 2669 3616 formidat:
2707 3568 2794 3617 est
2836 3558 3091 3615 omnibus
3133 3561 3404 3632 superior,
3436 3571 3495 3616 et

1884 3653 2136 3712 omnibus
2184 3652 2362 3725 magis
2390 3651 2548 3708 liber.
2580 3652 2682 3720 Qui
2723 3651 2868 3707 enim
2914 3651 3151 3707 animam
3195 3664 3349 3706 suam
3395 3651 3494 3709 de-

1882 3747 2065 3819 spicit,
2101 3744 2476 3816 multomagis
2515 3744 2641 3799 alia.
2673 3742 2903 3812 Quando
2949 3752 3134 3800 autem
3184 3744 3346 3800 talem
3377 3745 3495 3800 univ-

1882 3851 2025 3891 mam
2053 3835 2324 3892 invenerit
2349 3834 2617 3899 diabolus,
2649 3833 2784 3890 nihil
2812 3851 2877 3891 ex
2908 3836 2976 3891 iis
3000 3850 3123 3906 qua:
3149 3850 3247 3891 sua
3274 3844 3407 3892 sunt
3434 3838 3490 3893 in

1881 3943 1943 3984 ea
1979 3928 2181 4001 poterit
2208 3925 2449 3983 efficere.
2479 3925 2617 3995 Quid
2644 3926 2811 3992 enim,
2847 3926 3167 3997 peeuniame
3199 3928 3494 3984 minabitur

1882 4020 2297 4088 detrimentum,
2329 4029 2386 4077 et
2413 4020 2685 4076 infamiam
2714 4032 2770 4077 et
2798 4020 3050 4077 exsilium
3082 4036 3111 4075 a
3139 4021 3354 4093 patriai
3379 4020 3487 4080 Sed

1884 4113 1999 4170 lucc
2042 4128 2204 4184 parva
2231 4123 2360 4170 sunt
2396 4113 2541 4185 apud
2567 4128 2713 4179 eum,
2740 4114 2832 4185 qui
2876 4128 2947 4170 ne
2983 4116 3221 4170 animam
3268 4114 3489 4186 quidem

1881 4220 2034 4261 suam
2080 4206 2245 4263 habet
2283 4208 2597 4278 pretiosam,
2631 4217 2690 4263 ut
2727 4207 2803 4263 ait
2842 4206 3032 4263 beatus
3062 4208 3285 4265 Paulus.
3321 4207 3484 4267 Vides

1880 4298 2025 4372 quod
2058 4300 2247 4359 mortis
2274 4300 2495 4374 expulsa
2525 4299 2831 4374 tyrannide,
2862 4300 3027 4358 simul
3051 4300 3215 4359 etiam
3263 4299 3486 4360 conire-

1880 4393 1957 4461 git
1985 4392 2127 4447 vires
2157 4393 2395 4449 diaboli?
2423 4392 2558 4450 Nam
2585 4394 2675 4465 qui
2708 4393 2777 4450 de
2808 4396 3213 4453 resurrectione
3239 4394 3343 4451 scit
3373 4396 3492 4465 plu-

1872 4483 2067 4539 rimum
2107 4483 2503 4557 philosophari,
2530 4488 2808 4561 quomodo
2840 4489 3026 4545 timeat
3057 4498 3311 4552 mortem,
3343 4504 3481 4560 quo-

1867 4573 2031 4629 modo
2057 4576 2278 4632 horreat
2297 4577 2367 4632 de
2390 4578 2619 4634 cancro?
2640 4578 2718 4635 Ne
2740 4594 2871 4651 ergo
2898 4579 3115 4635 tristitia
3139 4578 3476 4643 aiiiciamini,

1865 4664 2112 4721 dicentes
2140 4684 2155 4721 :
2183 4665 2291 4722 Cur
2320 4667 2438 4724 haec
2466 4678 2519 4725 et
2552 4670 2641 4724 illa
2683 4671 2826 4741 passi
2857 4670 3083 4727 sumus?
3120 4672 3199 4725 sic
3236 4669 3383 4725 enim
3421 4670 3481 4727 fit

1866 4754 2070 4812 clarior
2113 4757 2373 4823 victoria;
2405 4774 2504 4816 nec
2542 4759 2734 4816 fuiSSet
2771 4762 2940 4827 clara,
2972 4761 3075 4815 nisi
3107 4770 3282 4818 morte
3325 4775 3477 4816 mor-

1868 4854 1975 4901 tem
2007 4845 2280 4904 solvisset.
2328 4849 2442 4907 lloc
2482 4859 2568 4907 est
2607 4860 2789 4908 autem
2834 4851 3177 4918 admirabile,
3204 4851 3351 4923 quod
3382 4866 3479 4924 per

1866 4950 1929 4992 ea
1960 4937 2138 5009 ipsum
2168 4940 2360 4997 vicerit
2392 4958 2490 5013 per
2518 4959 2638 5014 qum
2666 4954 2783 5001 erat
2826 4944 2983 5001 fortis
3023 4954 3077 5002 et
3109 4956 3325 5017 pati-ns,
3354 4947 3477 5002 ubi-

1865 5042 1969 5098 que
2010 5031 2312 5089 ostendcus
2359 5043 2559 5104 quanta
2597 5036 2701 5091 sibi
2744 5046 2994 5107 suppetat
3024 5036 3279 5102 facultas,
3315 5046 3372 5093 et
3407 5038 3478 5093 ad

1866 5131 1955 5172 res
1998 5121 2265 5190 gerendas
2313 5124 2556 5181 solertia.
2610 5123 2691 5183 Ne
2738 5127 3032 5197 prodamus
3080 5127 3283 5183 donum
3330 5129 3477 5199 quod

1864 5210 2024 5266 nobis
2053 5210 2153 5266 fuit
2184 5213 2366 5271 datum
2399 5235 2411 5271 :
2444 5214 2567 5271 Non
2593 5219 2726 5273 enim
2753 5220 3065 5289 accepimus,
3094 5219 3291 5290 inquit,
3322 5220 3479 5291 spiri-

1866 5315 1972 5358 tum
2001 5305 2218 5371 timoris,
2250 5308 2340 5363 sed
2366 5310 2603 5379 spiritum
2631 5312 2830 5367 uirtutis
2858 5322 2906 5367 et
2935 5313 3165 5367 caritatis
3203 5322 3251 5367 et
3304 5312 3480 5366 mode-

1865 5396 2169 5465 stia-(Rom.
2198 5398 2253 5454 8.
2282 5401 2369 5457 15.
2401 5401 2594 5456 colt.2.
2630 5401 2764 5457 Tim.
2795 5404 2846 5459 i.
2876 5404 2952 5476 7).
2978 5402 3199 5461 Stemus
3223 5419 3355 5477 ergo
3377 5403 3487 5460 for-

1869 5489 1995 5544 liter
2025 5501 2258 5546 mortem
2279 5490 2590 5548 irridentes.

1936 5579 1991 5635 5.
2027 5577 2299 5650 Exsequia
2320 5578 2616 5638 Grtecorum
2647 5599 2790 5640 more
2821 5596 2939 5640 tunc
2968 5586 3021 5640 in
3059 5603 3154 5641 usu
3183 5588 3471 5660 vituperan-

1868 5682 1969 5725 tur.
1993 5702 2061 5712 -ι
2077 5672 2183 5729 Sed
2211 5674 2340 5729 mihi
2371 5677 2517 5731 venit
2541 5678 2593 5731 in
2615 5687 2851 5735 mentem
2874 5679 3069 5735 acerbe
3095 5680 3469 5751 ingemiscere,

1867 5765 2166 5832 rrptitando
2194 5782 2427 5839 quonam
2462 5768 2712 5827 Christus
2755 5788 2852 5827 nos
2892 5772 3197 5841 adduxerit,
3246 5783 3300 5829 cl
3340 5790 3474 5844 qutt-
