4020 6404
597 338 661 389 43
1334 341 1390 398 S.
1432 339 1706 397 JOANNIS
1740 336 2167 393 ιιιιιιγδοδτω

2285 334 2566 389 .liClﬂblP.
2609 335 3136 391 CONSTANTINOP.
3799 338 3866 393 at

608 462 729 500 nam
762 460 857 501 nos
888 444 1282 500 demiserinttts.
1310 442 1440 496 Nam
1469 440 1683 511 quando
1730 437 1885 492 video
1930 438 2019 507 qui
2052 435 2183 489 ﬁunt

608 540 656 592 in
695 537 812 593 foro
844 537 1107 607 planctus,
1136 544 1189 590 et
1217 534 1444 603 ejulatus
1476 542 1692 601 propter
1711 545 1742 585 e
1767 530 1899 583 vivis
1920 525 2183 583 exceden-

608 641 706 694 tcs,
741 630 1073 697 ululatusque
1104 636 1157 683 et
1207 624 1614 679 lamentationes
1644 632 1697 677 et
1738 622 1841 676 alia
1890 635 2008 689 quae
2051 618 2182 673 ﬁunt

606 720 863 775 indecore
895 738 907 773 :
941 720 1165 785 credite,
1195 732 1279 771 me
1330 715 1491 783 pudet
1519 714 1845 777 Graecorum,
1878 710 2180 767 Judzeorutn

607 820 659 862 et
691 810 1062 865 hzereticorum
1093 808 1181 876 qui
1206 806 1405 871 vident,
1430 815 1485 861 et
1509 820 1606 859 nos
1631 814 1905 873 propterea
1935 800 2178 855 irrident.

609 898 739 953 Nam
771 898 1024 968 quidquid
1054 897 1120 952 de
1146 907 1347 952 caetero
1388 897 1595 960 dixero,
1628 895 1817 948 frustra
1861 894 2034 947 dicam
2068 892 2183 962 phi-

613 986 898 1054 l050phans
910 986 975 1038 de
993 986 1405 1041 resurrectione.
1430 984 1640 1053 Quare?
1656 983 1916 1049 Quoniam
1937 997 2041 1036 non
2063 997 2183 1051 qua:

607 1094 637 1131 a
666 1093 751 1131 me
780 1075 1028 1131 dicuntur
1072 1076 1355 1131 attendunt
1379 1075 1550 1130 Grmci
1580 1116 1595 1142 ,
1646 1074 1738 1128 sed
1791 1088 1911 1143 quae
1961 1089 1989 1126 a
2032 1072 2183 1127 vobis

609 1170 743 1221 ﬁunt
776 1186 787 1219 :
818 1168 995 1221 statim
1040 1168 1183 1221 enim
1231 1166 1456 1220 dicent:
1499 1162 1722 1230 Quando
1762 1163 1955 1232 poterit
1995 1178 2061 1217 ex
2100 1161 2183 1215 his

607 1259 885 1327 quisquam
916 1264 1143 1310 mortem
1173 1254 1475 1322 despicere,
1520 1252 1609 1323 qui
1640 1267 1707 1307 ne
1752 1261 1928 1322 potest
1968 1251 2180 1321 quidem

605 1348 766 1400 alium
790 1346 973 1400 videre
999 1344 1307 1401 mortuum?
1337 1343 1564 1398 Pulchra
1592 1351 1716 1397 sunt
1743 1357 1863 1411 qua:
1892 1341 2031 1396 dicta
2058 1351 2183 1396 sunt

606 1453 635 1488 a
675 1435 860 1500 Paulo,
914 1444 968 1489 et
1006 1431 1160 1503 digna
1216 1434 1362 1489 carlis
1402 1432 1603 1502 Deique
1644 1432 1968 1502 benignitate
2000 1448 2014 1485 :
2057 1430 2181 1500 quid

604 1526 748 1579 enim
769 1524 932 1579 dicit?
956 1523 1018 1577 Et
1046 1523 1272 1576 liberabit
1297 1538 1380 1576 eos
1408 1524 1495 1594 qui
1524 1524 1702 1575 tiutore
1729 1523 1901 1577 mortis
1922 1538 2012 1592 per
2028 1533 2182 1575 totam

604 1619 757 1671 vitam
785 1616 987 1671 obnoxii
1017 1626 1160 1669 erant
1190 1614 1431 1669 servituti.
1465 1614 1571 1668 Sed
1598 1629 1701 1669 non
1730 1614 1904 1668 sinitis
1943 1628 2042 1668 nos
2070 1613 2181 1667 lure

602 1709 844 1777 credere,
880 1724 972 1781 per
1005 1708 1120 1779 ipsa
1145 1708 1280 1764 facta
1320 1707 1594 1763 vobiscum
1626 1716 1920 1778 pugnantes
1951 1722 1964 1760 :
1996 1720 2181 1780 quam.

604 1819 763 1873 quam
798 1803 936 1856 Deus
973 1801 1229 1855 adversus
1258 1800 1359 1855 hoc
1402 1800 1567 1854 multa
1594 1798 1803 1855 dederit
1831 1800 2180 1869 munimenta,

610 1900 669 1943 ut
696 1890 834 1947 hanc
868 1907 1088 1960 pravam
1136 1894 1350 1949 tolleret
1402 1893 1861 1949 consuetudinem.
1913 1893 2066 1959 Nam,
2095 1893 2183 1949 dic

608 1980 762 2047 mihi,
813 1983 939 2051 quid
976 1984 1077 2038 sibi
1120 1984 1301 2039 volunt
1340 1985 1498 2039 clara:
1544 1986 1850 2055 lampades?
1877 2000 2055 2039 annon
2090 2000 2185 2040 eos

608 2082 879 2142 tamquam
920 2074 1147 2127 athletas
1174 2074 1525 2130 deducimus?
1563 2076 1687 2146 quid
1728 2086 1907 2131 autem
1948 2076 2184 2145 hymni?

606 2178 785 2217 annon
811 2164 973 2218 Deum
994 2164 1351 2235 gloriﬁcamus
1371 2175 1423 2221 et
1440 2167 1636 2237 gratias
1654 2168 1880 2237 agimus,
1898 2165 2040 2237 quod
2056 2181 2182 2221 eum

607 2255 697 2324 qui
728 2257 961 2311 excessit
993 2257 1102 2325 jam
1132 2260 1490 2323 coronaverit,
1518 2259 1661 2329 quod
1690 2274 1721 2313 a
1749 2258 2020 2315 laboribus
2046 2259 2181 2314 libe-

607 2348 825 2412 raverit,
853 2348 993 2418 quod
1031 2348 1203 2417 ejecto
1229 2360 1372 2403 metu
1409 2364 1530 2404 eum
1558 2348 1696 2418 apud
1724 2364 1784 2405 se
1820 2348 2049 2405 habeat?
2075 2364 2180 2405 non

608 2435 729 2489 ideo
771 2446 895 2491 sunt
940 2437 1167 2508 hymni?
1193 2453 1298 2492 non
1326 2439 1446 2494 ideo
1468 2439 1815 2510 psalmodizc?
1848 2440 1974 2496 Hac
1999 2440 2176 2495 omnia

604 2537 728 2581 sunt
755 2527 1046 2584 lmtantium
1082 2545 1095 2583 :
1122 2527 1214 2583 Est
1240 2531 1369 2583 enim
1396 2530 1665 2600 quispiam,
1699 2530 1890 2600 inquit,
1919 2531 2035 2585 (tcto
2062 2532 2177 2585 ani-

602 2617 722 2669 mo?
760 2617 946 2685 psallat
994 2617 1015 2688 (
1040 2615 1158 2671 Jac.
1198 2618 1254 2673 5.
1298 2617 1420 2691 15).
1466 2618 1572 2675 Sed
1616 2622 1713 2675 hos
1742 2635 1848 2675 non
1895 2619 2176 2676 attendunt

602 2708 795 2762 Graeci.
828 2706 903 2762 Nc
950 2707 1076 2762 mihi
1107 2707 1284 2774 enim,
1315 2709 1519 2779 inquit,
1548 2709 1747 2766 dixeris
1783 2726 1937 2777 eum,
1988 2710 2079 2781 qui
2107 2710 2174 2766 ab

599 2800 763 2853 animi
790 2809 931 2854 metu
960 2809 1197 2855 remotus
1245 2799 1678 2871 philosOphatur;
1721 2800 1824 2857 hoc
1854 2802 1998 2857 enim
2038 2800 2172 2856 nihil

599 2900 954 2962 estmagnum
982 2906 1081 2947 nec
1109 2892 1423 2948 admirabile
1448 2909 1463 2959 ;
1510 2892 1733 2949 ostende
1776 2893 1907 2948 mihi
1934 2908 2055 2948 eum
2081 2894 2171 2963 qui

597 2983 650 3037 in
681 2983 864 3038 dolore
891 2983 1007 3052 ipso
1036 2982 1468 3053 philosophetur,
1510 2992 1565 3039 et
1592 2994 1715 3040 tunc
1752 2984 1965 3039 credam
1988 2998 2170 3040 resur-

595 3073 847 3127 rectioni.
881 3066 948 3127 Et
971 3073 1112 3142 quod
1143 3073 1244 3128 hoc
1283 3072 1479 3129 faciant
1503 3074 1718 3144 quidem
1770 3077 2023 3131 mulieres
2051 3087 2171 3146 qua:

596 3165 649 3218 in
680 3166 835 3235 hujus
864 3166 985 3220 vitae
1009 3165 1153 3221 curis
1173 3176 1470 3234 versantur,
1502 3183 1605 3221 non
1634 3176 1715 3223 est
1741 3168 1955 3233 mirum,
1983 3183 2170 3238 quam-

594 3272 752 3327 quam
779 3257 882 3312 hoc
906 3272 1117 3328 quoque
1155 3257 1225 3312 sit
1256 3257 1451 3311 malum
1494 3268 1547 3313 et
1584 3274 1743 3327 grave
1772 3276 1785 3312 :
1810 3274 1931 3313 nam
1984 3259 2052 3315 ab
2104 3260 2170 3315 iis

593 3364 806 3418 quoque
852 3349 1037 3403 eadem
1092 3349 1321 3419 exigitur
1370 3349 1705 3420 philosophia
1762 3369 1776 3404 :
1820 3352 2165 3421 quamobrem

593 3442 789 3497 Paulus
819 3455 1029 3511 quoque
1054 3440 1180 3496 dicit
1213 3458 1227 3494 :
1260 3439 1338 3494 De
1361 3442 1724 3496 dormientibus
1743 3453 1911 3497 autem
1940 3443 2056 3497 nolo
2081 3461 2165 3498 vos

590 3535 843 3603 ignorare,
874 3534 1078 3601 fratres,
1106 3540 1160 3585 ut
1207 3550 1308 3587 non
1348 3534 1729 3600 contristemini,
1759 3534 1886 3587 sicut
1922 3544 1970 3587 et
1998 3535 2167 3589 cteteri

589 3624 676 3695 qui
700 3640 837 3693 spem
859 3639 959 3677 non
985 3622 1166 3677 habent
1188 3622 1206 3693 (
1228 3624 1276 3677 1.
1312 3622 1485 3678 Thess.
1509 3625 1562 3679 4.
1593 3624 1660 3680 12
1681 3625 1722 3695 ).
1742 3623 1857 3678 Νοιι
1886 3623 2001 3680 hac
2028 3625 2165 3679 scri-

588 3714 752 3771 bebat
780 3716 1077 3781 monachis,
1123 3730 1224 3771 nec
1265 3717 1328 3771 iis
1353 3732 1472 3787 qua:
1508 3731 1721 3786 semper
1750 3726 1873 3771 sunt
1902 3718 2163 3788 virgines,

590 3804 688 3859 sed
707 3806 773 3859 iis
800 3806 960 3860 etiam
988 3820 1106 3875 quae
1146 3815 1423 3861 versantur
1448 3806 1501 3860 in
1526 3807 1743 3869 mundo.
1774 3823 1892 3877 qua:
1917 3806 2166 3863 dicuntur

586 3894 893 3949 simulares.
925 3893 1031 3949 Sed
1069 3908 1179 3949 non
1216 3903 1294 3949 est
1339 3894 1441 3950 hoc
1465 3894 1600 3951 adeo
1638 3896 1832 3951 malum
1858 3906 1914 3952 et
1952 3912 2112 3967 grave
2144 3915 2159 3951 :

586 3987 801 4056 quando
822 3994 1001 4041 autem
1031 3987 1116 4041 vel
1149 3987 1339 4043 mulier
1357 3988 1554 4057 aliqua,
1582 3988 1666 4043 vel
1689 3988 1770 4042 vir
1791 3989 2053 4059 quispiam
2082 3989 2163 4044 di-

585 4091 713 4131 cens
733 4091 790 4131 se
810 4090 931 4132 esse
952 4075 1149 4131 mundo
1172 4076 1505 4143 cruciﬁxum,
1538 4076 1625 4132 hic
1651 4076 1864 4147 quidem
1893 4078 2043 4134 vellit
2070 4093 2161 4134 ca-

585 4168 764 4237 pillos,
794 4168 880 4221 illa
906 4182 1035 4223 vero
1065 4167 1218 4223 valde
1240 4168 1441 4237 ejulat:
1473 4169 1598 4238 quid
1626 4179 1711 4224 est
1748 4168 1851 4224 hoc
1878 4171 2081 4239 turpius
2107 4180 2161 4227 ct

582 4260 756 4328 magis
800 4258 1147 4314 indecorum?
1186 4257 1399 4314 Credite
1446 4258 1576 4313 mihi
1616 4260 1855 4316 dicenti:
1886 4271 2160 4331 Oporteret

581 4365 674 4405 eos
700 4347 789 4418 qui
812 4356 936 4403 sunt
958 4347 1280 4417 hujusmodi,
1308 4347 1467 4417 longo
1495 4357 1734 4418 tempore
1761 4351 1930 4404 arceri
1956 4364 1986 4403 a
2018 4351 2158 4405 limi-

580 4440 735 4495 nibus
761 4438 1021 4495 ecclesiae.
1064 4438 1161 4505 Qui
1191 4439 1331 4494 enim
1370 4447 1494 4494 sunt
1530 4438 1673 4509 digni
1727 4450 1785 4494 ut
1837 4442 1908 4495 ita
1940 4440 2159 4511 lugean—

580 4540 686 4593 tur,
721 4529 757 4583 ii
783 4537 907 4582 sunt
932 4528 1022 4597 qui
1049 4536 1274 4583 mortem
1300 4526 1473 4583 adhuc
1500 4527 1691 4583 timent
1714 4538 1767 4583 et
1794 4529 2032 4596 horrent,
2063 4533 2154 4601 qui

575 4635 683 4673 non
708 4618 933 4674 credunt
954 4618 1353 4673 resurrectioni.
1377 4619 1446 4673 At
1468 4632 1572 4674 non
1599 4633 1738 4683 sum,
1767 4620 1955 4692 inquit,
1989 4638 2089 4694 ego
2110 4626 2156 4681 is

574 4713 663 4781 qui
696 4726 800 4764 non
828 4710 1042 4765 credam
1070 4710 1470 4776 resurrectionl,
1502 4710 1594 4766 sed
1623 4713 1835 4783 requiro
1863 4726 2152 4772 consuetu-

575 4803 779 4858 dinem.
804 4801 915 4857 Cur
942 4817 1089 4871 vero,
1122 4804 1210 4858 die
1232 4803 1381 4870 mihi,
1403 4804 1618 4874 quando
1645 4806 1791 4861 vadis
1819 4822 2041 4877 peregre
2060 4849 2075 4874 ,
2099 4819 2154 4866 et

575 4894 793 4962 longam
817 4894 1044 4964 suscipis
1086 4894 1586 4965 peregrinationem,
1618 4911 1722 4952 non
1765 4897 1952 4954 eadem
1982 4898 2151 4954 facis?

573 4986 680 5040 Sed
710 4994 835 5041 tunc
863 5000 1074 5057 quoque
1098 4985 1223 5051 ﬂeo,
1254 4987 1443 5059 inquit,
1472 4996 1526 5044 et
1556 4990 1819 5044 lamentor
1849 4993 2146 5062 requirens.

575 5076 683 5133 Sed
710 5077 837 5131 illud
860 5076 1075 5147 quidem
1094 5092 1283 5132 revera
1300 5090 1381 5133 est
1401 5094 1593 5134 eorum
1611 5080 1697 5151 qui
1722 5085 2001 5153 requirunt
2017 5104 2148 5143 con-

566 5170 934 5236 suetudinem;
976 5169 1077 5227 hoc
1127 5180 1305 5227 antem
1344 5181 1428 5228 est
1470 5174 1587 5243 ejus
1623 5189 1742 5244 qua:
1792 5177 2040 5244 desperat
2074 5176 2143 5232 de

566 5260 762 5316 reditu.
795 5260 977 5331 Cogita
1008 5262 1132 5332 quid
1164 5264 1358 5333 patulas
1394 5264 1482 5319 illo
1508 5273 1749 5335 tempore
1779 5282 1793 5319 :
1824 5264 2138 5334 Convertere,

567 5353 759 5422 inquit,
777 5353 949 5407 animo
969 5369 1099 5419 mea,
1125 5354 1180 5408 in
1204 5359 1421 5424 requiem
1440 5364 1601 5423 tuam,
1628 5356 1746 5427 quia
1775 5353 2023 5411 Dominus
2054 5359 2139 5411 be-

569 5444 751 5514 nefecit
781 5446 905 5509 tibi;
941 5454 995 5500 et
1021 5459 1225 5512 rursus,
1260 5445 1381 5502 Non
1425 5448 1605 5503 tinubo
1632 5449 1790 5514 mala,
1821 5449 2060 5519 quoniam
2088 5458 2141 5501 tu

568 5554 762 5591 mecum
789 5554 875 5605 es;
903 5548 955 5595 et
989 5553 1172 5594 rursus
1190 5580 1205 5605 ,
1233 5538 1312 5594 Tu
1340 5555 1389 5595 es
1424 5542 1545 5594 mihi
1591 5540 1843 5612 refugium
1872 5558 1904 5593 ιι
1932 5539 2143 5595 tribula-

570 5630 707 5682 tione
759 5644 871 5698 qute
909 5646 986 5683 me
1037 5630 1319 5685 circumdat
1372 5629 1554 5700 (Psal.
1612 5632 1735 5686 114.
1768 5632 1820 5684 7.
1867 5641 1911 5686 et
1962 5628 2053 5685 93.
2086 5630 2139 5684 4.

572 5730 615 5773 et
644 5720 729 5775 5i.
762 5716 849 5788 9).
880 5720 1059 5792 Cogita
1083 5722 1209 5793 quid
1231 5721 1329 5779 sibi
1358 5722 1540 5778 volunt
1580 5722 1632 5777 hi
1664 5721 1871 5791 psalmi.
1902 5722 2005 5778 Sed
2039 5736 2141 5777 non

2290 432 2537 496 attendis,
2600 446 2781 487 verum
2812 448 2869 489 es
2897 449 2924 488 a
2974 434 3118 490 luctu
3150 434 3350 491 ebrtus.
3394 435 3490 493 Vel
3536 437 3589 491 in
3638 435 3869 491 aliorum

2288 524 2556 593 exsequiis
2596 524 2879 594 diligenter
2908 528 3189 583 considera
3216 571 3230 594 ,
3276 538 3332 583 ut
3388 529 3439 583 in
3486 531 3586 584 tuis
3625 528 3871 584 invenias

2289 614 2757 670 medicamentum.
2792 616 3106 685 Convertere,
3134 620 3306 673 anima
3357 636 3489 686 mea,
3540 621 3591 673 in
3648 619 3822 689 requie

2288 716 2458 771 tuam,
2484 708 2721 775 quoniam
2749 705 2998 761 Dominus
3024 708 3264 781 benefoctt
3292 711 3398 776 tibi,
3424 712 3577 776 dicis,
3611 720 3666 765 et
3692 710 3870 782 lacry-

2288 796 2484 849 maris?
2507 811 2683 853 annon
2707 797 2821 857 hinc
2841 808 2966 852 sunt
2984 799 3139 858 ludus
3159 810 3211 854 et
3230 800 3537 858 histrionica
3558 801 3873 857 simulatio?

2287 888 2417 944 Nam
2450 890 2492 942 si
2545 904 2731 943 revera
2779 890 2953 944 credis
2997 891 3061 947 iis
3109 908 3227 961 qua:
3258 893 3420 959 dicis,
3464 906 3872 963 supervacaneo

2288 981 2435 1050 luges
2460 990 2514 1035 et
2541 981 2848 1037 lamentaris
2874 1002 2886 1042 ;
2917 984 2960 1037 si
2987 993 3164 1038 autem
3194 984 3332 1037 ludis
3350 995 3405 1039 et
3425 984 3645 1039 simulas
3669 995 3728 1040 et
3757 984 3873 1041 hmo

2290 1081 2439 1140 putas
2464 1086 2583 1127 esse
2603 1072 2827 1136 fabulas,
2858 1088 2953 1128 cur
2983 1074 3199 1143 psallis?
3227 1090 3322 1129 cur
3349 1076 3508 1130 etiam
3535 1091 3628 1131 eos
3650 1076 3743 1146 qui
3773 1076 3861 1130 ad.

2286 1170 2409 1218 sunt
2434 1162 2669 1231 pateris?
2691 1178 2786 1217 cur
2811 1178 2915 1217 non
2937 1179 3029 1218 eos
3053 1165 3143 1235 qui
3170 1166 3402 1234 psallunt
3422 1168 3625 1237 abigis?
3649 1171 3720 1222 At
3745 1166 3871 1232 hoc,

2288 1252 2474 1321 inquit,
2508 1261 2591 1306 est
2617 1252 2923 1308 furentium.
2968 1254 3101 1313 Illud
3144 1266 3321 1311 autem
3354 1257 3523 1311 multo
3555 1258 3746 1328 magis.
3775 1262 3872 1312 At-

2286 1356 2388 1410 que
2428 1342 2634 1399 interim
2700 1344 2915 1413 quidem
2968 1344 3261 1411 admoneo;
3314 1346 3637 1415 procedente
3683 1358 3872 1403 autem

2288 1443 2530 1502 tempore
2582 1433 2720 1489 hanc
2776 1450 2888 1490 rem
2939 1451 3230 1505 persequar
3262 1438 3679 1493 vehementius:
3714 1440 3873 1493 valde

2286 1524 2427 1578 enim
2456 1526 2617 1579 timeo
2646 1542 2712 1580 ne
2732 1526 2833 1579 hoc
2854 1527 3012 1581 modo
3028 1528 3202 1597 gravis
3228 1529 3419 1597 aliquis
3441 1530 3656 1583 morbus
3675 1530 3874 1585 subeat

2288 1614 2601 1669 Ecclesiam.
2638 1618 2809 1686 Atque
2832 1618 3075 1686 planctus
3100 1618 3316 1688 quidem
3348 1628 3532 1688 postea
3559 1622 3869 1690 corrigam;

2286 1704 2496 1758 interim
2545 1714 2722 1759 autem
2754 1705 3035 1772 denuntio,
3080 1706 3377 1777 divitesque
3420 1717 3473 1762 et
3523 1723 3787 1777 pauperes
3819 1719 3872 1765 et

2287 1794 2538 1850 mulieres
2566 1796 2809 1865 virOSque
2845 1796 2996 1851 valde
3029 1798 3285 1852 obtestor.

2358 1888 2594 1956 Prw/ith
2621 1888 2673 1942 in
2718 1888 2975 1958 funeribus
3014 1898 3248 1942 arcentur
3302 1904 3334 1941 a
3386 1886 3768 1960 CItrysostomo.
3800 1921 3874 1934 —

2285 1977 2569 2050 Contingat
2594 1981 2808 2050 quidem
2850 1982 3002 2035 vobis
3028 1981 3277 2037 omnibus
3330 1993 3385 2037 ut
3427 1985 3631 2053 absque
3662 1985 3813 2041 luctu
3840 2002 3873 2043 e

2286 2074 2390 2127 vita
2418 2073 2708 2136 excedatis,
2737 2081 2790 2127 et
2812 2088 2871 2127 ea
2894 2088 2997 2142 qua
3024 2088 3120 2143 par
3140 2083 3223 2127 est
3248 2074 3385 2144 lege,
3420 2085 3596 2144 patres
3620 2079 3710 2147 qui
3739 2094 3873 2134 cou-

2286 2172 2578 2221 senuerunt
2605 2163 2939 2218 deducantur
2966 2178 2995 2216 a
3038 2163 3182 2230 ﬁliis,
3214 2174 3267 2219 et
3298 2173 3496 2219 matres
3521 2181 3551 2219 a
3582 2168 3794 2224 ﬁliabus
3819 2181 3874 2227 et

2288 2254 2568 2324 nepotibus
2595 2264 2651 2309 et
2680 2254 3062 2323 pronepotibus
3092 2255 3143 2308 in
3171 2254 3308 2308 bona
3336 2264 3391 2310 et
3418 2256 3676 2325 profunda
3704 2275 3872 2316 seue-

2286 2354 2458 2410 ctute,
2490 2353 2543 2399 et
2565 2358 2823 2413 nusquam
2844 2345 2912 2399 sit
2933 2360 3081 2398 mors
3109 2346 3409 2400 immatura.
3437 2346 3547 2401 lloc
3576 2363 3706 2419 ergo
3735 2365 3873 2405 eon-

2289 2438 2472 2507 tingat,
2504 2447 2558 2491 et
2585 2438 2687 2491 hoc
2724 2444 2852 2506 Oplo
2892 2446 2946 2491 et
2986 2452 3178 2506 precor
3209 2455 3222 2490 :
3257 2438 3619 2508 prmsidesque
3670 2450 3727 2496 et
3774 2457 3874 2499 vos

2284 2542 2471 2584 omnes
2500 2542 2629 2598 rogo
2650 2536 2703 2582 et
2722 2527 2908 2582 hortor
2933 2536 2989 2582 ut
3019 2530 3180 2582 Deum
3202 2530 3337 2583 alter
3358 2544 3453 2599 pro
3479 2530 3651 2586 altero
3676 2536 3871 2601 oretis,

2285 2631 2339 2676 et
2363 2632 2647 2674 commune
2670 2616 2770 2672 hoc
2795 2617 2864 2671 sit
2886 2626 3123 2671 vestrum
3151 2628 3330 2673 votum
3359 2636 3373 2671 :
3402 2620 3448 2673 si
3494 2631 3693 2690 autem,
3723 2626 3873 2694 quod

2285 2709 2424 2765 absit
2450 2724 2623 2779 neque
2663 2708 2890 2774 accidat,
2937 2708 3130 2763 acerba
3177 2723 3322 2764 mors
3369 2709 3549 2780 aliqua
3625 2713 3874 2769 evenerit

2286 2801 2306 2871 (
2323 2799 2537 2865 acerba,
2561 2798 2799 2867 inquam,
2833 2811 2938 2851 non
2968 2806 3154 2851 natura
3178 2813 3349 2867 neque
3379 2800 3523 2854 enim
3552 2811 3635 2857 est
3664 2802 3731 2858 de
3757 2820 3874 2860 ca:-

2287 2902 2400 2948 tero
2426 2905 2571 2947 mors
2596 2890 2824 2955 acerba;
2849 2904 2879 2943 a
2910 2904 3099 2944 somno
3126 2889 3268 2944 enim
3299 2890 3427 2944 nihil
3460 2892 3642 2949 differt
3663 2910 3677 2961 ;
3702 2897 3801 2951 sed
3825 2898 3874 2953 sl

2283 2992 2466 3043 nostra
2498 2990 2767 3051 spectetur
2794 2980 3029 3050 affectio)
3059 2999 3072 3034 :
3097 2980 3142 3034 si
3181 2981 3339 3049 igitur
3354 2982 3546 3037 acerba
3571 2999 3715 3039 mors
3736 3001 3870 3042 eve-

2292 3079 2464 3143 nerit,
2512 3084 2567 3130 et
2620 3074 2809 3144 aliquis
2841 3072 2938 3129 has
2988 3089 3106 3143 qua:
3138 3072 3499 3130 lamententur
3523 3075 3877 3141 conduxerit,

2291 3166 2421 3221 mihi
2444 3164 2644 3220 credite
2664 3164 2859 3221 dicenti
2886 3182 2898 3217 :
2924 3179 3029 3219 non
3050 3162 3204 3219 aliter
3228 3165 3370 3218 enim
3397 3165 3538 3233 dico,
3562 3180 3720 3236 quam
3752 3181 3879 3223 sunt

2290 3256 2545 3321 affectus;
2575 3257 2662 3326 qui
2692 3256 2815 3309 velit
2842 3258 3099 3310 irascatur
3126 3272 3139 3307 :
3168 3269 3289 3309 eum
3330 3256 3490 3325 longo
3519 3265 3762 3327 tempore
3784 3272 3880 3313 ar-

2289 3347 2527 3401 cebimus
2557 3346 2623 3401 ab
2653 3346 2898 3410 ecclesia,
2938 3356 3206 3415 tamquam
3248 3345 3583 3402 idololatram
3628 3347 3781 3419 (Col.
3814 3350 3873 3406 3.

2290 3434 2381 3503 5).
2412 3433 2542 3489 Nam
2572 3437 2615 3489 si
2648 3434 2841 3488 Paulus
2863 3450 3082 3488 avarum
3114 3444 3267 3490 vocat
3292 3436 3626 3491 idololatram
3652 3455 3666 3492 :
3698 3440 3876 3495 multo

2288 3525 2456 3594 magis
2480 3540 2600 3579 eum
2649 3524 2738 3592 qui
2766 3539 2927 3594 super
2952 3524 3163 3579 ﬁdelem
3191 3539 3253 3579 ea
3279 3526 3566 3582 introducit
3592 3544 3714 3598 quae
3744 3541 3876 3585 sunt

2289 3614 2705 3670 idololatrarum.
2738 3614 2977 3682 Quanam
3003 3615 3147 3671 enim
3177 3616 3245 3673 de
3283 3631 3441 3672 causa
3467 3658 3483 3684 ,
3533 3617 3617 3673 dic
3645 3634 3835 3690 quaeso
3854 3661 3871 3686 ,

2287 3718 2448 3759 vocas
2489 3705 2831 3776 presbyteros
2877 3715 2933 3761 et
2968 3720 3062 3761 eos
3106 3708 3195 3776 qui
3224 3708 3497 3777 psallunt?
3518 3724 3622 3763 non
3650 3718 3708 3764 ut
3730 3725 3872 3766 con-

2285 3796 2515 3853 soleris?
2546 3812 2649 3852 non
2680 3807 2735 3851 ut
2774 3814 2897 3852 eum
2924 3797 3157 3853 honores
3180 3800 3269 3869 qui
3299 3801 3567 3855 excessit?
3592 3800 3701 3856 Cur
3736 3818 3872 3874 ergo

2284 3905 2406 3946 eum
2435 3891 2752 3946 contumelia
2773 3891 2973 3947 afﬁcis?
2998 3906 3095 3946 cur
3120 3892 3388 3947 traducis?
3409 3908 3505 3948 cur
3528 3902 3704 3951 autem
3726 3895 3873 3951 ludis

2287 3991 2553 4052 tamquam
2598 3983 2651 4037 in
2697 3983 2900 4037 scena?
2948 3981 3059 4039 Nos
3108 3983 3352 4039 venimus
3378 3983 3445 4039 de
3473 3987 3873 4045 resurrectione

2283 4073 2740 4144 philosophantes,
2768 4088 2956 4129 omnes
2972 4071 3296 4137 erudientes,
3311 4074 3473 4130 etiam
3494 4088 3588 4130 eos
3612 4077 3703 4145 qui
3734 4091 3875 4133 non-

2281 4165 2407 4219 dum
2446 4175 2571 4219 sunt
2621 4165 2745 4231 icti,
2797 4179 2891 4233 per
2936 4164 3199 4219 honorem
3255 4165 3344 4235 qui
3386 4164 3460 4219 illi
3513 4165 3776 4235 habetur,
3807 4177 3873 4225 ut

2281 4257 2323 4310 si
2355 4256 2479 4326 quid
2507 4256 2769 4325 ejusmodi
2799 4254 3100 4325 contigerit,
3127 4254 3336 4310 fortiter
3360 4254 3572 4310 ferant:
3607 4266 3661 4312 tu
3682 4267 3867 4314 autem

2280 4363 2375 4403 eos
2429 4346 2689 4413 adducis,
2734 4347 2859 4417 qui,
2900 4345 3041 4415 quod
3084 4345 3151 4401 ad
3198 4346 3345 4416 ipsos
3394 4354 3635 4416 spectat,
3678 4356 3870 4405 nostra

2280 4439 2589 4494 destruunt?

2345 4646 2398 4699 ϐ.
2432 4642 2568 4712 Quid
2612 4644 2713 4700 hoc
2754 4646 2862 4700 risu
2890 4654 2946 4702 et
2991 4646 3089 4701 hac
3138 4646 3501 4701 ludiﬁcatione
3539 4656 3623 4703 est
3669 4650 3867 4720 pejus?

2274 4736 2400 4806 quid
2425 4746 2506 4789 est
2523 4737 2740 4805 gravius
2757 4736 3257 4807 hacintequalitate?
3275 4736 3587 4792 Erubescite
3615 4748 3671 4793 et
3695 4739 3867 4809 pudo-

2274 4842 2333 4881 re
2360 4825 2725 4881 suﬂ'undimini
2758 4842 2773 4884 :
2807 4826 2852 4880 si
2876 4842 2980 4881 non
3012 4830 3195 4891 vultis,
3217 4842 3313 4881 nos
3344 4827 3677 4896 perniciosos
3706 4829 3861 4898 ejus-

2272 4918 2415 4972 modi
2438 4931 2616 4971 mores
2644 4933 2749 4971 non
2773 4918 3065 4972 sinimusin
3081 4918 3372 4973 Ecclesiatn
3391 4918 3644 4973 inducere
3676 4936 3690 4973 :
3720 4918 3863 4975 Pec-

2270 5016 2438 5061 cantes
2459 5006 2622 5073 enim,
2653 5008 2842 5077 inquit,
2870 5024 3042 5061 coram
3070 5008 3299 5061 omnibus
3330 5024 3487 5076 argue
3512 5009 3586 5077 (1.
3621 5008 3759 5064 Tim.
3792 5011 3851 5067 5.

2269 5095 2382 5167 28).
2410 5095 2521 5151 lllis
2545 5106 2726 5151 autem
2757 5096 3062 5153 infelicibus
3089 5108 3144 5153 et
3173 5099 3385 5153 miseris
3413 5099 3725 5155 mulieribus
3756 5117 3859 5173 per

2266 5205 2363 5244 vos
2392 5189 2841 5259 prohibemus,ne
2860 5206 3107 5261 umquam
3139 5191 3507 5261 ingrediantur
3528 5192 3579 5245 in
3612 5193 3855 5250 ﬁdelium

2267 5278 2453 5335 funera
2482 5296 2601 5351 qure
2648 5280 2963 5344 eﬁ‘eruntur,
2995 5297 3061 5337 ne
3086 5296 3273 5337 revera
3306 5281 3448 5352 ipsas
3473 5297 3729 5353 cogamus
3755 5300 3853 5341 sua

2267 5374 2404 5427 mala
2428 5372 2647 5439 deﬂere,
2700 5383 2755 5429 et
2794 5374 3103 5429 erudiamus
3151 5389 3241 5429 eas
3282 5391 3389 5429 non
3436 5376 3486 5429 in
3529 5377 3717 5431 alienis
3750 5379 3854 5436 hoc

2268 5462 2462 5527 facere,
2486 5464 2576 5519 sed
2598 5479 2719 5519 suas
2740 5465 2915 5533 potius
2946 5464 3230 5534 deplorare
3252 5466 3602 5520 calamitates.
3632 5467 3849 5526 Etenim

2264 5565 2416 5624 pater
2442 5570 2654 5625 quoque
2680 5555 2993 5623 benevolus,
3017 5556 3229 5627 quando
3260 5556 3420 5610 habet
3446 5556 3766 5612 insolentem
3796 5569 3852 5615 et

2266 5646 2645 5702 immodestum
2677 5647 2862 5713 ﬁlium,
2896 5664 3001 5703 non
3050 5649 3122 5703 illi
3152 5650 3248 5703 soli
3293 5648 3482 5703 suadet
3520 5666 3587 5705 ne
3614 5663 3849 5707 consue-

2266 5738 2500 5795 tudinem
2526 5738 2722 5797 habeat
2747 5756 2866 5797 cunt
2900 5741 3191 5813 improbis,
3224 5741 3315 5798 sed
3360 5741 3458 5797 ltus
3488 5756 3698 5813 quoque
3730 5751 3845 5799 ter-
