4020 6404
213 336 286 393 ⁸3
1137 322 1204 379 IN
1244 317 1459 376 EPIST.
1499 311 1589 369 AD
1627 306 1810 368 HEBR

1923 306 2000 364 Β.
2036 304 2191 361 CAP.
2230 303 2294 360 11.
2341 300 2574 358 1105111..
2609 301 2700 355 IV.
3421 294 3494 347 ει

198 452 378 506 ταῦτα
411 448 761 504 πιστεύεσθαι
793 448 984 517 ὑμεῖς.
1036 441 1336 513 μαχόμενοι
1363 434 1453 490 διὰ
1480 431 1587 485 τῶν
1614 430 1791 517 ἔργων

200 538 427 600 αὐτοῖς’
487 535 665 590 καίτοι
713 515 887 590 πολλά
932 528 1371 600 ἐπιτειχίσαντος
1416 519 1511 575 τοῦ
1537 516 1673 572 Θεοῦ
1704 515 1792 583 γί-

202 624 391 678 νεσθαι
440 626 577 697 πρὸς
622 623 809 687 τοῦτο,
866 621 954 675 ῖνα
992 619 1159 688 ἀνέλῃ
1190 615 1288 685 τήν
1319 608 1566 681 πονηράν
1589 605 1794 697 ταύτην

206 693 519 783 συνήθειαν.
574 712 709 765 Elui
739 709 849 781 γάρ
884 726 994 778 μοι,
1025 704 1079 758 τί
1112 704 1395 775 βούλονται
1426 698 1482 754 αι
1511 693 1797 766 λαμπάδες

207 802 265 853 αἱ
299 799 553 869 φαιδραί;
602 798 701 867 οὐχ
745 796 821 861 ὡς
849 792 1091 864 ἀθλητὰς
1127 791 1323 853 αὐτοὺς
1354 783 1792 869 προπέμπομενῖ

205 885 260 938 τί
289 885 349 938 δέ
380 868 660 953 οίίῦμνοις
707 882 829 950 ούχῖ¹
860 880 952 933 τὸν
984 878 1116 932 Θεὸν
1145 875 1463 943 δοξάζομεν,
1506 871 1600 923 καὶ
1630 868 1797 935 εὐχα-

209 968 503 1040 ριστοῦμεν
534 969 616 1021 ὅτι
644 966 830 1020 λοιπὸν
859 964 1209 1033 ἐστεφάνωσε
1240 960 1333 1013 τὸν
1359 956 1687 1020 ἀπελθόντα,
1716 954 1798 1005 ὅτι

206 1056 321 1109 τῶν
356 1057 532 1109 πόνων
565 1052 895 1125 ἀπήλλαξεν,
929 1054 1012 1106 ὅτι
1042 1050 1143 1119 τῆς
1172 1046 1375 1109 δειλίας
1408 1042 1656 1097 ἐκϐαλὼν
1684 1040 1797 1111 εχει

209 1144 346 1213 παρ’
367 1140 574 1210 ἐαυτῷ;
608 1140 669 1193 ού
706 1139 794 1193 διά
818 1138 975 1192 τοῦτο
1002 1136 1191 1206 ῦμνοι;
1225 1135 1285 1187 οὐ
1313 1132 1403 1185 διά
1428 1130 1585 1184 τοῦτο
1608 1126 1797 1198 ψαλμ-

206 1229 399 1299 ῳδίαι;
446 1228 633 1282 Ταῦτα
652 1227 829 1282 πάντα
853 1225 1152 1296 χαιρόντων
1176 1221 1343 1275 ἐστίν’
1371 1214 1640 1285 Εὐθυμεῖ
1665 1213 1798 1285 γὰρ,

209 1317 369 1387 φησι,
402 1314 523 1382 είς;
573 1312 876 1383 ψαλλέτω.
922 1309 1060 1365 Ἀλλ’
1085 1309 1147 1362 οὐ
1192 1306 1405 1369 τούτοις
1441 1301 1801 1387 προσέχουσιν

213 1385 498 1473 Ἕλληνες.
550 1401 642 1471 Μή
668 1401 774 1470 γάρ
805 1416 917 1471 μοι,
961 1397 1157 1467 φησὶν,
1207 1394 1367 1464 εῖπῃς
1399 1391 1492 1445 τὸν
1521 1388 1682 1452 ἐκτὸς
1706 1385 1801 1473 τοῦ

212 1472 426 1553 πάθους
478 1486 877 1557 φιλοσοφοῦντα
902 1526 917 1546 .
973 1483 1135 1538 τοῦτο
1168 1482 1277 1552 7&9
1312 1478 1464 1532 ούδέν
1496 1475 1638 1547 μέγα
1680 1472 1804 1528 οῦδέ

208 1576 531 1647 θαυμαστὸν
557 1614 572 1641 ,
626 1574 766 1629 ἀλλά
812 1573 981 1638 δεῖξόν
1009 1588 1101 1641 μοι
1142 1570 1234 1623 τὸν
1267 1568 1326 1620 ἐν
1357 1562 1507 1634 αύτῷ
1537 1561 1616 1633 τῷ
1640 1560 1805 1615 πάθει

211 1666 629 1736 φιλοσοφοῦντα,
662 1663 756 1718 καὶ
778 1662 901 1715 τότε
930 1658 1210 1715 πιστεύσω
1240 1658 1307 1727 τῇ
1334 1651 1653 1710 ἀναστάσει.
1690 1648 1803 1705 Καὶ

209 1754 275 1807 τὸ
310 1753 411 1823 μέν
460 1749 720 1823 βιωτικάς
750 1748 1015 1816 γυναῖκας
1047 1744 1208 1798 τοῦτο
1234 1744 1409 1796 ποιεῖν
1433 1781 1450 1805 ,
1485 1736 1805 1823 θαυμαστὸν

211 1816 388 1893 οὐδέν·
424 1816 602 1893 καίτοι
627 1853 691 1904 γε
727 1836 821 1889 καὶ
846 1834 979 1887 αὐτὸ
1007 1830 1182 1885 δεινόν
1202 1847 1216 1861 ο
1256 1829 1352 1883 καὶ
1378 1826 1489 1896 γὰρ
1521 1825 1618 1879 καὶ
1646 1816 1808 1878 αὗται

210 1926 313 1998 τὴν
342 1926 515 1996 αὐτὴν
554 1921 913 1978 ἀπαιτοῦνται
940 1917 1261 1989 φιλοσοφίαν
1288 1932 1301 1946 ·
1356 1913 1438 1967 διδ
1471 1913 1567 1998 καὶ
1595 1910 1809 1998 Παῦλός

213 1994 351 2083 φησι
379 2029 392 2040 ·
450 1994 591 2078 Περὶ
630 2008 698 2063 δὲ
744 2006 863 2062 τῶν
900 2002 1349 2074 κεκοιμημένων
1374 2001 1447 2054 οὐ
1478 1997 1630 2054 θέλω
1655 1994 1809 2083 ὑμᾶς

210 2082 461 2167 ἀγνοεῖν
483 2136 498 2161 ,
555 2097 657 2150 ινα
693 2094 779 2165 μὴ
808 2090 1125 2161 λυπῆσθε,
1172 2088 1371 2153 καθὼς
1400 2086 1499 2140 καὶ
1528 2086 1582 2139 οῖ
1606 2082 1809 2138 λοιποί

212 2188 270 2239 οι
318 2183 407 2255 μὴ
458 2184 708 2252 ἔχοντες
752 2179 992 2235 ἐλπίδα.
1045 2177 1181 2248 Οὐχὶ
1232 2174 1557 2247 μονάζουσιν
1600 2171 1811 2243 ἐγραφε

212 2271 393 2325 ταῦτα
419 2270 541 2322 ούδέ
572 2266 981 2339 ἀειπαρθένοις,
1027 2262 1165 2317 ἀλλά
1194 2262 1294 2316 καὶ
1322 2260 1616 2331 κοσμικαῖς
1645 2257 1812 2327 γάμῳ

211 2356 619 2429 όμιλησάσαις,
676 2355 771 2409 καὶ
820 2352 1117 2425 βιωτικοῖς.
1176 2348 1324 2421 Πλὴν
1373 2347 1490 2401 ἀλλ’
1526 2346 1627 2417 οὐχ
1668 2343 1813 2398 οῦτω

214 2445 395 2498 δεινὶν
418 2442 579 2496 τοῦτο
600 2460 615 2475 ο
659 2442 789 2496 ὅταν
812 2440 871 2494 δέ
900 2456 1008 2504 τις,
1038 2438 1072 2508 ἢ
1104 2436 1267 2507 γυνὴ,
1300 2435 1335 2506 ἢ
1361 2433 1501 2505 ἀνὴρ
1533 2432 1813 2503 ἐσταυρῶ-

219 2530 346 2584 σθαι
385 2528 500 2601 [Π]
528 2529 605 2599 τῷ
631 2528 825 2599 κόσμῳ
849 2526 1047 2595 λέγων,
1082 2525 1112 2578 ό
1136 2524 1238 2595 μέν
1266 2522 1462 2592 τρίχας
1486 2520 1664 2594 τίλλῃ,
1700 2522 1734 2593 ή
1756 2520 1814 2575 δέ

216 2618 413 2688 κωκύῃ
446 2617 658 2687 μεγάλα
678 2653 693 2679 ,
728 2616 781 2669 τί
812 2613 1005 2668 τούτου
1038 2609 1545 2683 ἀσχημονέστερονς
1586 2608 1815 2661 Πιστεύο

220 2704 354 2760 σατέ
384 2722 473 2776 μοι
500 2703 717 2772 λέγοντι
737 2720 751 2734 ο
790 2702 905 2770 εῖγε
936 2702 1013 2765 ὡς
1035 2700 1206 2771 ἐχρῆν
1232 2696 1473 2767 ἐγίνετο,
1509 2696 1682 2750 πολὺν
1707 2696 1814 2750 ῐδει

217 2794 412 2867 χρόνον
452 2793 580 2856 τοὺς
613 2790 889 2854 τοιούτους
921 2787 1204 2860 εἴργεσθαι
1234 2785 1345 2839 τῶν
1371 2784 1547 2839 ούδῶν
1576 2782 1687 2838 τῶν
1716 2785 1816 2854 τῆς

216 2880 539 2950 ἐκκλησίας.
585 2880 647 2932 Οί
678 2878 786 2947 γάρ
815 2878 986 2941 ὅντως
1016 2876 1157 2941 ἄξιοι
1188 2874 1444 2938 πένθους,
1477 2867 1625 2926 οὗτοί
1654 2873 1812 2937 εἰσιν,

215 2969 266 3021 οῖ
312 2966 408 3021 τὸν
451 2966 679 3019 θάνατον
708 2963 1011 3027 δεδοικότες
1060 2961 1140 3016 ἔτι
1169 2963 1264 3015 καὶ¹
1294 2960 1633 3032 φρίττοντες,
1666 2959 1717 3011 οί
1748 2960 1815 3027 τῇ

217 3053 514 3108 ἀναστάσει
542 3050 970 3113 διαπιστοῦντες.
1007 3048 1147 3102 ’Δλλ’
1182 3048 1244 3101 οὐ
1276 3051 1344 3119 τῇ
1388 3044 1685 3101 ἀναστάσει
1736 3045 1817 3098 δι-

215 3138 459 3204 ἀπιστῶ,
493 3138 692 3210 φησὶν,
729 3136 865 3191 ἀλλά
894 3136 992 3209 τήν
1024 3136 1317 3207 συνήθειαν
1349 3134 1615 3203 ἐπιζητῶ.
1640 3130 1739 3185 Διά
1764 3130 1817 3185 τί

217 3225 337 3290 οὖν,
365 3227 491 3279 εἰπέ
516 3242 629 3295 μοι,
657 3226 788 3281 ὅταν
812 3224 1089 3296 ἀποδημῇ,
1115 3224 1211 3278 καὶ
1232 3221 1547 3292 ἀποδημίαν
1574 3220 1815 3291 μακράν,

215 3316 281 3367 οὐ
319 3315 386 3367 τὰ
416 3314 558 3367 αύτά
586 3314 798 3378 ποιεῖς;
834 3311 996 3365 ⁹Λλλά
1028 3310 1201 3365 κλαίω
1230 3310 1325 3364 καὶ
1350 3309 1493 3375 τότε,
1526 3308 1683 3380 φησὶ,
1722 3306 1815 3362 καὶ

220 3401 410 3473 θρηνῶ
437 3397 799 3471 ἐπιζητοῦσα.
838 3397 975 3453 Ἀλλ’
999 3398 1179 3451 ἐκεῖνο
1206 3397 1304 3467 μέν
1327 3394 1498 3458 δντως
1525 3395 1817 3467 συνήθειαν

219 3486 594 3557 ἐπιζητούσης
638 3486 791 3553 ἐστὶ,
844 3484 1003 3539 τοῦτο
1028 3484 1087 3536 δὲ
1118 3482 1505 3552 ἀπεγνωκυίας
1527 3481 1627 3551 τὴν
1650 3483 1819 3536 ἐπάν·

219 3576 363 3628 οδον.
397 3572 682 3643 Ἐννόησον
710 3571 762 3625 τί
796 3570 1020 3641 ψάλλεις
1048 3570 1191 3624 κατά
1220 3570 1312 3622 τὸν
1342 3569 1536 3639 καιρὸν
1566 3570 1775 3623 ἐκεῖνον
1800 3587 1812 3600 ·

236 3661 667 3727 Ἐπίστρεψον,
694 3656 865 3727 ψυχή
886 3673 1027 3727 μου,
1054 3659 1142 3722 εἰς
1164 3656 1279 3724 τὴν
1301 3656 1652 3711 ἀνάπαυσιν
1676 3673 1815 3721 σου,

222 3748 319 3801 ὅτι
343 3748 558 3816 Κύριος
582 3743 951 3815 εὐηργέτησέ
975 3761 1070 3799 σε’
1108 3745 1199 3798 καὶ
1230 3744 1415 3810 πάλιν,
1449 3747 1532 3799 Οὐ
1559 3744 1820 3813 φοϐηθή-

220 3850 409 3902 σομαι
443 3831 619 3896 κακὰ,
656 3832 744 3885 ὅτι
778 3830 860 3885 σὺ
899 3831 1029 3901 μετ’
1054 3830 1200 3901 ἐμοῦ
1229 3828 1288 3885 ει
1309 3846 1322 3859 ·
1381 3832 1477 3885 καὶ
1513 3831 1697 3898 πάλιν,
1733 3832 1816 3885 Σύ

214 3938 341 3990 μου
389 3916 445 3973 ει
497 3918 812 3989 καταφυγὴ
863 3918 983 3973 ἀπὸ
1032 3918 1296 3987 θλίψεως
1345 3917 1456 3986 τῆς
1508 3919 1818 3987 περιεχού-

220 4028 346 4079 σης
387 4028 486 4080 με.
527 4010 812 4081 Ἐννόησον
863 4010 915 4062 τί
960 4007 1243 4079 βούλονται
1295 4003 1441 4063 οὗτοι
1494 4010 1545 4062 οί
1587 4010 1816 4080 ψαλμοί.

233 4099 381 4154 Ἀλλ’
412 4100 473 4152 ού
508 4099 827 4169 προσέχεις,
880 4096 1017 4149 ἀλλά
1050 4094 1272 4167 μεθύεις
1305 4096 1411 4149 ὑπὸ
1437 4097 1531 4150 τοῦ
1561 4098 1815 4163 πένθους.

220 4187 346 4243 Κᾶν
372 4188 433 4240 ἐν
458 4188 569 4249 τοῖς
598 4185 803 4257 ἐτέρων
827 4184 1135 4256 κηδεύμασι
1176 4183 1517 4255 κατανόησον
1544 4185 1814 4257 ἀκριϐῶς,

221 4276 317 4328 ἵνα
364 4272 499 4345 ἐχῃς
544 4273 835 4344 φάρμακον
886 4273 945 4326 ἐν
993 4275 1111 4335 τοῖς
1167 4274 1303 4335 σοῖς.
1372 4272 1816 4344 Ἐπίστροφον,

219 4361 397 4432 ψυχή
449 4379 599 4431 μου,
655 4364 744 4427 είς
789 4360 904 4429 τὴν
928 4360 1282 4416 ἀνάπαυσιν
1307 4373 1446 4425 σου,
1480 4361 1570 4416 ὅτι
1601 4365 1821 4433 Κύριος

218 4447 595 4518 εὐηργέτησέ
627 4464 722 4515 σε,
770 4446 971 4516 λέγεις,
1023 4448 1120 4500 καὶ
1146 4446 1438 4518 δακρύειςς
1488 4449 1611 4521 ούχὶ
1643 4451 1820 4524 σκηνὴ

218 4534 400 4590 ταῦτά
454 4536 641 4602 ἐστιν,
699 4534 796 4605 οὐχ
844 4534 1165 4605 ὑπόκρισιςς
1230 4535 1292 4588 Εί
1346 4534 1446 4605 μὶν
1489 4536 1600 4608 7&9
1652 4538 1820 4603 δντως

220 4621 502 4685 πιστεύεις
531 4616 613 4687 οἷς
638 4621 841 4691 λέγεις,
867 4621 1139 4692 περιττῶς
1162 4621 1403 4685 πενθεῖς·
1437 4625 1485 4675 εἰ
1511 4624 1568 4677 δέ
1598 4626 1819 4689 παίζεις

219 4710 318 4763 καὶ
370 4707 642 4783 ὑποκρίνῃ
693 4711 788 4763 καὶ
822 4708 1028 4779 μύθους
1079 4708 1222 4763 αύτά
1255 4702 1399 4761 εἶναι
1429 4708 1711 4779 νομίζεις,
1764 4716 1820 4771 τί

219 4797 319 4851 καὶ
367 4796 626 4867 ψάλλειςς
685 4796 738 4850 τί
792 4795 888 4849 καὶ
936 4794 1107 4867 ἀνέχῃ
1158 4795 1270 4850 τῶν
1319 4799 1819 4869 παραγινομένωνς

218 4884 310 4939 διὰ
354 4885 407 4938 τί
464 4883 540 4954 μὴ
587 4880 913 4946 ἀπελαύνεις
948 4883 1074 4945 τοὺς
1105 4881 1445 4952 ψάλλονταςς
1486 4883 1653 4938 Ἀλλά
1690 4903 1820 4956 μαι-

218 4971 468 5044 νομένων
495 4971 674 5039 τοῦτο,
708 4970 864 5043 φησί.
916 4970 1153 5024 Κάκεῖνο
1185 4970 1369 5041 πολλῷ
1401 4970 1627 5041 μᾶλλον.
1664 4974 1815 5039 Τέως

222 5062 326 5133 μιν
366 5056 463 5114 οὖν
503 5058 753 5131 παραινῶ
777 5075 791 5091 ⁸
844 5060 939 5113 τοῦ
969 5060 1163 5130 χρόνου
1188 5058 1244 5112 δέ
1276 5060 1562 5131 προϊόντος
1590 5061 1817 5133 0390696-

216 5164 380 5219 τερον
433 5144 513 5216 τῷ
560 5145 850 5216 πράγματι
901 5146 1220 5217 χρήσομαι·
1278 5147 1374 5199 καὶ
1403 5146 1514 5218 γὰρ
1550 5147 1817 5216 μειζόνως

216 5234 457 5302 δέδοικα,
496 5232 572 5304 μὴ
596 5232 772 5305 τούτῳ
802 5232 879 5304 τῷ
902 5234 1088 5303 τρόπῳ
1117 5232 1334 5305 χαλεπή
1361 5251 1445 5297 τις
1474 5236 1630 5298 νόσος
1660 5237 1719 5289 ἐν
1745 5240 1813 5309 τῇ

232 5320 536 5393 Ἐκκλησία
570 5321 883 5396 ύπεισέλθῃ.
943 5321 1145 5375 Τοῦτον
1181 5322 1282 5391 μέν
1318 5317 1412 5375 οῦν
1450 5322 1543 5376 τὸν
1581 5325 1815 5378 κοπετὸν

218 5409 451 5483 ὕστερον
510 5408 1061 5481 ἐπανορθωσώμεθα·
1129 5409 1265 5473 τέως
1321 5407 1380 5463 δέ
1439 5412 1812 5482 παραγγέλλω

219 5499 315 5554 καὶ
368 5498 819 5570 διαμαρτύρομαι
880 5500 974 5553 καὶ⁵
1011 5500 1295 5565 πλουσίοις
1332 5500 1427 5554 καὶ
1455 5500 1677 5573 πένησι,
1717 5504 1810 5555 καὶ

216 5588 437 5655 γυναιξὶ
468 5588 566 5642 καὶ
593 5588 845 5660 ἀνδράσι.

287 5702 503 5762 Γένοιτο
534 5702 634 5773 μὲν
662 5697 754 5757 οῦν
788 5703 995 5768 πάντας
1029 5703 1172 5777 ὑμᾶς
1202 5705 1541 5778 ἀπενθήτους
1576 5706 1668 5760 τὸν
1696 5708 1809 5778 βίον

1902 422 2144 489 ἐξελθεῖν
2171 460 2185 485 ,
2242 421 2337 475 καὶ
2385 420 2527 473 κατά
2558 417 2723 487 νόμον
2757 415 2847 468 τὸν
2875 413 3224 485 προσήκοντα
3253 409 3496 480 πατέρας

1904 511 2008 564 ὑπὸ
2056 510 2165 562 τῶν
2214 508 2349 561 υἱῶν
2382 506 2767 575 γεγηρακότας
2798 498 3225 572 προπέμψεσθαι
3267 494 3363 549 καὶ
3395 511 3500 563 μη·-

1903 599 2067 669 τέρας
2098 595 2202 649 ὑπὸ
2231 594 2547 664 θυγατέρων
2602 590 2695 645 καὶ
2732 590 2975 657 ἐγγόνων
3025 586 3120 641 καὶ
3155 580 3501 655 μετεγγόνων

1904 687 1961 740 ἐν
1987 684 2205 755 λιπαρῷ
2230 683 2309 754 τῷ
2330 685 2499 755 γήρᾳ,
2528 681 2626 734 καὶ
2651 676 2909 752 μηδαμοῦ
2931 673 3187 746 γενέσθαι
3210 672 3392 742 ἄωρον
3409 670 3504 724 θά-

1906 789 2084 827 νατον.
2146 771 2363 825 Γένοιτο
2413 768 2515 841 μὲν
2541 763 2635 821 οὖν
2682 765 2877 829 τοῦτο,
2929 761 3214 817 καὶτοῦτο
3242 758 3501 828 εὔχομαι,

1906 859 2000 914 καὶ
2041 858 2167 920 τοὺς
2198 855 2498 928 προέδρους
2528 854 2586 906 δέ
2617 852 2714 907 καὶ
2745 852 2956 913 πάντας
2982 848 3129 919 ὑμᾶς
3160 844 3303 916 ύπέρ
3332 842 3502 914 ἀλλή-

1905 948 2013 999 λων
2040 942 2344 1014 παρακαλῶ
2367 941 2632 1013 δεηθῆναι
2662 939 2758 993 τοῦ
2790 937 2928 992 Θεοῦ
2957 977 2973 1001 ,
3038 935 3135 989 καὶ
3169 932 3285 1006 [48]
3320 931 3504 999 κοινὴν

1909 1033 2239 1103 ποιήσασθαι
2270 1032 2476 1101 ταύτην
2508 1028 2676 1100 εὐχήν
2700 1044 2714 1059 ·
2752 1029 2801 1080 ει
2832 1027 2911 1091 δέ,
2947 1026 3087 1095 ὅπερ
3142 1022 3309 1091 ἀπείη
3370 1020 3506 1091 μηδέ

1910 1119 2153 1190 συμϐαίη
2183 1164 2197 1186 ,
2254 1119 2454 1188 πικρός
2499 1133 2585 1179 τις
2640 1115 2867 1188 γένηται
2915 1113 3147 1176 θάνατος
3188 1110 3420 1181 (πικρὸς
3449 1108 3507 1161 δέ

1908 1207 2073 1275 λέγω,
2106 1209 2167 1260 οὐ
2196 1209 2263 1277 τῇ
2290 1206 2476 1277 φύσειο
2505 1205 2626 1259 ούδέ
2650 1204 2760 1273 γάρ
2787 1204 2905 1256 ἐστι
2931 1201 3121 1255 λοιπον
3144 1199 3342 1270 πικρὸς
3362 1199 3391 1251 ό
3412 1196 3508 1249 0&-

1910 1310 2089 1358 νατος·
2124 1293 2296 1347 ὕπνου
2321 1292 2433 1363 γάρ
2458 1292 2611 1346 ούδέν
2642 1291 2981 1363 διενήνοχεν
3028 1287 3166 1343 ἀλλά
3196 1284 3397 1357 πικρὸς
3418 1284 3508 1341 λι-

1910 1399 2021 1448 γω,
2078 1382 2216 1449 πρὸς
2271 1381 2373 1453 τήν
2418 1380 2699 1452 ἡμετέραν
2754 1376 3050 1448 διάθεσιν)·
3104 1377 3154 1429 εί
3204 1369 3298 1430 οὖν
3350 1366 3511 1437 οὗτος

1915 1468 2161 1539 συμϐαίη
2189 1509 2204 1533 ,
2266 1469 2361 1523 καί
2412 1484 2560 1531 τινες
2605 1466 2701 1529 τάς
2728 1464 3037 1539 θρηνούσας
3064 1464 3272 1526 ταύτας
3300 1460 3509 1533 μισθώ-

1915 1573 2121 1623 σαιντο,
2158 1554 2489 1610 πιστεύσατέ
2521 1571 2612 1625 μοι
2644 1552 2881 1621 λέγοντι,
2909 1551 3010 1605 οὐκ
3034 1547 3212 1613 ἄλλως
3237 1547 3349 1620 γὰρ
3375 1546 3507 1618 ἐρῶ,

1915 1644 2031 1701 ἀλλ’
2060 1645 2136 1708 ὡς
2162 1643 2273 1715 ἔχω
2296 1660 2309 1675 °
2348 1643 2377 1695 ό
2409 1641 2739 1715 βουλόμενος⁹
2766 1638 3074 1711 όργιζέσθω
3094 1654 3106 1668 ·
3148 1636 3318 1691 πολὺν
3350 1636 3512 1689 αὑτὸν

1914 1733 2106 1803 χρόνον
2262 1712 2559 1801 ἐκκλησίας
2591 1712 2844 1799 ἀπείρξω
2870 1728 2946 1792 ὡς
2969 1725 3063 1781 τὸν
3090 1724 3511 1794 είδωλολάτρην.

1916 1821 1979 1873 El
2007 1820 2114 1891 7&9
2140 1820 2232 1872 τὸν
2257 1817 2591 1887 πλεονέκτην
2619 1814 3017 1887 είδωλολάτρην
3044 1813 3201 1868 καλεῖ
3224 1814 3253 1867 ό
3277 1810 3511 1877 Παῦλος,

1917 1907 2098 1977 πολλῷ
2130 1906 2333 1978 μᾶλλον
2373 1904 2466 1959 τδν
2512 1906 2608 1958 ἐπὶ
2636 1900 2829 1957 πιστοῦ
2872 1903 2944 1955 τά
2975 1899 3082 1955 τῶν
3107 1898 3515 1969 εῖδωλολατρῶν

1917 1995 2335 2065 ἐπεισφέροντα.
2369 1992 2530 2055 Τίνος
2556 1990 2666 2062 γάρ
2688 1990 2901 2057 ἕνεκεν,
2927 1990 3050 2043 είπέ
3076 2005 3191 2058 μοι,
3214 1986 3518 2058 πρεσϐυτέι

1920 2100 2045 2155 ρους
2078 2081 2268 2145 καλεῖς
2293 2120 2309 2145 ,
2362 2079 2458 2133 καὶ
2496 2079 2626 2141 τοὺς
2656 2076 2993 2149 ψάλλοντας;
3030 2076 3129 2146 ούχ
3159 2074 3303 2128 ὥστε
3335 2090 3515 2144 παρα-

1922 2170 2271 2244 μυθήσασθαι
2296 2212 2313 2238 ,
2371 2169 2469 2239 οὐχ
2517 2167 2662 2221 ὥστε
2688 2165 2925 2237 τιμῆσαι
2957 2166 3051 2219 τὸν
3080 2163 3413 2228 ἀπελθόντα;
3449 2162 3517 2216 Τί

1920 2261 2100 2316 τοίνυν
2125 2259 2290 2314 αὐτὸν
2321 2257 2599 2329 ύϐρίζειςς
2629 2256 2683 2310 τί
2707 2255 2764 2309 δέ
2794 2252 3352 2326 παραδειγματίζειςς
3382 2250 3435 2305 τί
3457 2251 3516 2305 δέ

1922 2346 2140 2413 παίζεις
2160 2386 2177 2412 ,
2209 2345 2403 2417 ῶσπερ
2432 2347 2491 2398 ἐν
2520 2345 2731 2414 amvi);
2764 2342 2959 2413 Ἡμεῖς
2988 2340 3266 2413 ἐρχόμεθα
3292 2341 3361 2394 τὰ
3386 2340 3517 2411 περὶ

1921 2436 2274 2501 ἀναστάσεως
2330 2432 2752 2505 φιλοσοφοῦντες
2776 2473 2794 2497 ,
2858 2432 3071 2495 πάντας
3123 2429 3474 2493 παιδεύοντες
3498 2468 3516 2492 ,

1923 2527 2017 2582 καὶ
2048 2527 2179 2590 τοὺς
2210 2523 2436 2595 μηδέπω
2468 2522 2919 2594 πεπληγμένους,
2952 2518 3041 2573 διά
3069 2518 3171 2589 τῆς
3200 2519 3281 2583 είς
3308 2517 3521 2572 ἐκεῖνον

1922 2619 2111 2689 τιμῆς,
2140 2614 2345 2669 εἴποτε
2376 2611 2621 2683 συμϐαίη
2649 2629 2704 2664 τι
2728 2609 2994 2675 τοιοῦτον,
3021 2607 3213 2680 φέρειν
3234 2605 3519 2677 γενναίωςυ

1926 2706 1990 2759 σὺ
2036 2704 2095 2758 δέ
2144 2701 2302 2770 ἀγεις
2346 2701 2473 2764 τοὺς
2517 2698 2586 2753 τά
2629 2699 2875 2769 ἡμέτερα
2910 2694 3336 2767 καθαιροῦντας,
3370 2694 3433 2749 τό
3457 2710 3521 2762 γε

1924 2789 2103 2846 αὐτῶν
2136 2791 2332 2862 μέρος;

1997 2966 2071 3033 ς’.
2095 2965 2161 3018 Τί
2181 2962 2373 3017 τούτου
2392 2960 2486 3016 τοῦ
2504 2960 2743 3032 γέλωτος
2761 2961 2856 3014 καὶ
2876 2959 2975 3029 τῆς
3002 2958 3291 3030 χλευασίας
3307 2958 3490 3029 χεῖρον
3506 2972 3523 3022 ;

1924 3055 1976 3108 τί
2004 3054 2213 3123 ταύτης
2253 3051 2354 3121 τῆς
2401 3047 2722 3119 ἀνωμαλίας
2778 3046 3122 3119 βαρύτερον;
3182 3044 3522 3117 Αίσχύνθητε

1926 3142 2023 3197 καὶ
2051 3140 2362 3212 ἐντράπητε
2397 3153 2410 3167 ⁸
2448 3138 2499 3189 ει
2531 3134 2589 3188 δέ
2629 3135 2705 3207 μὴ
2747 3133 3026 3202 βούλεσθε,
3059 3135 3223 3205 ήμεῖς
3266 3133 3368 3187 οὐκ
3425 3133 3523 3186 ἀν⁹

1926 3228 2168 3299 εχόμεθα
2200 3226 2299 3298 ἔθη
2319 3224 2546 3278 τοιαῦτα
2575 3222 2799 3294 ὀλέθρια
2828 3224 2895 3293 τῇ
2929 3220 3200 3292 ἐκκλησίᾳ
3225 3222 3523 3290 ἐπεισαγα-

1926 3319 2077 3386 γεῖν·
2120 3313 2267 3381 Τοὺς
2328 3312 2440 3383 γὰρ
2498 3309 2975 3380 ἁμαρτάνοντας,
3019 3308 3209 3379 φησὶν,
3262 3307 3525 3364 ἐνώπιον

1927 3406 2168 3459 πάντων
2190 3402 2427 3470 ἔλεγχε.
2469 3397 2772 3460 Κάκείναις
2794 3396 2851 3451 δέ
2871 3398 2994 3459 ταῖς
3019 3394 3394 3469 ταλαιπώροις
3431 3399 3527 3451 καὶ

1926 3491 2141 3553 ἀθλίαις
2170 3490 2239 3542 δι’
2280 3485 2438 3558 ὑμῶν
2472 3482 2918 3556 ἀπαγορεύομεν,
2944 3483 3218 3554 μηδέποτε
3251 3485 3375 3547 ταῖς
3413 3484 3525 3537 τῶν

1928 3577 2138 3633 πιστῶν
2167 3577 2433 3647 ἐκφοραῖς
2452 3573 2779 3635 ἐπεισιέναι,
2810 3572 2898 3625 ῖνα
2927 3572 3001 3643 μὴ
3054 3571 3227 3636 δντως
3249 3572 3318 3625 τὰ
3344 3574 3526 3632 οἰκεῖα

1926 3667 2101 3730 αὐτὰς
2130 3664 2535 3733 ἀναγκάσωμεν
2565 3660 2786 3732 θρηνεῖν
2814 3662 2982 3725 κακά,
3008 3660 3103 3713 καὶ
3134 3660 3525 3733 παιδεύσωμεν

1930 3757 2005 3827 μὴ
2041 3757 2100 3807 ἐν
2156 3750 2462 3821 ἀλλοτρίοις
2502 3747 2681 3803 ταῦτα
2732 3750 2939 3813 ποιεῖν,
2983 3748 3123 3803 ἀλλά
3162 3749 3263 3814 τάς
3311 3752 3527 3817 οἰκείας

1932 3842 2221 3913 συμφοράς
2268 3836 2469 3908 μᾶλλον
2514 3834 2805 3903 ὀδύρεσθαι
2840 3851 2853 3865 ·
2887 3837 2983 3889 καὶ
3026 3834 3137 3907 γὰρ
3197 3838 3288 3890 καὶ
3338 3841 3525 3912 πατὴρ

1929 3929 2325 3998 φιλόστοργος,
2378 3924 2507 3979 ὅταν
2553 3922 2669 3976 υίδν
2714 3921 2951 3976 ἄτακτον
3013 3922 3133 3996 ἔχῃ,
3184 3924 3286 3977 οὐκ
3330 3924 3526 3995 ἐκείνῳ

1931 4018 2094 4087 μόνον
2134 4016 2395 4084 παραινεῖ
2432 4010 2512 4083 μή
2540 4009 2871 4081 πλησιάζειν
2905 4012 3019 4072 τοῖς
3058 4015 3342 4083 πονηροῖς,
3386 4013 3525 4069 ἀλλὰ

1928 4104 2025 4159 καὶ
2051 4102 2295 4165 ἐκείνους
2312 4100 2469 4171 φοϐεῖ
2496 4113 2545 4155 ι.
2591 4099 2723 4154 Ἰδοὺ
2750 4098 2932 4152 τοίνυν
2954 4098 3049 4152 καὶ
3080 4099 3212 4169 ὑμῖν
3238 4100 3526 4166 κάκείναις

1928 4193 1996 4246 δι’
2051 4190 2207 4261 ὑμῶν
2264 4187 2540 4260 παραινῶ,
2591 4187 2735 4241 ῶστε
2798 4187 2940 4259 μήτε
2995 4186 3142 4257 ὑμᾶς
3195 4186 3382 4241 καλεῖν
3425 4190 3527 4253 τάς

1928 4281 2205 4343 τοιαύτας,
2244 4278 2384 4349 μήτε
2408 4276 2626 4341 ἐκείνας
2662 4274 3091 4347 παραγίνεσθαι.
3162 4275 3273 4331 Καὶ
3314 4278 3528 4344 γένοιτο

1933 4369 2035 4439 μέν
2062 4367 2155 4420 τδν
2189 4364 2349 4434 λόγον
2382 4381 2435 4418 τι
2467 4362 2810 4435 ἐργάσασθαι
2836 4361 3000 4415 πλέον
3028 4361 3122 4415 καὶ
3167 4362 3267 4435 τὴν
3296 4364 3528 4437 ἀπειλήν

1934 4457 2150 4528 ἰσχῦσαι
2176 4471 2191 4486 ·
2224 4456 2275 4509 εἰ
2296 4452 2376 4519 δέ,
2411 4454 2551 4525 ὅπερ
2580 4452 2775 4521 ἀπείη,
2803 4452 3337 4523 καταφροηθῶμεν,
3368 4454 3532 4525 ἀναγ.

1930 4542 2329 4617 κασθησόμεθα
2367 4540 2559 4596 λοιπὸν
2592 4541 2672 4605 είς
2699 4539 2865 4611 έργον
2889 4541 3123 4611 ἀγαγεῖν
3146 4538 3247 4611 τήν
3270 4540 3526 4613 ἀπειλὴν,

1930 4634 2077 4703 ὑμᾶς
2114 4632 2213 4703 μέν
2235 4633 2348 4696 τοῖς
2380 4631 2569 4701 νόμοις
2608 4628 2962 4692 παιδεύοντες
2992 4631 3105 4693 τοῖς
3132 4628 3528 4700 ἐκκλησιαστι-

1930 4723 2069 4784 κοῖς,
2102 4719 2315 4783 ἐκείνας
2343 4718 2401 4773 δέ
2426 4718 2503 4783 ὡς
2536 4716 2779 4780 ἐκείναις
2818 4714 3102 4787 προσῆκόν
3138 4716 3310 4770 ἐστιν.
3372 4717 3435 4772 Εί
3468 4718 3527 4773 δέ

1928 4825 2015 4872 τις
2044 4806 2595 4876 ἀπαυθαδιαζόμενος
2621 4804 2981 4877 καταφρονεῖ,
3019 4801 3136 4876 [49]
3159 4803 3409 4859 ἀκουέτω
3428 4807 3525 4861 τοῦ

1927 4892 2169 4964 Χριστοῦ
2226 4894 2480 4962 λέγοντος
2524 4891 2620 4945 καὶ
2677 4889 2777 4945 νῦν
2809 4905 2823 4919 ·
2873 4889 3012 4944 Ἐὰν
3039 4894 3072 4945 ό
3100 4889 3367 4961 ἀδελφός
3406 4908 3525 4949 σου

1926 4980 2242 5051 ἁμαρτήσῃ
2274 4982 2362 5046 εις
2392 4979 2489 5043 σὲ,
2537 4978 2753 5048 ὕπατε,
2784 4976 3040 5047 ἔλεγξον
3072 4979 3264 5033 αὐτὸν
3293 4976 3526 5051 μετάξὺ

1926 5069 2045 5123 σοῦ
2076 5068 2173 5123 καὶ
2216 5067 2405 5123 αὐτοῦ
2434 5068 2666 5137 μόνον·
2716 5067 2770 5119 εί
2802 5065 2871 5119 δὲ
2898 5068 2986 5135 μὴ
3022 5068 3306 5128 πείθοιτο.
3331 5070 3523 5138 παρά-

1924 5157 2073 5211 λαϐε
2104 5156 2257 5225 μετὰ
2294 5150 2560 5209 σεαυτοῦ
2605 5152 2715 5207 ἕνα
2748 5152 2788 5221 ἢ
2826 5151 2937 5206 δύο
2971 5168 2985 5183 ο
3016 5152 3160 5207 εἰδὲ
3195 5156 3295 5209 καὶ
3332 5157 3523 5225 οὕτως

1924 5243 2257 5313 ἀντιλέγοι,
2306 5245 2436 5296 εἰπὲ
2469 5240 2541 5310 τῇ
2606 5239 2978 5310 Ἑκκλησίςιο
3031 5243 3085 5297 εί
3141 5240 3210 5295 δὲ
3254 5243 3353 5297 καὶ
3412 5245 3524 5313 τῆς

1937 5332 2297 5399 Ἐκκλησίας
2342 5332 2823 5399 παρακούσειεν.
2876 5329 3034 5386 ἔστω
3064 5346 3164 5385 σοι
3196 5332 3273 5395 ὠς
3300 5334 3333 5386 o'
3360 5332 3519 5387 ἐθνι-

1983 5530 2009 5558 “
2035 5529 2224 5581 Cetera
2246 5541 2406 5591 usque
2430 5528 2489 5577 ad
2515 5529 2663 5591 ﬁnem
2675 5528 2893 5591 hominm
2912 5528 3210 5591 deﬁciuntiu
3234 5528 3521 5591 Colbcrlim

1919 5592 2113 5661 chicel
2131 5588 2651 5661 et-squfeqspmpigig
2704 5588 2878 5661 quiqu
2908 5590 3104 5661 οιῃίεείς
3131 5590 3433 5661 gulipusdam
3460 5591 3522 5661 ει)

2294 5651 2470 5715 incipit
2503 5652 2562 5701 ab
2588 5651 2664 5702 his
2684 5651 2854 5703 verbis
2881 5667 2891 5701 :
2924 5655 2988 5715 μὴ
3010 5654 3098 5717 γὰρ
3121 5651 3286 5709 ἁπλῶς
3305 5659 3521 5717 προσχῆς
