4020 6402
162 387 223 444 15
1037 374 1106 433 IN
1145 366 1364 429 EPIST.
1408 366 1498 424 AD
1537 360 1776 421 iiEBM

1880 362 1907 412 ι.
1946 353 2103 413 CAP.
2164 350 2229 409 il.
2275 348 2509 407 liOiilL
2552 345 2619 400 Υ.
3405 338 3473 395 ιιι

167 510 241 554 ret
271 495 369 570 (ιι).
397 496 537 553 Ecce
566 509 696 567 ergo
726 507 825 549 nos
869 506 1084 563 quoque
1104 498 1161 546 et
1189 503 1284 545 vos
1307 497 1365 545 et
1391 486 1510 543 illas
1535 501 1632 558 per
1652 498 1751 539 vos
1863 443 3473 570 ὀινθηάθηξξΑίθ’(ξ,ξξξξδ-νξέξξξῃξξιξξ,Ψηηεῖίΐξᾞιῃοὶξῗξ

167 532 241 554 ,τι
271 532 369 570 νη.
400 532 536 553 ...μ
566 532 696 567 e...
726 532 825 549 ...η
869 532 1084 563 ,μνη-ν
1106 532 1161 546 ν.
1197 532 1284 545 η.-
1308 532 1365 545 ν.
1391 532 1510 543 η.--
1537 532 1620 558 τ-.
1664 532 1748 539 ---

165 588 458 655 hortamur,
485 598 667 643 utnec
692 599 791 641 vos
843 583 960 639 illas
989 582 1214 647 vocetis,
1246 595 1423 650 neque
1458 577 1566 633 illa:
1596 582 1753 633 accc-

1880 569 1990 613 esse
2033 565 2257 609 necesse
2287 568 2303 605 :
2342 547 2548 603 nullum
2575 545 2722 601 enim
2752 540 3001 597 volumus
3025 550 3147 594 esse
3176 532 3319 607 apud
3369 548 3475 589 nos

1901 649 1914 655 ‘
2350 640 2366 655 ‘
2420 654 2425 655 γ
2558 650 2661 655 μη-
2687 633 2929 655 ι--ιιε-Α-
2961 639 3011 655 ,ι
3036 628 3220 655 _..:..-_:
3261 626 3472 655 ,ηεηηηι

174 626 1758 754 ,ἑὲέἒέ-ὗῖωυὲἰνῶζέᾖῐιῶἷθῇὧί
1866 649 2141 712 vinctum;
2169 658 2276 701 non
2301 640 2665 754 adeoasumus
2687 633 2933 754 ittl'elice's
2959 639 3015 754 et
3034 628 3240 736 miseri,
3259 626 3474 754 etiamsi

167 774 417 845 amplius,
457 783 513 831 et
535 775 750 829 valeant
778 774 940 828 mina:
969 790 985 826 :
1016 773 1100 829 sin
1149 781 1355 839 autem,
1405 769 1549 840 quod
1591 767 1756 835 absit,

167 868 495 937 contemptui
527 867 696 923 simus
724 864 917 931 habiti,
937 878 1161 921 necesse
1187 863 1449 918 habemus
1461 860 1531 916 de
1555 868 1757 916 cetero

169 958 339 1013 minas
367 959 638 1014 deducere
657 956 724 1013 ad
761 956 1040 1023 eli‘eetum,
1076 968 1175 1012 vos
1197 953 1416 1026 quidem
1441 950 1755 1009 erudientes

169 1050 376 1121 legibus
401 1049 819 1116 ecclesiasticis,
862 1048 983 1103 illas
1031 1052 1211 1101 autem
1243 1054 1302 1100 ut
1343 1043 1453 1100 illis
1481 1038 1735 1098 convenit

166 1142 219 1198 Si
248 1142 373 1213 (ptis
393 1149 570 1197 autem
598 1147 915 1211 arroganter
937 1146 994 1194 et
1020 1137 1329 1196 insolenter
1355 1150 1415 1191 sc
1438 1147 1635 1205 gerens
1654 1129 1757 1186 de-

168 1234 345 1303 spicit,
377 1234 559 1288 audiat
602 1231 878 1290 Christum
912 1245 1057 1287 nunc
1104 1244 1321 1302 quoque
1350 1227 1618 1284 dicentem
1651 1243 1665 1280 :
1696 1223 1761 1280 Si

169 1325 447 1393 peccaverit
471 1324 523 1377 in
550 1332 599 1378 te
621 1322 781 1394 frater
807 1331 944 1391 tuus,
969 1321 1117 1389 vade,
1141 1336 1302 1391 argue
1328 1336 1443 1374 eum
1475 1319 1609 1372 inter
1632 1327 1681 1371 te
1714 1323 1761 1370 et

165 1415 335 1483 ipsum
358 1413 522 1469 solum
550 1429 571 1469 :
600 1413 647 1468 si
669 1420 837 1467 autem
854 1429 957 1467 non
985 1419 1181 1484 pareat,
1212 1411 1386 1481 accipe
1405 1417 1572 1463 tecum
1599 1422 1761 1461 unum

165 1516 253 1561 est
274 1505 408 1560 duos
428 1522 447 1562 :
468 1506 513 1562 si
534 1514 702 1564 autent
724 1504 877 1559 etiam
902 1504 979 1558 sic
1007 1501 1341 1568 contradicat,
1370 1501 1453 1555 die
1471 1498 1717 1555 Ecclesia:
1742 1511 1763 1552 :

166 1598 210 1651 si
233 1605 406 1651 autem
438 1596 723 1652 Ecclesium
750 1612 947 1666 quoque
975 1611 1076 1649 non
1110 1593 1289 1648 audiat
1310 1634 1327 1660 ,
1381 1592 1445 1648 sit
1501 1591 1595 1646 tibi
1632 1598 1765 1643 taut-

166 1703 320 1758 quam
352 1688 584 1742 ethnicus
612 1695 658 1743 et
685 1686 988 1759 publicanus
1015 1685 1034 1756 (
1056 1684 1249 1739 Matth.
1279 1683 1367 1740 18.
1399 1683 1466 1739 iii
1493 1712 1523 1724 -
1550 1682 1670 1749 17).
1702 1678 1759 1735 Si

165 1786 346 1834 autem
375 1793 500 1834 eum
527 1778 617 1848 qui
651 1778 703 1832 in
735 1792 821 1833 me
853 1785 1060 1846 peccat,
1088 1790 1211 1831 cum
1233 1790 1340 1830 non
1386 1771 1650 1844 paruerit,
1682 1770 1764 1826 sic

1863 745 2033 801 simus
2060 741 2216 813 plane
2237 737 2416 794 nihili.
2439 733 2549 791 Sed
2566 732 2612 787 si
2642 743 2869 787 necesse
2896 724 3276 789 habuerimus,
3312 720 3475 813 igno-

1862 812 2181 893 sciteauon
2219 831 2362 888 enim
2402 826 2651 883 iubentes
2697 836 2801 880 nec
2852 820 3123 882 volentes.
3152 814 3249 871 sed
3298 812 3475 883 magis

1862 944 2025 1002 quam
2055 940 2155 981 vos
2187 922 2351 979 vincti
2373 920 2644 983 dolentes,
2678 913 2893 969 vincula
2926 910 3225 1002 injieimus.
3345 902 3473 1002 quis

1861 996 2045 1078 autem
2078 1034 2141 1075 ea
2172 1019 2531 1077 contemnat,
2561 1007 2816 1064 adveniet
2870 1012 3085 1073 tempus
3110 998 3298 1070 judicii
3327 996 3475 1068 quod

1864 1120 2040 1190 ipsum
2066 1111 2279 1168 doceat.
2308 1103 2463 1175 Quod
2490 1109 2659 1158 restat
2709 1099 2838 1155 nolo
2876 1094 3087 1159 dicere,
3116 1106 3186 1146 ne
3232 1098 3474 1144 vestram

1863 1188 2099 1266 mentem
2133 1203 2342 1259 feriam.
2372 1197 2507 1254 Nam
2537 1208 2635 1250 nos
2662 1190 2881 1264 quidem
2914 1188 3148 1259 primum
3181 1197 3471 1254 precamur

1862 1311 1924 1359 ut
1972 1314 2077 1356 non
2125 1308 2354 1352 necesse
2399 1288 2749 1346 habeamus:
2783 1281 2879 1339 sed
2926 1281 2971 1337 si
3024 1290 3253 1334 necesse
3284 1274 3471 1338 luerit,

1860 1402 2109 1450 nostrum
2130 1399 2327 1445 munus
2346 1381 2657 1453 impiemus,
2692 1374 2909 1431 vincula
2936 1370 3233 1443 injicimus.
3265 1367 3322 1424 Si
3352 1366 3475 1438 quis

1861 1496 2043 1542 autem
2075 1496 2139 1538 ea
2187 1475 2530 1552 perfregerit,
2563 1486 2667 1543 ego
2721 1466 2867 1540 quod
2899 1479 3083 1521 meum
3112 1470 3195 1520 est
3241 1460 3346 1517 ieci
3369 1501 3385 1527 ,
3421 1468 3478 1552 et

1861 1591 1984 1634 sum
2013 1573 2084 1630 de
2111 1550 2313 1629 cmtcro
2355 1566 2488 1623 nulli
2515 1563 2694 1634 culpa:
2722 1559 2909 1616 afllnis
2934 1576 2948 1614 :
2972 1555 3041 1612 de
3063 1568 3131 1611 eo
3161 1561 3342 1609 autem
3370 1550 3478 1606 erit

1865 1667 1962 1723 tibi
1993 1660 2404 1737 disceptandum
2430 1673 2552 1715 cum
2575 1671 2645 1713 eo
2667 1654 2758 1727 qui
2783 1667 2870 1710 me
2887 1649 3051 1723 jussit
3070 1643 3478 1737 ligare.i'ieque

1866 1753 2013 1808 enim
2046 1752 2091 1807 si
2122 1733 2249 1821 rege
2294 1747 2623 1819 praesidente
2646 1788 2661 1813 ,
2694 1760 2759 1800 ex
2794 1740 3102 1799 astantibus
3146 1733 3476 1790 satellitibus

161 1869 314 1941 jubet
339 1824 580 1925 aversa;
611 1887 625 1924 :
655 1868 707 1925 in
738 1824 886 1935 eum:
907 1868 997 1939 qui
1026 1824 1078 1923 il)
1387 1824 1761 1926 lci—invidum,
1861 1842 2047 1941 διξεευεξ
2077 1843 2149 1941 δξί
2166 1840 2439 1941 ρυίδνίτίξξξ
2459 1837 2668 1941 νωθέίτθ
2693 1835 2929 1941 aliqu“?
2961 1847 3030 1887 ει
3058 1824 3475 1941 αξξοῗῗξξὶξί

165 1914 1161 2033 QBQEJS'SQ'ELQJEJQLQ
1181 1914 1598 2027 ’ξος
1865 1914 2083 1990 vincula
2108 1933 2353 2004 injicere,
2378 1930 2471 1986 ille
2500 1937 2680 1985 autem
2704 1942 2812 1982 non
2832 1923 3163 2033 solumiettm
3189 1914 3475 2033 rep‘qierit,

169 2007 1766 2119 manantiaminus;1......an.
1867 2026 1965 2083 sea
1993 2027 2156 2081 eum
2184 2022 2396 2079 νίσοιιιε
2795 2024 2880 2073 εει
2899 2013 3121 2072 sum
3138 2009 3232 2119 ξιιτί
3254 2007 3482 2119 ab“:

723 2096 1763 2213 "QQ-$5,.
1870 2128 1955 2175 est
1999 2114 2351 2179 contumelia,
2381 2111 2480 2169 sed
2510 2111 2681 2215 multo
2726 2107 2903 2215 magis
3053 2102 3151 2215 qui
3198 2098 3377 2215 jussit.
3412 2096 3481 2215 .Si

334 2196 697 2297 niis—vincula,
728 2196 853 2289 eum
902 2196 1090 2290 rursus
1112 2230 1367 2288 Christus
1395 2196 1613 2285 erudiat
1637 2269 1652 2295 ,
1684 2227 1767 2282 di.
1873 2213 2022 2282 enim
2042 2225 2172 2308 ξιιιω
2200 2208 2335 2264 “um
2460 2203 2690 2308 “dficit.
2726 2203 2844 2272 ipse
2896 2196 3479 2308 Sihiufaf'f‘ifi‘li-lgij

1699 2318 1766 2373 ιε-
1878 2303 2098 2376 quando
2143 2296 2473 2395 contumelia
2503 2293 2723 2395 efficitis
2766 2307 2884 2395 eos,
2935 2289 3136 2395 quibus
3168 2283 3482 2354 impositum

166 2378 355 2491 QQ}...
383 2378 437 2471 ᾗ
466 2378 594 2471 emo
624 2378 717 2470 εἰι
740 2378 1073 2486 quinum";
1090 2378 1344 2469 ιᾶιυετίιεε
1371 2378 1531 2483 mimi
1552 2420 1766 2474 ιοπαηι,
1875 2396 1981 2452 fuit
2008 2407 2203 2452 munus
2231 2387 2485 2452 ducendi,
2509 2385 2684 2489 multo
2711 2382 2884 2491 magis
2913 2378 3183 2491 afficietur
3212 2385 3486 2491 tamquam

167 2466 584 2565 ἓνῖῖιῦᾇῇἱῖ
604 2466 1065 2573 (καλιᾷ
1208 2466 1340 2573 19).
1555 2466 1769 2559 etiamsi
1884 2490 1999 2560 ipse
2028 2482 2410 2573 Culllulneliarm
2430 2473 2865 2573 acceperit._Scd
2894 2470 3039 2573 absit
3064 2512 3079 2539 ,
3117 2477 3175 2523 ut
3202 2466 3486 2573 .quispiatn

165 2615 266 2656 nos
288 2601 462 2655 simus
491 2597 677 2653 miseri
705 2605 764 2654 et
786 2558 965 2664 nihili,
988 2603 1045 2651 et
1087 2594 1234 2665 digni
1263 2558 1356 2667 qui
1384 2593 1768 2666 despiciantur,
1880 2558 1947 2638 ex
1990 2578 2058 2633 iis
2079 2576 2168 2647 Qui
2199 2583 2326 2631 sunt
2346 2572 2401 2628 in
2422 2571 2541 2667 hac
2560 2567 2820 2667 ecclesia,
2842 2562 2910 2620 ad
2940 2563 3077 2667 hanc
3095 2558 3490 2667 veniat

166 2693 308 2750 sicut
332 2706 525 2748 revera
550 2688 695 2760 digni
726 2653 1067 2757 sumus,'non
1092 2653 1401 2743 tanien-nos
1428 2653 1767 2753 ulciscimur,
1881 2675 2098 2730 silulem
2132 2663 2460 2760 suscipiendi
2491 2659 2727 2760 vincula.
2775 2657 2909 2760 Nam
2940 2662 3005 2758 ut
3023 2653 3341 2760 bonttmnest
3369 2662 3489 2760 non

166 2798 345 2856 neque
383 2783 521 2838 iram
543 2780 851 2849 referimus,
880 2778 975 2835 sed
997 2779 1188 2836 salutis
1217 2788 1415 2835 vestra:
1453 2793 1638 2834 curam
1671 2793 1770 2850 ge-

164 2874 356 2931 rimus.
412 2871 748 2936 Erubescite,
796 2886 1003 2942 quarso,
1044 2880 1099 2928 et
1124 2871 1333 2942 pudore
1380 2869 1771 2927 suii‘undimini.

164 2964 299 3022 Nam
323 2966 371 3019 si
395 2963 515 3033 quis
542 2961 645 3018 fert
661 2962 892 3018 amicum
919 2962 1009 3033 qui
1036 2960 1420 3024 vehementius
1458 2976 1621 3030 quam
1673 2974 1772 3030 par

164 3058 235 3112 sit
264 3054 566 3119 inrehitur,
605 3053 924 3109 examinans
949 3053 1069 3122 ejus
1095 3066 1321 3121 scopum
1353 3061 1409 3107 et
1439 3050 1768 3117 institutum,

163 3156 218 3204 et
240 3144 389 3218 quod
412 3144 516 3201 hoc
545 3146 728 3200 animo
750 3143 881 3199 facit
904 3144 1192 3211 benevolo,
1222 3158 1332 3200 non
1379 3158 1477 3214 per
1505 3156 1774 3213 arrogan-

167 3237 297 3292 tiam
329 3253 345 3291 :
382 3234 552 3290 multo
582 3234 752 3305 magis
781 3232 925 3290 ferre
972 3232 1187 3289 debetis
1214 3233 1537 3304 magistrum
1591 3231 1769 3287 inet-eo

169 3337 418 3399 pantem,
444 3336 499 3383 et
524 3327 838 3395 magistrum
865 3327 956 3397 qui
982 3340 1085 3382 nec
1110 3326 1228 3397 ipse
1277 3324 1394 3381 hate
1415 3324 1549 3381 dicit
1587 3338 1653 3379 ex
1683 3337 1773 3377 au-

165 3420 444 3483 ctoritate,
462 3431 638 3488 neque
664 3418 832 3471 instar
858 3416 1138 3487 principis,
1158 3416 1255 3472 sed
1291 3416 1465 3472 instar
1481 3412 1767 3469 curatoris.

164 3510 355 3581 Neque
383 3507 532 3565 enim
560 3508 678 3563 hanc
700 3505 932 3561 dicimus
954 3507 1200 3563 volentes
1222 3513 1499 3562 ostentare
1533 3510 1772 3575 potesta-

170 3612 320 3660 tem:
348 3599 635 3672 Quomodo
658 3598 829 3666 enim,
872 3597 965 3669 qui
992 3606 1243 3668 optamus
1273 3605 1335 3653 ut
1363 3611 1464 3653 nec
1488 3595 1557 3651 ad
1585 3610 1777 3651 eorum

171 3693 402 3753 veniatis
477 3689 915 3764 experientiam?
966 3688 1065 3745 sed
1108 3687 1180 3745 de
1231 3688 1388 3744 vobis
1436 3687 1688 3745 dolentes
1723 3696 1780 3743 et

168 3787 515 3861 plangentes.
570 3781 875 3852 ignoscite,
915 3790 973 3835 et
1003 3794 1167 3836 nemo
1196 3780 1411 3835 vincula
1464 3787 1781 3835 contemnat

169 3874 541 3937 ecclesiastica
573 3888 589 3929 :
614 3886 723 3927 non
748 3878 834 3927 est
856 3870 1003 3927 enim
1025 3870 1190 3925 homo
1206 3868 1299 3941 qui
1315 3869 1471 3941 ligat.
1489 3868 1585 3925 sed
1614 3866 1778 3924 Chri-

169 3977 311 4036 stus,
339 3965 434 4038 qui
454 3962 611 4019 nobis
638 3961 788 4019 dedit
813 3962 957 4019 hanc
985 3960 1185 4032 ligandi
1215 3969 1559 4031 potestatem,
1578 3971 1631 4016 et
1660 3959 1781 4017 effi-

170 4059 329 4115 ciens
359 4064 419 4112 ut
447 4054 696 4110 homines
728 4054 782 4109 in
831 4067 928 4108 sua
979 4060 1247 4123 potestate
1294 4051 1530 4108 habeant
1570 4062 1776 4107 tantum

176 4152 465 4207 honorem.
488 4146 624 4204 Nam
654 4161 753 4202 nos
774 4144 995 4217 quidem
1026 4144 1108 4200 uti
1136 4144 1388 4202 volumus
1414 4154 1680 4216 potestate
1708 4144 1777 4200 ad

280 4350 357 4412 (α)
390 4345 501 4399 Huc
516 4345 700 4393 desinit
718 4339 926 4392 Humilia
947 4346 1119 4404 quarta
1140 4338 1188 4387 in
1205 4336 1491 4389 Colbertino
1511 4337 1707 4390 Codice.

1879 2777 2122 2838 peccare,
2150 2761 2223 2816 ita
2249 2767 2332 2814 est
2359 2756 2491 2812 utile
2520 2753 2663 2809 ferre
2688 2744 3193 2820 reprehensionem.
3222 2740 3490 2838 Feramus

1883 2829 2014 2929 ergo
2036 2851 2493 2923 increpationem,
2523 2854 2578 2900 et
2605 2840 2924 2897 studeantus
2953 2850 3062 2891 non
3093 2845 3352 2904 peccare;
3382 2829 3481 2887 sed

1878 2948 1922 3003 si
1948 2921 2379 3017 peccaret-imus,
2396 2922 3310 3001 feramusreprehensionem.Sieut
3334 2921 3480 2977 enim

1886 3011 2085 3095 bonum
2117 3032 2335 3105 quidem
2366 3037 2450 3084 est
2476 3041 2584 3082 non
2628 3021 2777 3080 feriri
2804 3037 2819 3085 ;
2852 3017 2949 3074 sed
2978 3018 3023 3072 si
3055 3016 3164 3071 hoc
3208 3011 3490 3105 acciderit,

1881 3124 2266 3201 imponendum
2292 3122 2462 3193 plagae
2488 3115 2944 3174 medicamentum
2967 3127 2980 3164 :
3003 3109 3075 3164 ita
3106 3116 3161 3164 et
3180 3105 3271 3161 hic
3298 3104 3495 3161 facien-

1879 3197 2029 3277 dum.
2066 3216 2264 3271 Verum
2294 3211 2458 3275 absit,
2492 3216 2553 3263 ut
2600 3206 2722 3277 quis
2754 3202 2954 3257 talibus
2985 3214 3123 3270 opus
3155 3197 3353 3252 habeat
3380 3210 3497 3250 meo

1880 3312 1969 3368 die
1987 3306 2202 3363 .mentis
2226 3323 2239 3358 :
2264 3300 2584 3371 Conﬁdimus
2607 3294 2755 3352 enim
2778 3293 2841 3347 de
2867 3289 3007 3345 nobis
3034 3288 3275 3353 meliora,
3298 3294 3347 3341 et
3368 3302 3498 3341 con-

1882 3410 2125 3457 sentanea
2170 3392 2325 3450 saluti
2352 3431 2369 3455 ,
2412 3386 2619 3446 etiamsi
2660 3385 2734 3440 sic
2780 3382 3041 3454 loquimur
3091 3377 3283 3452 (Hebr.
3325 3375 3381 3431 li.
3413 3376 3495 3449 9).

1883 3492 2080 3551 Acrius
2097 3497 2278 3543 autem
2308 3491 2364 3539 et
2390 3476 2776 3537 vehementius
2804 3486 2994 3529 sumus
3020 3469 3233 3541 loquuti
3259 3483 3357 3539 pro
3385 3484 3502 3523 tua.

1881 3583 1990 3655 jori
2021 3580 2290 3638 cautione.
2316 3573 2507 3630 Melius
2536 3578 2621 3624 est
2644 3568 2791 3625 enim
2815 3573 2876 3621 ut
2903 3576 3003 3619 vos
3028 3576 3117 3618 me
3143 3559 3500 3631 suspicemini

1886 3652 2169 3735 audacem,
2196 3680 2398 3723 saevum
2421 3672 2481 3722 et
2496 3669 2862 3733 art-egentem,
2890 3673 3052 3729 quam
3096 3665 3156 3713 ut
3184 3670 3283 3711 vos
3320 3652 3491 3709 facia-

1884 3763 1959 3819 tis
1995 3774 2061 3817 ea
2084 3772 2205 3831 quae
2234 3756 2345 3812 Deo
2375 3769 2480 3810 non
2512 3752 2746 3823 placent.
2780 3750 2890 3805 Deo
2923 3758 3108 3804 autem
3132 3745 3489 3813 conﬁdimus,

1888 3854 2027 3912 hanc
2070 3847 2552 3922 reprehensionem
2595 3859 2703 3901 non
2749 3843 2980 3899 futuram
3028 3840 3184 3897 vobis
3211 3838 3485 3906 inutilem,

1887 3948 1982 4003 sed
2008 3960 2106 4001 vos
2146 3944 2217 3999 ita
2247 3940 2553 4000 mutandos.
2575 3946 2633 3993 ιιι
2674 3938 2727 3992 1ιί
2757 3948 3037 3991 sermones
3064 3933 3116 3987 in
3140 3932 3340 3987 vestris
3361 3945 3495 3985 con-

1882 4038 2167 4087 sumantur
2199 4027 2463 4085 encomils
2508 4033 2563 4080 et
2616 4021 2882 4078 laudibus.
2926 4018 3144 4076 Utinam
3200 4029 3494 4073 autemsa-

1876 4121 2115 4179 cundum
2142 4118 2244 4175 Dei
2291 4116 2550 4188 placitum
2596 4114 2865 4179 vivamus,
2900 4118 2960 4165 ut
3007 4123 3200 4164 omnes
3226 4107 3368 4163 bona
3398 4108 3487 4163 illa

1876 4226 2299 4284 consequamur,
2329 4224 2450 4280 qua:
2473 4204 2723 4277 promisit
2750 4204 2897 4259 Deus
2937 4200 3293 4273 diligentibus
3318 4212 3407 4269 se,
3435 4198 3491 4254 in

1880 4303 2098 4362 Christo
2125 4300 2252 4357 Jesu
2282 4298 2511 4354 Domino
2554 4302 2764 4351 nostro.

1590 4519 1931 4584 ΗΟΜΠᾹΑ
1977 4522 2056 4584 ν.

186 4651 319 4708 Car.
359 4648 418 4703 2.
472 4663 527 4703 v.
559 4645 651 4704 16.
690 4643 964 4717 Nusquam
1000 4646 1137 4699 enim
1175 4642 1387 4716 angelos
1419 4643 1793 4715 apprehendit,

258 4743 353 4799 sed
378 4756 550 4797 semen
575 4738 796 4794 Abralta:
819 4735 1175 4807 apprehendit.
1212 4736 1299 4791 l7.
1334 4733 1484 4791 Unde
1507 4733 1678 4789 debuit
1703 4750 1796 4806 per

259 4832 439 4889 omnia
467 4829 713 4903 fratribus
740 4828 982 4883 similari.

262 4927 316 4981 1.
363 4923 459 4977 Del
487 4938 608 4992 erga
634 4936 791 4993 genus
811 4920 1092 4975 humanum
1115 4929 1311 4991 quanta
1337 4919 1707 4988 munificentia.
1724 4949 1798 4961 ——

190 5015 396 5071 Valens
434 5012 636 5068 Paulus
682 5010 975 5067 ostendere
1018 5010 1241 5066 multam
1282 5010 1378 5065 Dei
1405 5009 1794 5081 benignitatem

186 5116 244 5163 et
269 5105 551 5161 caritatem
581 5116 742 5173 quam
774 5099 967 5157 habuit
1007 5101 1060 5156 in
1083 5102 1257 5172 genus
1296 5099 1618 5166 humanum,
1646 5108 1798 5171 post-

186 5211 352 5269 quam
376 5194 535 5262 dixit,
570 5194 706 5263 Quia
726 5210 849 5266 ergo
874 5193 1024 5264 pueri
1052 5194 1553 5248 communicauerunt
1576 5194 1724 5247 carni
1748 5202 1798 5249 et

185 5289 469 5362 sanguini,
520 5298 569 5343 et
608 5288 720 5359 ipse
761 5288 997 5343 similiter
1022 5288 1348 5359 participas“
1375 5287 1564 5343 eisdem
1604 5286 1793 5358 (Hebr.

182 5380 249 5437 Ξ.
274 5382 389 5452 il),
420 5380 569 5436 hunc
596 5380 773 5436 locum
800 5379 1035 5451 explicat
1079 5388 1135 5436 et
1163 5382 1529 5452 persequitur,
1560 5379 1750 5439 dicens
1779 5401 1795 5438 :

192 5472 468 5545 Nusquam
503 5474 639 5529 enim
656 5474 869 5546 angelos
909 5474 1269 5545 apprehendit.
1301 5473 1381 5531 Ne
1426 5459 1573 5532 enim
1605 5475 1798 5533 leviter

187 5564 440 5622 attendas
464 5566 515 5621 ei
546 5566 688 5636 quod
718 5566 921 5622 dictum
974 5578 1076 5631 est,
1111 5582 1289 5638 neque
1325 5582 1441 5624 rem
1472 5567 1648 5624 levem
1674 5583 1797 5625 esse

190 5656 491 5722 existimes,
516 5656 660 5727 quod
688 5656 806 5728 ipse
826 5671 1043 5713 carnem
1064 5666 1301 5713 nostram
1321 5659 1661 5730 susceperit:
1688 5676 1795 5717 no

193 5749 338 5804 enim
370 5747 477 5804 hoc
502 5748 723 5805 donavit
751 5750 980 5821 angelis.
1008 5748 1133 5806 Ideo
1159 5751 1263 5806 ait:
1283 5749 1405 5806 Non
1435 5750 1569 5806 enim
1586 5753 1797 5824 angelos

194 5839 550 5910 apprehendit,
576 5840 667 5897 sed
694 5856 863 5898 senten
896 5840 1132 5897 Abrahte.
1168 5841 1307 5913 Quid
1338 5850 1417 5900 cst
1448 5841 1591 5914 quod
1630 5842 1797 5901 dicit?

1895 4642 2013 4699 Non
2043 4643 2241 4715 angeli,
2274 4638 2858 4713 inquit,appt‘eheudit
2883 4647 3157 4706 naturam,
3190 4637 3287 4695 sed
3322 4638 3503 4695 homi-

1896 4734 2147 4804 nis.Quid
2166 4743 2252 4791 est
2270 4745 2472 4801 autem,
2497 4731 2889 4805 Appreltenditl
2904 4729 3022 4786 Non
3039 4729 3183 4786 enim
3198 4729 3510 4800 apprehen-

1895 4828 1995 4894 dit,
2030 4828 2222 4898 inquit,
2255 4826 2404 4881 iliam
2446 4826 2764 4898 angelorum
2798 4833 3070 4887 naturam,
3093 4822 3189 4877 sed
3239 4832 3505 4877 nostram.

1896 4918 2008 4974 Cur
2034 4927 2214 4974 autem
2246 4932 2355 4974 non
2386 4916 2543 4981 dixit,
2583 4916 2856 4986 Suscepit,
2884 4913 2981 4970 sed
3013 4927 3144 4969 usus
3174 4923 3261 4970 est
3289 4912 3391 4969 hac
3418 4913 3506 4969 di-

1897 5009 2097 5073 ctione,
2134 5009 2526 5081 Appreltendit.’
2547 5008 2591 5062 A
2626 5006 2945 5077 metaphora
2975 5020 3165 5061 eorum
3194 5003 3287 5075 qui
3321 5019 3511 5074 persco

1896 5111 2137 5171 quuntur
2162 5114 2406 5165 aversos,
2446 5108 2501 5156 et
2524 5099 2708 5155 omnia
2738 5098 2941 5153 faciunt
2971 5106 3030 5153 ut
3056 5096 3326 5167 fugientes
3352 5110 3509 5151 cout-

1901 5191 2260 5262 prebendant,
2275 5201 2331 5247 et
2348 5191 2657 5247 resilientes
2673 5189 3106 5260 apprehendant.
3126 5187 3209 5243 Ab
3231 5187 3349 5257 ipso
3363 5188 3510 5242 enitn

1900 5282 2194 5354 fugientem
2225 5284 2515 5339 humanam
2570 5291 2820 5339 naturam
2863 5291 2920 5337 et
2970 5280 3158 5352 procul
3215 5280 3512 5350 fugientem

1900 5373 2050 5443 (nam
2098 5374 2323 5431 Eramtts
2367 5392 2402 5429 α
2446 5372 2587 5441 Deo,
2633 5374 2808 5444 inquit
2856 5372 3110 5437 alienati,
3163 5381 3212 5427 et
3250 5372 3363 5426 sine
3398 5368 3513 5426 Deo

1898 5466 1952 5521 in
1998 5466 2189 5521 mundo
2232 5463 2473 5538 (Ephes.
2512 5464 2569 5519 2.
2617 5463 2753 5536 12),
2800 5463 2918 5533 ipse
2958 5474 3335 5534 persequutus,
3359 5476 3513 5519 com-

1900 5557 2207 5630 prehendit.
2263 5556 2516 5614 Ostendit
2583 5571 2708 5613 eum
2768 5555 2821 5611 id
2879 5556 3073 5611 fecisse
3135 5555 3252 5611 sola
3303 5564 3511 5610 motum

1885 5653 2245 5726 benignitate,
2268 5653 2517 5721 caritate,
2565 5663 2622 5709 et
2659 5669 2825 5726 quam
2858 5652 3030 5710 nostri
3059 5653 3202 5725 gerit
3237 5668 3391 5709 cura.
3426 5654 3497 5712 Ut

1883 5761 2033 5817 ergo,
2069 5744 2289 5817 quando
2317 5744 2472 5811 dicit,
2501 5742 2691 5801 Nonne
2714 5761 2891 5801 omnes
2914 5755 3034 5800 sunt
3065 5745 3495 5801 administratorii

1885 5838 2094 5908 spiritus
2121 5838 2175 5892 in
2214 5836 2553 5893 ministerium
2584 5836 2727 5892 missi
2753 5846 2962 5907 propter
2989 5852 3072 5892 eos
3102 5838 3189 5907 qui
3232 5836 3491 5893 heredita-
