4020 6400
596 333 666 386 47
1301 337 1357 393 S.
1398 336 1672 393 JOANNIS
1705 329 2177 389 CHRYSOSTOMI
2218 327 2532 385 ARCIIIEP.
2572 331 3103 389 CONSTANTINOP.
3780 329 3849 385 48

606 445 703 485 tem
733 433 940 535 capiunt
963 434 1142 490 salutis
1175 436 1358 535 (Febr.
1398 440 1449 494 1.
1478 440 1567 510 ﬂ)
1589 441 1612 493 ?
1638 441 1871 497 ostendit
1898 444 1947 499 ei
1970 460 2172 515 magna:

604 541 727 580 esse
755 538 902 581 cura:
926 526 1209 582 humanam
1240 538 1501 594 naturam,
1529 540 1588 585 et
1614 531 1779 587 Deum
1806 533 1923 602 ejus
1950 534 2169 588 multam

607 617 805 673 habere
853 619 1151 673 rationem:
1193 620 1260 673 ita
1299 620 1456 673 etiam
1498 619 1585 676 hic
1628 622 2043 697 ostendit‘quod
2090 634 2173 679 est

610 711 778 763 multo
802 709 971 779 majus
998 724 1025 761 a
1044 710 1457 778 comparatione.
1492 709 1613 765 Non
1644 712 1799 778 enim,
1824 713 2014 783 inquit,
2060 732 2158 785 ap-

600 800 862 868 prehendit
886 800 1111 869 angelos.
1143 799 1237 853 Est
1261 801 1403 855 enim
1429 817 1612 857 revera
1635 819 1903 873 maguum,
1935 806 2167 862 admira-

608 888 712 941 bile
737 898 793 943 et
818 889 1029 957 plenum
1056 899 1292 959 stupore,
1321 892 1461 958 quod
1489 907 1607 962 quae
1631 902 1712 948 est
1742 910 1807 949 ex
1858 896 2011 951 nobis
2041 912 2168 953 caro

598 978 782 1031 sedeat
824 978 962 1046 apud
1010 993 1255 1047 superos,
1289 990 1343 1035 et
1385 981 1637 1037 adoretur
1675 982 1742 1037 ab
1777 985 1981 1055 angelis
2002 996 2051 1039 et
2081 1002 2169 1041 ar-

591 1068 865 1137 changeiis
890 1076 943 1121 et
963 1068 1239 1138 Seraphim
1263 1079 1317 1125 et
1344 1070 1651 1127 Cberubim.
1680 1072 1792 1129 Hoc
1820 1090 1963 1143 stupe
1989 1085 2165 1133 mente

597 1173 832 1225 versans,
863 1168 1052 1227 stupeo
1082 1169 1135 1215 et
1160 1170 1333 1216 mente
1362 1161 1589 1228 excedo,
1636 1172 1690 1217 et
1735 1179 1922 1235 magna
1955 1168 2021 1221 de
2065 1182 2161 1237 ge-

589 1264 721 1303 nere
752 1248 985 1303 Mutatio
1004 1250 1304 1319 imaginor:
1334 1252 1489 1307 video
1519 1254 1660 1308 enim
1710 1269 1896 1326 magna
1938 1264 1994 1310 et
2024 1271 2159 1325 prte-

585 1341 730 1392 ciara
762 1340 999 1407 pra-mia,
1031 1350 1083 1394 et
1116 1348 1351 1393 nostram
1390 1349 1634 1397 naturam
1667 1344 1776 1399 Deo
1818 1360 1938 1401 esse
1968 1360 2161 1415 magno

587 1427 784 1482 studio.
821 1429 885 1483 Et
937 1445 1039 1482 non
1068 1428 1202 1483 dixit
1248 1430 1443 1495 solum,
1493 1432 1745 1489 Homines
1770 1436 2155 1505 apprehendit;

588 1520 682 1575 sed
713 1521 895 1574 volens
920 1521 1063 1589 ipsos
1087 1520 1365 1585 extollere,
1406 1531 1460 1576 et
1494 1524 1776 1580 ostendere
1800 1526 2035 1595 ipsorum
2064 1543 2159 1598 ge-

587 1625 688 1663 nus
708 1624 827 1664 esse
854 1625 1099 1679 maguum
1131 1619 1185 1665 et
1232 1610 1623 1677 honorandum,
1652 1613 1782 1668 dicit
1810 1632 1824 1666 :
1860 1615 1965 1670 Sed
1989 1634 2157 1673 semen

584 1702 802 1756 Abraha:
843 1700 1194 1769 apprehendit.
1228 1702 1375 1757 Unde
1403 1704 1569 1757 debuit
1601 1721 1687 1771 per
1714 1707 1885 1760 omnia
1914 1709 2157 1776 fratribus

578 1792 816 1847 sintilari.
845 1791 981 1859 Quid
1023 1802 1126 1859 est,
1182 1792 1285 1848 Per
1332 1796 1537 1849 omnia?
1575 1794 1716 1863 Fuit,
1768 1798 1955 1868 inquit,
2002 1810 2156 1869 partu

579 1881 780 1947 editus,
804 1891 857 1937 et
881 1884 1131 1946 nutritus,
1150 1891 1202 1937 et
1226 1885 1413 1951 crevit,
1443 1894 1495 1940 et
1520 1900 1708 1955 passus
1737 1898 1817 1942 est
1836 1891 2013 1943 omnia
2037 1906 2155 1959 quae

580 1973 835 2041 oportuit,
863 1982 917 2027 et
939 1973 1148 2028 tandem
1172 1984 1255 2028 est
1279 1984 1520 2031 mortuus
1553 1994 1567 2031 :
1602 1976 1703 2032 hoc
1730 1987 1835 2043 est,
1866 1978 1965 2033 Per
1980 1982 2149 2035 omnia

581 2060 914 2115 assimilatum
934 2078 1039 2115 esse
1058 2064 1318 2132 fratribus.
1341 2063 1471 2118 Nam
1489 2067 1737 2136 quoniam
1763 2071 1926 2123 multa
1942 2070 2153 2128 dixitde

593 2167 615 2205 ι
622 2151 708 2219 jus
738 2150 1012 2218 majestate
1039 2160 1092 2207 et
1108 2166 1334 2222 superna
1354 2154 1542 2225 gloria,
1567 2156 1633 2211 de
1660 2168 1856 2214 caetero
1882 2159 2041 2214 verba
2069 2160 2147 2216 fa-

580 2244 656 2298 cit
685 2241 752 2296 de
798 2242 1219 2312 dispensatione.
1252 2244 1384 2299 Vide
1408 2256 1587 2301 autem
1630 2262 1751 2303 cum
1792 2260 1985 2320 quanta
2017 2266 2145 2322 pru-

578 2333 758 2387 dentia
786 2341 841 2386 et
868 2332 941 2396 vi,
988 2333 1254 2402 quomodo
1296 2336 1466 2403 ipsum
1492 2337 1737 2393 ostendat
1778 2354 2024 2409 magnum
2054 2341 2151 2395 ad-

600 2430 783 2484 hibere
814 2430 1047 2485 studium
1095 2440 1148 2484 ut
1188 2430 1341 2487 nobis
1381 2433 1735 2488 assimiletur:
1759 2431 1900 2501 quod
1947 2430 2159 2499 quidem

595 2528 712 2576 erat
736 2534 939 2589 magna:
964 2535 1107 2598 cura:
1133 2529 1187 2575 et
1216 2521 1578 2589 providentiae.
1609 2522 1739 2576 Nam
1777 2536 1899 2575 cum
1928 2520 2159 2575 dixisset

594 2610 859 2679 superius,
880 2610 1010 2677 Quia
1029 2612 1173 2681 pueri
1187 2613 1673 2666 communicaverunt
1687 2613 1830 2666 carni
1840 2622 1885 2667 et
1904 2611 2160 2682 sanguini,

595 2709 643 2752 et
673 2700 781 2767 ipse
802 2701 1034 2754 similiter
1061 2702 1382 2771 participaoit
1410 2702 1635 2768 eisdem;
1658 2702 1743 2757 bic
1769 2718 1980 2773 quoque
2008 2702 2157 2765 dicit,

596 2791 696 2845 Per
726 2794 895 2846 omnia
920 2793 1198 2847 similatum
1224 2810 1331 2848 esse
1360 2795 1619 2865 fratribus,
1670 2796 2054 2864 propemodum
2080 2793 2161 2847 di—

584 2897 757 2938 cens:
783 2882 881 2951 Qui
904 2894 986 2939 est
1018 2884 1151 2940 adeo
1178 2900 1421 2955 magnus,
1452 2887 1539 2955 qui
1568 2895 1649 2940 est
1668 2885 1920 2955 splendor
1948 2884 2156 2954 gloriae,

589 2973 680 3042 qui
709 2982 794 3027 est
836 2974 1116 3029 character
1154 2975 1487 3040 substantias,
1527 2976 1615 3043 qui
1664 2975 1788 3029 fecit
1820 2977 2035 3039 saecula,
2068 2975 2157 3043 qui

591 3061 739 3116 sedet
760 3063 828 3117 ad
848 3062 1118 3119 dexteram
1152 3063 1346 3129 Patris,
1384 3065 1429 3119 is
1451 3066 1616 3119 voluit
1644 3076 1698 3121 et
1719 3065 1948 3119 studium
1982 3065 2157 3134 posuit

589 3160 645 3204 ut
685 3150 850 3207 frater
882 3162 1065 3207 noster
1100 3153 1251 3208 ﬂeret
1295 3155 1346 3208 in
1384 3156 1660 3219 omnibus;
1702 3163 1755 3210 et
1796 3154 1918 3209 ideo
1956 3154 2158 3209 dimisit

586 3240 808 3310 angelos
835 3253 887 3296 et
917 3257 1178 3311 supernas
1201 3254 1514 3313 potestates,
1548 3252 1602 3299 et
1626 3244 1693 3299 ad
1735 3258 1833 3299 nos
1857 3242 2155 3309 descendit,

586 3340 640 3385 et
692 3344 790 3385 nos
835 3334 1208 3401 apprehendit.
1254 3335 1531 3403 Perpende
1570 3343 1746 3389 autem
1787 3352 1802 3389 :
1846 3334 1981 3388 bona
2029 3333 2158 3389 fecit

584 3420 1010 3491 innumerabilia,
1060 3434 1285 3480 mortem
1328 3426 1506 3495 fregit,
1562 3441 1592 3479 a
1635 3425 1827 3481 diaboli
1877 3426 2154 3497 tyrannide

583 3525 680 3565 nos
719 3514 933 3580 eripuit,
979 3528 1009 3568 a
1061 3516 1317 3569 servitute
1366 3530 1462 3569 nos
1513 3515 1932 3571 liberavit:non
1979 3516 2150 3569 solum

585 3602 915 3658 fraternitate
942 3603 1241 3668 honoravit,
1270 3605 1364 3659 sed
1395 3608 1555 3660 etiam
1582 3606 1700 3659 aliis
1747 3606 2150 3660 innumerabili.

578 3689 702 3747 bus.
732 3690 910 3747 Voluit
949 3708 1070 3748 esse
1100 3703 1283 3748 noster
1312 3694 1545 3764 pontifex
1579 3696 1716 3765 apud
1748 3695 1990 3760 Patrem;
2020 3696 2150 3751 sub-

574 3780 744 3850 jungit
770 3784 912 3837 enim
944 3804 956 3839 :
991 3783 1058 3839 Ut
1085 3786 1368 3839 misericors
1399 3786 1599 3853 ﬁeretct
1624 3786 1789 3854 ﬁdelis
1818 3784 2058 3857 Pontifas
2082 3787 2151 3840 ad

578 3869 764 3925 Deum.
803 3871 1111 3941 Propterea,
1158 3874 1345 3943 inquit,
1381 3890 1595 3930 carnem
1627 3884 1860 3929 nostram
1890 3875 2145 3944 suscepit,

575 3971 792 4031 propter
815 3962 1191 4035 benignitatem
1219 3966 1389 4020 solum
1416 3976 1471 4021 et
1502 3966 1864 4031 clementiam,
1896 3976 1950 4020 ut
1975 3967 2143 4020 nostri

577 4051 940 4107 misereretur.
968 4051 1084 4107 Non
1126 4064 1207 4108 est
1234 4055 1375 4108 enim
1405 4055 1506 4109 alia
1537 4054 1955 4123 dispensationis
1983 4071 2145 4110 causa

571 4154 730 4209 quam
762 4141 875 4197 haec
901 4142 1015 4198 sola
1044 4163 1056 4197 :
1096 4145 1229 4199 vidit
1252 4146 1448 4216 quippe
1467 4160 1565 4200 nos
1594 4146 1740 4201 humi
1761 4147 2021 4214 abiectos,
2046 4163 2144 4217 pe-

572 4241 810 4295 reuntes,
838 4240 893 4287 et
914 4248 943 4286 a
976 4235 1162 4289 mortis
1189 4250 1475 4305 oppressos
1494 4236 1792 4307 tyrannide,
1817 4246 1869 4291 et
1895 4238 2144 4293 misertus

570 4330 674 4375 est.
705 4321 773 4376 Ut
796 4324 1170 4394 repropitiaret,
1201 4328 1391 4397 inquit,
1424 4328 1609 4381 delicta
1636 4328 1831 4397 pepuli.
1863 4328 1928 4383 Ut
1946 4330 2144 4384 miseri-

567 4426 682 4464 cors
702 4412 842 4480 ﬁeret
865 4423 909 4467 et
934 4415 1101 4481 ﬁdelis
1122 4416 1369 4485 pontifex.
1395 4416 1530 4483 Quid
1556 4427 1659 4481 est,
1692 4416 1927 4471 Fidelis?
1949 4417 2139 4486 Verus,

568 4512 759 4570 potens
782 4519 796 4556 :
825 4504 1059 4573 pontifex
1084 4508 1224 4559 enim
1254 4507 1401 4561 solus
1425 4505 1595 4562 lideiis
1624 4516 1705 4562 est
1728 4506 1913 4569 Filius.
1936 4509 2024 4577 qui
2050 4525 2141 4577 po-

570 4600 675 4644 test
702 4590 930 4647 liberare
955 4607 983 4653 a
1011 4595 1241 4661 peccatis
1269 4610 1384 4661 eos,
1422 4610 1647 4665 quorum
1674 4606 1759 4651 est
1786 4596 2017 4665 pontifex
2036 4598 2136 4668 (a).

566 4679 634 4735 Ut
657 4694 786 4750 ergo
808 4672 1000 4735 offerat
1026 4681 1257 4737 hostiam
1292 4699 1409 4751 qua:
1452 4685 1621 4753 possit
1649 4700 1746 4738 uos
1796 4685 2054 4741 mundare
2084 4696 2141 4742 et

564 4769 803 4835 expiare,
834 4780 1115 4838 propterea
1146 4772 1314 4827 lactus
1334 4782 1417 4826 est
1443 4771 1624 4827 homo.
1677 4773 1961 4842 Subjunxit
1987 4791 2137 4846 ergo,

566 4857 647 4910 Ad
676 4856 853 4923 Deum,
886 4859 997 4914 sive
1020 4876 1143 4932 erga
1168 4862 1349 4918 Deum.
1387 4862 1634 4926 Eramus,
1678 4865 1865 4933 inquit,
1896 4865 1989 4921 Dei
2040 4868 2139 4922 ini-

566 4947 711 5005 mici.
736 4948 1095 5014 condemnati,
1128 4952 1327 5023 probro
1356 4962 1410 5008 et
1427 4954 1711 5024 ignominia
1740 4955 1915 5010 allecti
1939 4972 1955 5009 :
1978 4972 2138 5013 nemo

566 5046 681 5090 erat
705 5038 795 5107 qui
830 5054 925 5107 pro
947 5040 1101 5095 nobis
1134 5042 1410 5096 oblaturus
1454 5053 1596 5098 esset
1620 5044 1937 5100 sacrificium
1966 5064 1980 5099 :
2008 5047 2141 5103 vidit

564 5142 666 5181 nos
692 5128 743 5181 in
771 5129 872 5183 hoc
900 5145 1018 5185 esse
1035 5140 1197 5197 statu,
1220 5142 1278 5187 et
1301 5142 1382 5187 est
1404 5135 1675 5199 misertus,
1703 5151 1805 5191 non
1834 5137 1987 5193 nobis
2006 5155 2135 5194 con-

578 5211 804 5265 stituens
826 5212 1154 5279 pontificem,
1202 5215 1297 5271 sed
1336 5216 1450 5287 ipse
1480 5219 1650 5278 factus
1674 5225 1911 5294 pontifex
1954 5227 2147 5289 ﬁdelis.

583 5299 783 5354 Deinde
831 5302 1121 5358 ostendens
1167 5308 1437 5374 quomodo
1492 5310 1697 5379 fidelis,
1731 5316 2003 5385 subjunxit
2034 5340 2046 5376 :
2081 5322 2148 5378 Ut

576 5390 929 5460 repropitiaret
962 5392 1142 5446 delicta
1170 5401 1363 5465 populi.
1412 5401 1499 5456 18.
1549 5401 1615 5457 1η
1666 5421 1723 5460 eo
1768 5408 1921 5475 enim,
1960 5412 2011 5465 in
2048 5429 2147 5480 quo

576 5496 754 5544 passus
782 5490 877 5544 est,
910 5482 1015 5551 ipse
1043 5492 1279 5550 tentatus,
1314 5500 1489 5556 potens
1510 5504 1583 5547 est
1613 5504 1660 5549 et
1680 5496 1750 5550 eis
1775 5501 1861 5566 qui
1891 5509 2145 5558 tentantur

574 5572 831 5625 auxiliari.

640 5675 717 5737 (π)
750 5674 839 5727 llic
861 5678 1035 5740 ingens
1058 5686 1131 5729 est
1150 5679 1309 5732 hiatus
1324 5682 1371 5732 in
1396 5680 1671 5735 Coibertiuo
1690 5686 1882 5740 Codice.

2311 438 2365 492 2.
2383 438 2493 494 Hoc
2506 448 2587 493 est
2603 437 2753 493 valde
2766 437 2963 493 humile
2974 447 3029 492 et
3040 438 3325 507 abjectum,
3345 446 3400 493 et
3416 436 3527 493 Deo
3542 436 3847 508 indignum.

2266 527 2331 583 In
2355 547 2452 598 quo
2474 532 2605 583 enim
2631 546 2811 599 passus
2826 537 2919 595 est,
2940 528 3128 598 inquit,
3146 529 3270 597 ipse.
3293 526 3388 583 Hic
3414 526 3545 582 dicit
3572 528 3641 584 de
3663 529 3847 586 incar-

2268 629 2412 673 nato.
2434 620 2501 674 Et
2527 620 2662 675 forte
2677 618 2875 673 dictum
2894 629 2978 673 est
2994 617 3060 672 ad
3075 619 3331 673 certiores
3364 615 3671 672 reddendos
3692 618 3849 674 audio

2266 718 2430 773 tores,
2461 717 2515 763 et
2546 718 2760 779 propter
2784 723 2970 762 eorum
2995 706 3391 762 imbecillatem.
3419 707 3530 762 Hoc
3557 715 3661 771 est,
3696 709 3848 763 venit

2271 816 2365 869 per
2392 801 2560 869 ipsam
2629 798 3009 869 experientiam
3035 812 3222 853 eorum
3259 814 3379 868 qua:
3420 799 3562 869 passi
3602 813 3841 854 sumus:

2265 905 2403 944 nunc
2429 905 2534 944 non
2554 889 2760 958 ignorat
2778 898 2985 943 nostras
3006 889 3377 957 perpessiones
3397 906 3411 942 :
3430 904 3534 943 non
3550 888 3729 944 solum
3744 888 3850 943 scit

2263 988 2317 1033 ut
2342 980 2499 1045 Deus,
2523 979 2615 1034 sed
2630 980 2788 1034 etiam
2810 979 3061 1049 cognovit
3082 987 3136 1032 ut
3151 977 3311 1031 homo
3329 993 3422 1047 per
3444 994 3559 1034 eam
3580 994 3684 1050 qua
3709 993 3840 1049 pas-

2261 1054 2350 1124 sus
2371 1077 2452 1124 est
2477 1069 2860 1139 experientiam
2892 1086 2905 1121 :
2938 1067 3100 1121 multa
3130 1080 3321 1137 passus
3347 1075 3452 1133 est,
3481 1069 3582 1122 scit
3602 1069 3845 1137 compati

2259 1167 2313 1213 et
2337 1159 2595 1214 misereri.
2624 1158 2954 1228 Quamquam
2980 1157 3121 1211 Deus
3146 1166 3229 1212 est
3254 1157 3561 1227 impatibilis
3585 1176 3597 1211 :
3628 1157 3727 1213 sed
3759 1160 3848 1215 hic

2261 1260 2441 1303 narrat
2482 1265 2602 1320 quae
2630 1258 2755 1304 sunt
2792 1247 3209 1314 incarnationis;
3252 1249 3402 1319 quasi
3440 1248 3684 1305 diceret:
3722 1249 3845 1320 Ipsa

2259 1355 2467 1410 quoque
2496 1356 2619 1395 caro
2662 1338 2860 1393 Christi
2908 1339 3072 1393 multa
3105 1354 3258 1409 passa
3299 1348 3381 1393 est
3424 1340 3625 1410 gravia.
3680 1340 3849 1397 Novit

2258 1430 2385 1499 quid
2415 1431 2484 1484 sit
2526 1429 2766 1496 afﬂictio,
2797 1430 2944 1483 novit
2991 1428 3121 1499 quid
3155 1431 3223 1484 sit
3252 1430 3497 1495 tentatio,
3533 1444 3709 1501 neque
3741 1432 3846 1485 mi-

2259 1538 2357 1577 nus
2397 1536 2552 1591 quam
2585 1535 2683 1575 nos
2708 1521 2797 1589 qui
2842 1520 2982 1589 passi
3024 1534 3247 1585 sumus;
3294 1535 3415 1573 nam
3460 1521 3575 1591 ipse
3621 1536 3847 1592 quoque

2256 1623 2337 1667 est
2369 1627 2573 1681 passus.
2605 1610 2743 1677 Quid
2774 1626 2901 1680 ergo
2927 1618 3026 1675 est,
3064 1609 3251 1664 Potens
3269 1620 3340 1664 est
3370 1606 3414 1665 et
3444 1610 3505 1665 iis
3526 1612 3610 1680 qui
3632 1620 3844 1665 tentan-

2254 1716 2338 1759 tur
2362 1702 2642 1757 auxiliari?
2669 1701 2831 1768 Quasi
2858 1700 3064 1755 dixeris
3097 1718 3110 1753 :
3152 1699 3337 1770 Magna
3367 1700 3531 1755 animi
3558 1700 3847 1757 alacritate

2256 1806 2469 1847 manum
2521 1789 2792 1861 porriget,
2858 1788 3340 1845 commiserabitur.
3405 1788 3538 1844 Nam
3582 1791 3846 1860 quoniam

2257 1897 2504 1952 magnum
2532 1880 2802 1945 volebant,
2828 1888 2884 1934 et
2908 1879 3136 1949 amplius
3160 1878 3289 1948 quid
3318 1879 3518 1935 habere
3544 1895 3703 1949 quam
3745 1884 3844 1950 qui

2254 1983 2409 2030 erant
2437 1990 2501 2030 ex
2529 1973 2796 2044 gentibus,
2846 1971 3079 2027 ostendit
3118 1986 3212 2027 eos
3243 1972 3295 2027 in
3335 1972 3436 2028 hoc
3476 1972 3675 2029 habere
3724 1988 3847 2028 am-

2257 2066 2411 2136 plius,
2446 2065 2498 2118 in
2521 2078 2626 2134 quo
2654 2062 2786 2118 nihil
2812 2063 2949 2118 iresit
2970 2076 3064 2118 eos
3088 2063 3177 2132 qui
3200 2070 3442 2117 erantex
3474 2063 3748 2133 gentibus.
3784 2063 3845 2121 In

2257 2158 2528 2229 quonam?
2556 2156 2708 2225 Quod
2739 2171 2805 2211 ex
2837 2156 2964 2226 ipsis
2986 2166 3067 2209 est
3091 2154 3255 2220 salus,
3280 2154 3417 2225 quod
3448 2154 3565 2211 illos
3605 2157 3845 2225 primum

2256 2248 2630 2319 apprehendit,
2656 2246 2796 2317 quod
2818 2263 2883 2302 ex
2926 2246 3027 2301 illis
3045 2260 3262 2302 carnem
3288 2247 3542 2316 suscepit.
3563 2245 3682 2301 Non
3703 2250 3847 2304 enim

2257 2336 3140 2411 angelos,iuquit,apprehendit,sed
3152 2336 3541 2391 semenAbralue
3551 2339 3849 2409 apprehen-

2258 2432 2467 2486 dit.i’er
2480 2430 2581 2485 hoc
2595 2428 2987 2483 honoratetiam
3004 2427 3440 2497 patriarcham,et
3457 2429 3692 2484 ostendit
3710 2430 3845 2500 quid

2257 2525 2346 2589 sit,
2372 2522 2553 2578 Semen
2582 2520 2815 2575 Abralue.
2839 2520 2929 2574 Eis
2952 2534 3181 2589 namque
3206 2530 3421 2575 revocat
3442 2519 3497 2575 in
3521 2523 3845 2577 memoriam

2260 2612 2670 2685 promissionem
2697 2625 2816 2679 qua:
2848 2610 2977 2680 ipsis
3006 2607 3143 2664 facta
3169 2618 3273 2674 est,
3299 2609 3569 2665 dicentem
3605 2628 3619 2665 :
3651 2609 3770 2665 Tibi
3795 2625 3845 2667 et

2259 2703 2437 2760 semini
2466 2711 2551 2755 tuo
2588 2701 2719 2757 dabo
2748 2709 2933 2753 terram
2958 2700 3087 2753 hanc
3121 2697 3275 2768 (Gen.
3322 2700 3409 2755 i3.
3448 2698 3557 2770 15).
3586 2700 3686 2755 Ρει·
3736 2700 3846 2757 hoc

2261 2808 2437 2853 autem
2469 2793 2746 2849 minimum
2793 2789 3025 2845 ostendit
3053 2788 3532 2858 propinquitatem,
3583 2791 3726 2860 quod
3772 2806 3843 2846 ex

2270 2898 2377 2938 uno
2401 2884 2505 2939 sint
2526 2894 2730 2935 omnes.
2751 2879 2857 2935 Sed
2882 2878 3007 2947 quia
3032 2892 3137 2932 non
3162 2892 3352 2948 magna
3376 2885 3491 2931 erat
3518 2875 3604 2929 illa
3630 2873 3858 2943 propin-

2269 2972 2463 3041 quitas,
2493 2984 2680 3025 rursus
2705 2968 2848 3022 venit
2874 2966 2938 3021 ad
2964 2980 3105 3029 eam,
3134 2974 3189 3021 et
3216 2964 3283 3020 de
3308 2972 3507 3020 caetero
3535 2963 3861 3017 immoratur

2269 3067 2321 3117 in
2346 3060 2744 3131 dispensatione
2768 3074 2888 3129 quas
2912 3067 2991 3112 est
3016 3055 3307 3112 secundum
3325 3069 3564 3119 carnem,
3586 3063 3641 3108 et
3672 3051 3804 3108 dicit
3838 3070 3855 3107 :

2273 3150 2340 3207 Ut
2367 3151 2718 3220 repropitiaret
2741 3149 2925 3203 delicta
2968 3147 3165 3217 populi.
3194 3146 3322 3201 Erat
3351 3146 3493 3199 enim
3521 3156 3726 3213 magna
3742 3157 3857 3198 cu-

2267 3258 2342 3297 ra:
2369 3251 2423 3298 et
2450 3241 2691 3296 caritatis
2716 3240 2856 3310 quod
2885 3238 3112 3293 voluerit
3138 3236 3249 3292 ﬁeri
3275 3236 3471 3300 homo;
3500 3248 3641 3289 nunc
3668 3242 3855 3287 autem

2272 3348 2375 3387 non
2404 3332 2506 3386 hoc
2531 3341 2613 3387 est
2639 3332 2834 3397 solum,
2859 3330 2955 3385 sed
2993 3329 3153 3383 etiam
3179 3337 3303 3381 sunt
3338 3328 3474 3381 bona
3504 3324 3850 3388 immortalia,

2265 3437 2381 3491 qua:
2407 3436 2503 3493 per
2542 3421 2714 3489 ipsum
2746 3419 2899 3473 nobis
2926 3427 3049 3473 sunt
3069 3416 3326 3472 exhibita.
3358 3414 3426 3471 Ut
3464 3415 3847 3485 repropitiaret,

2260 3514 2448 3583 inquit,
2483 3510 2665 3565 delicta
2713 3510 2911 3581 populi.
2958 3508 3068 3563 Cur
3109 3522 3214 3562 non
3264 3507 3418 3572 dixit,
3464 3506 3622 3562 Orbis
3661 3514 3846 3571 terra,

2258 3605 2372 3670 sed,
2426 3602 2652 3673 Populi?
2694 3618 2815 3658 nam
2860 3601 3097 3656 omnium
3140 3598 3369 3670 portavit
3411 3608 3648 3668 peccata.
3693 3595 3846 3664 Quo-

2258 3696 2402 3749 niam
2432 3704 2555 3749 tunc
2581 3695 2649 3748 ab
2674 3708 2739 3749 eo
2764 3692 2831 3748 de
2852 3693 2982 3762 ipsis
3010 3690 3248 3746 Hebraeis
3273 3690 3434 3743 verba
3461 3688 3677 3743 ﬁebant.
3706 3686 3844 3761 18am

2257 3786 2476 3856 angelus
2504 3799 2715 3855 quoque
2743 3782 2956 3837 dicebat
2985 3780 3221 3850 Josepho
3246 3798 3259 3835 :
3292 3777 3506 3834 Vocabis
3528 3795 3710 3833 nomen
3728 3779 3845 3848 eius

2254 3878 2429 3932 Iesum
2450 3880 2588 3946 :ipse
2607 3873 2944 3931 enimsaloum
2966 3875 3115 3943 faciet
3134 3870 3378 3940 papulum
3395 3869 3764 3940 suumUIattIt.
3782 3870 3838 3924 1.

2255 3966 2366 4039 21).
2396 3967 2509 4023 Hoc
2537 3967 2677 4021 enim
2709 3964 2989 4033 oportebat
3019 3962 3245 4031 primum
3284 3961 3435 4027 fieri;
3466 3969 3521 4015 et
3552 3967 3839 4029 propterea

2253 4060 2398 4113 venit
2427 4068 2482 4112 ut
2513 4057 2611 4111 hos
2638 4056 2817 4110 salvos
2860 4053 3096 4117 faceret,
3143 4061 3198 4106 et
3240 4060 3365 4107 tunc
3412 4066 3508 4121 per
3550 4050 3649 4104 hos
3688 4050 3837 4114 illos.

2250 4149 2457 4203 etiamsi
2476 4148 2801 4205 contrarium
2819 4146 3077 4203 evenerit.
3099 4143 3211 4198 iloe
3223 4142 3450 4212 apostoli
3467 4155 3679 4211 quoque
3696 4140 3843 4196 dice-

2250 4242 2377 4297 bant
2392 4242 2459 4296 ab
2480 4241 2627 4295 initio
2648 4258 2661 4294 :
2680 4240 2826 4294 Vobis
2846 4240 3096 4301 suscitans
3139 4234 3187 4290 Γ
3189 4234 3335 4289 ilium
3376 4249 3546 4297 suum,
3565 4234 3701 4287 misit
3717 4250 3838 4288 eum

2248 4333 2618 4387 benedicentem
2636 4331 2774 4385 vobis
2797 4330 2931 4403 (Act.
2965 4330 3016 4386 ‘5.
3057 4326 3152 4394 26)
3175 4342 3189 4391 ;
3215 4333 3271 4380 et
3299 4338 3507 4389 rursus,
3540 4321 3688 4377 Vobis
3719 4324 3837 4377 mis-

2246 4440 2356 4477 sum
2377 4432 2449 4477 est
2479 4423 2680 4477 verbum
2705 4423 2885 4476 salutis
2923 4420 3061 4490 (Act.
3091 4418 3178 4472 15.
3209 4414 3322 4486 26).
3360 4413 3709 4469 Nobilitatem
3738 4412 3833 4469 hic

2246 4512 2479 4567 ostendit
2500 4511 2795 4578 Iudaicam,
2825 4510 3009 4565 dicens
3031 4550 3045 4573 ,
3089 4507 3169 4561 Ad
3211 4504 3469 4573 expianda
3502 4513 3709 4572 peccata
3735 4520 3834 4575 po—

2246 4604 2353 4673 puli
2383 4601 2572 4673 (Marc.
2599 4602 2655 4657 2.
2687 4604 2767 4675 5).
2814 4601 3031 4657 interim
3068 4598 3147 4654 sic
3172 4598 3301 4653 dicit
3330 4613 3345 4652 :
3382 4610 3506 4650 nam
3531 4596 3673 4665 quod
3713 4596 3833 4665 ipse

2244 4697 2317 4750 sit
2344 4696 2433 4766 qui
2463 4696 2700 4749 omnium
2731 4703 2950 4763 peccata
2981 4692 3204 4755 dimisit,
3244 4688 3555 4743 ostenditet
3584 4688 3636 4741 in
3665 4701 3830 4757 para-

2244 4788 2425 4858 lytico,
2457 4787 2639 4841 dicens
2672 4803 2687 4843 :
2728 4785 3065 4839 Dimittuntur
3095 4782 3183 4835 tibi
3214 4790 3451 4850 peccata;
3477 4788 3534 4833 et
3575 4777 3628 4832 in
3656 4777 3832 4848 bapti-

2242 4888 2415 4933 smate
2455 4877 2755 4947 discipulis,
2789 4875 2978 4930 Euntes
3003 4881 3175 4927 docete
3214 4887 3385 4925 omnes
3414 4879 3614 4939 gentes,
3660 4867 3833 4938 bapti-

2240 4978 2412 5023 santes
2439 4984 2523 5022 eos
2559 4968 2613 5022 in
2640 4968 2844 5021 nomine
2872 4963 3047 5019 Patris
3082 4971 3129 5017 et
3156 4960 3282 5015 Filii
3311 4971 3358 5014 et
3397 4959 3626 5029 Spiritus
3662 4959 3829 5013 sancti

2242 5057 2453 5125 (Matth.
2478 5058 2532 5113 9.
2563 5058 2617 5114 5.
2654 5066 2701 5111 et
2727 5056 2819 5111 28.
2855 5053 2965 5125 19).
2995 5054 3128 5109 Cum
3158 5062 3338 5106 autem
3376 5062 3594 5104 carnem
3625 5060 3828 5117 appre-

2241 5149 2487 5203 henderit
2528 5148 2748 5215 Paulus,
2791 5147 2970 5203 omnia
2998 5143 3194 5201 deinde
3244 5141 3480 5209 loquitur
3517 5138 3724 5208 abjects
3766 5145 3827 5194 et

2245 5239 2485 5305 humilia,
2532 5238 2663 5294 nihil
2692 5240 2892 5295 veritus
2921 5255 2937 5294 :
2969 5239 3093 5293 vide
3119 5237 3265 5293 enim
3308 5234 3440 5306 quid
3484 5234 3599 5304 jam
3641 5236 3788 5292 dicat
3818 5255 3836 5293 :

2244 5334 2397 5405 (Cap.
2441 5334 2498 5405 5)
2539 5334 2589 5389 1.
2626 5331 2811 5400 Unda,
2848 5334 3030 5403 fratres
3073 5339 3233 5384 sancti
3252 5369 3267 5394 ,
3312 5329 3588 5383 vocationis
3622 5327 3839 5382 celestis

2242 5424 2535 5496 participes,
2568 5425 2884 5478 considerate
2921 5424 3210 5493 apostolum
3238 5430 3285 5475 et
3322 5419 3614 5490 pontificem
3628 5421 3836 5491 confes-

2242 5516 2400 5569 sionis
2421 5524 2611 5569 nostra:
2632 5511 2809 5568 Iesum
2834 5529 2851 5565 :
2876 5511 2931 5567 2.
2958 5512 3045 5577 qui
3070 5510 3237 5580 fidelis
3254 5519 3329 5565 est
3348 5510 3393 5563 ei
3406 5509 3494 5579 qui
3518 5508 3633 5576 fecit
3658 5508 3830 5575 illum,

2243 5606 2370 5658 sicut
2410 5617 2457 5658 et
2493 5601 2695 5674 Moyses
2723 5602 2776 5656 in
2806 5603 2945 5657 omni
2970 5602 3119 5655 domo
3147 5607 3279 5668 ejus.
3311 5599 3447 5654 Eum
3476 5598 3641 5669 Moysi
3686 5612 3831 5668 prte-

2244 5696 2514 5768 positurus
2557 5709 2651 5765 per
2702 5692 3182 5765 comparationem,
3232 5688 3300 5745 ad
3332 5690 3503 5762 legem
3542 5688 3831 5747 sacerdotii
