4020 6402
203 463 267 517 491

196 542 412 599 deduxit
436 540 737 596 orationem
763 552 777 593 :
811 547 916 589 non
941 532 1085 586 enim
1114 529 1184 585 de
1210 528 1393 599 Moyse
1425 538 1644 596 parvam
1690 522 1791 577 ba-

198 635 392 691 behant
415 645 608 688 omnes
628 626 961 698 Opinionem.
998 622 1062 676 Et
1080 622 1191 691 jam
1226 618 1457 689 primum
1491 614 1676 685 dt-jicit
1705 626 1782 668 se-

197 728 335 782 mina
375 722 707 781 excellentiae
760 725 969 786 :atque
1011 713 1194 782 incipit
1246 708 1463 780 quidem
1507 722 1541 761 a
1590 718 1789 769 Carne;

193 816 434 875 ascendit
456 826 634 883 autem
664 809 730 865 ad
757 806 1115 870 divinitatem,
1150 802 1239 857 uhi
1271 816 1377 855 non
1406 808 1525 854 erat
1552 796 1787 866 amplius

193 908 545 979 comparatio.
582 900 788 971 Incepit
815 897 1030 953 interim
1058 911 1087 948 a
1112 908 1279 949 carne
1328 904 1532 962 ponere
1570 886 1792 956 aequali-

191 1013 379 1067 tatem,
402 1009 458 1057 et
481 998 615 1055 dicit
638 1012 653 1053 :
695 994 842 1050 Sicut
862 999 909 1046 et
932 988 1137 1059 Moyses
1154 986 1209 1039 in
1238 983 1376 1038 omni
1399 983 1551 1037 domo
1571 981 1699 1050 ejus.
1727 979 1794 1032 lit

194 1111 297 1151 non
326 1094 397 1149 ah
417 1090 571 1147 initio
592 1084 829 1143 ostendit
850 1078 1252 1142 excellentiam,
1284 1090 1352 1129 ne
1380 1073 1615 1128 resiliret
1641 1069 1794 1125 audi-

194 1196 299 1253 tor,
322 1194 377 1241 et
404 1195 565 1238 aures
590 1177 837 1250 protinus
863 1172 1175 1229 obstruerct
1207 1185 1221 1222 :
1257 1180 1383 1221 nam
1413 1163 1512 1219 etsi
1547 1170 1703 1217 erant
1725 1160 1791 1214 li-

192 1252 364 1339 deles,
394 1274 448 1329 in
478 1285 665 1329 eorum
706 1276 883 1323 tamen
906 1260 1242 1319 conscientia
1271 1256 1448 1313 adhuc
1473 1253 1630 1310 valde
1659 1252 1794 1308 resi-

192 1368 353 1425 debat
371 1365 605 1436 Moyses.
635 1361 738 1426 Qui
758 1367 852 1423 est,
881 1355 1073 1425 inquit,
1112 1350 1283 1422 ﬁdelis
1309 1350 1356 1403 ei
1377 1347 1462 1419 qui
1502 1346 1621 1436 fecit
1653 1361 1789 1436 eum.

191 1434 473 1527 Quidnam
486 1449 730 1510 fecerat?
757 1446 1074 1518 Apostolum
1101 1450 1158 1498 et
1180 1438 1508 1512 pontiﬁcem.
1539 1435 1681 1492 Nihil
1704 1434 1793 1527 hic

191 1526 323 1608 dicit
348 1550 416 1606 dc
440 1546 693 1608 essentia,
721 1555 895 1611 neque
922 1538 993 1594 de
1030 1533 1331 1597 divinitate,
1358 1529 1453 1585 sed
1476 1528 1691 1584 interim
1724 1526 1792 1581 de

193 1642 447 1699 humanis
470 1638 600 1695 dicit
627 1632 999 1705 dignitatibus.
1042 1627 1193 1684 Sicut
1224 1634 1271 1680 et
1302 1623 1512 1694 Moyses
1556 1622 1611 1675 in
1654 1627 1796 1675 omni

191 1738 346 1792 domo
371 1736 482 1804 ejus
521 1746 540 1786 :
586 1729 692 1785 hoc
740 1736 843 1787 est.
891 1724 944 1779 in
988 1720 1208 1792 populo,
1236 1726 1331 1772 aut
1361 1716 1414 1770 in
1442 1713 1667 1783 templo.
1698 1712 1796 1766 llic

192 1837 371 1883 autem
392 1802 552 1886 dicit,
588 1820 657 1874 lu
682 1818 836 1872 domo
859 1816 969 1884 ejus
997 1828 1015 1867 :
1045 1809 1271 1883 perinde
1297 1822 1362 1863 ac
1386 1807 1432 1861 si
1461 1804 1686 1869 dixeris,
1718 1802 1796 1859 Dc

194 1918 259 1973 iis
284 1914 378 1982 qui
410 1910 608 1969 suntin
644 1908 827 1965 domo.
855 1904 1153 1973 Tamquam
1181 1908 1502 1971 procurator
1524 1895 1794 1967 quispiam

192 2017 249 2066 et
274 2007 621 2076 dispensator
646 2000 838 2056 domus
856 2038 872 2063 ,
902 1996 981 2051 sic
1007 2003 1123 2050 erat
1152 1991 1366 2063 Moyses
1410 1989 1629 2059 populo.
1662 1986 1794 2041 Nam

193 2095 338 2170 quod
388 2091 645 2165 populum
691 2088 776 2143 hic
806 2086 951 2141 dicat
992 2083 1233 2147 domum,
1284 2079 1604 2148 subjunxit,
1642 2077 1799 2149 Cujus

192 2190 377 2245 domus
422 2200 599 2240 sumus
625 2196 717 2236 nos
744 2195 763 2234 :
793 2178 897 2234 hoc
916 2185 1020 2241 est,
1073 2173 1271 2229 Sumus
1323 2172 1378 2225 in
1428 2170 1546 2240 ejus
1585 2182 1801 2237 posses-

192 2280 368 2335 sione.
404 2271 612 2330 Deinde
635 2267 952 2326 excellentia
981 2264 1154 2334 major
1186 2281 1201 2318 :
1239 2263 1293 2317 3.
1348 2259 1628 2330 Antplioris
1664 2258 1799 2311 enim

194 2369 371 2440 gloria
410 2367 506 2421 iste
542 2379 649 2436 prta
677 2364 853 2434 Moyse
896 2360 1080 2431 dignus
1124 2368 1196 2412 est
1228 2356 1450 2410 habitus.
1482 2354 1690 2409 Rursus
1727 2350 1796 2405 de

195 2473 362 2515 carne
389 2475 405 2512 :
441 2456 644 2523 Quanto
678 2452 976 2522 ampliorem
1022 2449 1265 2504 honorem
1311 2448 1461 2501 habet
1495 2445 1675 2500 domus
1702 2441 1792 2517 qui

198 2548 466 2619 fabricavit
493 2546 658 2602 illam.

274 2640 331 2694 5.
362 2638 432 2694 Et
465 2640 580 2710 ipse
600 2646 736 2701 erat,
769 2635 962 2706 inquit,
991 2633 1057 2689 de
1072 2632 1253 2687 domo.
1275 2630 1341 2685 Et
1374 2644 1484 2685 non
1508 2626 1796 2683 dixitzlste

197 2730 346 2785 enim
388 2740 507 2786 erat
533 2729 749 2800 quidem
788 2742 1000 2791 servus,
1056 2725 1144 2779 ille
1187 2737 1321 2778 vero
1358 2720 1653 2783 Dominus;
1700 2716 1797 2771 sed

206 2822 310 2878 hoc
343 2821 575 2877 latenter
623 2819 901 2875 indicavit.
934 2818 992 2873 Si
1032 2815 1262 2887 populus
1289 2822 1405 2869 erat
1428 2811 1648 2876 domus,
1684 2809 1800 2878 ipse

201 2924 388 2971 autem
411 2922 531 2969 erat
558 2928 624 2968 ex
668 2912 867 2982 populo
900 2928 913 2964 :
960 2920 1014 2965 et
1043 2910 1158 2977 ipse
1197 2922 1328 2978 ergo
1357 2913 1475 2961 erat
1497 2902 1566 2958 de
1611 2902 1795 2957 domo.

204 3003 337 3059 Nam
367 3004 523 3059 nobis
548 3018 761 3075 quoque
790 3016 909 3057 mos
929 3009 1012 3057 est
1040 3002 1120 3054 sic
1144 2997 1346 3061 dicere,
1372 2995 1467 3048 llic
1497 2999 1581 3046 est
1607 3005 1674 3045 ex
1697 2989 1800 3043 do-

204 3112 297 3153 mo
342 3096 509 3151 illius.
545 3094 645 3150 llic
672 3104 851 3148 autem
879 3093 1011 3148 dicit
1055 3091 1298 3153 domum,
1350 3098 1456 3139 non
1486 3082 1743 3151 templum
1783 3095 1798 3133 :

204 3202 315 3244 non
363 3185 509 3241 enim
560 3185 700 3240 Deus
727 3185 844 3253 ipse
874 3182 1209 3243 construxit,
1255 3176 1351 3232 sed
1383 3174 1650 3229 homines.
1699 3168 1801 3236 Qui

205 3293 341 3334 vero
382 3276 513 3333 fecit
542 3277 738 3346 ipsum,
772 3275 911 3329 Deus
933 3282 1018 3329 est
1048 3290 1062 3326 :
1094 3270 1225 3325 dicit
1246 3268 1503 3336 Moysem.
1537 3262 1670 3318 Vide
1709 3275 1805 3313 au-

206 3381 317 3427 tem
367 3368 641 3440 quomodo
692 3368 927 3423 latenter
955 3364 1215 3433 majorem
1248 3358 1483 3416 ostendit
1530 3354 1803 3411 excellen-

208 3462 363 3517 tiam.
397 3454 617 3526 Fidelis,
643 3459 835 3527 inquit,
866 3468 973 3511 erat
1001 3458 1054 3510 in
1082 3464 1184 3509 tota
1200 3454 1350 3506 domo
1376 3452 1506 3521 ejus,
1538 3462 1659 3504 cum
1692 3446 1806 3515 ipse

206 3560 357 3607 esset
381 3550 451 3605 de
479 3549 662 3614 domo,
698 3548 800 3603 hoc
825 3557 908 3603 est
952 3546 1020 3601 de
1064 3544 1284 3615 populo.
1336 3540 1592 3609 Majorem
1647 3535 1809 3589 habet

212 3643 479 3696 honorem
529 3637 720 3693 artifex
748 3679 763 3703 ,
793 3651 953 3706 quam
998 3650 1159 3705 opera
1186 3676 1201 3700 ,
1248 3631 1342 3687 sed
1378 3640 1431 3685 et
1474 3629 1561 3699 qui
1589 3626 1807 3681 domum

213 3729 540 3793 construxit,
564 3744 723 3797 quam
749 3726 961 3781 domus.
993 3725 1047 3780 1.
1080 3724 1179 3791 Qui
1202 3732 1369 3776 autem
1391 3719 1560 3775 omnia
1580 3725 1810 3771 constru—

208 3823 309 3887 xit,
334 3819 477 3875 Deus
517 3830 606 3873 est.
642 3819 804 3874 Vides
846 3818 988 3886 quod
1020 3833 1126 3871 non
1156 3817 1302 3870 dicat
1343 3814 1409 3870 de
1457 3813 1677 3881 templo,
1715 3808 1811 3863 ειςὰ

212 3920 327 3967 toto
359 3912 596 3983 populo?
620 3912 672 3967 5.
703 3909 773 3964 Et
811 3909 1017 3979 Moyses
1056 3909 1257 3980 quidem
1284 3907 1451 3976 ﬁdelis
1496 3914 1606 3958 erat
1634 3905 1686 3957 in
1710 3912 1813 3957 tota

212 4001 370 4057 domo
406 4004 535 4071 ejus,
588 4012 844 4069 tamquam
888 4000 1132 4070 famulus,
1184 3999 1236 4052 in
1268 3997 1605 4051 testimonium
1638 4010 1812 4049 eorum

158 4132 159 4135 η
211 4109 331 4165 qua
352 4093 565 4147 dicenda
594 4102 760 4147 erant.
795 4093 932 4146 Ecce
962 4092 1065 4145 alia
1105 4104 1317 4160 quoque
1360 4086 1662 4143 dilferentia
1693 4101 1813 4155 quae

212 4191 300 4239 est
355 4197 383 4235 a
443 4182 582 4237 Filio
612 4192 667 4236 et
723 4183 914 4237 servis.
947 4180 1110 4236 Vides
1149 4178 1289 4249 quod
1341 4178 1500 4232 tacite
1549 4175 1816 4244 significat

218 4275 608 4344 proprietatem
646 4289 744 4343 per
787 4275 1199 4344 appellationem
1260 4272 1421 4325 Filii?
1472 4270 1526 4325 6.
1586 4270 1817 4323 Christus

215 4384 338 4423 vero
390 4376 645 4437 tamquam
676 4365 849 4421 Filius
890 4367 944 4419 in
978 4366 1128 4418 domo
1173 4380 1285 4416 sua.
1314 4362 1506 4417 Vidisti
1548 4360 1817 4430 quomodo

221 4458 519 4529 distinguat
566 4472 630 4511 ac
673 4467 890 4526 separet
920 4470 1083 4525 opera
1125 4464 1177 4509 et
1206 4454 1449 4522 Opificem
1476 4493 1491 4518 ,
1547 4450 1818 4521 quomodo

215 4564 440 4607 servum
471 4560 526 4605 et
554 4550 788 4604 Filium?
814 4560 867 4605 et
897 4548 984 4603 ille
1017 4548 1233 4618 quidem
1259 4547 1310 4600 in
1343 4561 1429 4599 res
1451 4555 1703 4614 paternas
1733 4544 1817 4596 in-

224 4643 466 4713 greditur
493 4650 552 4695 ut
573 4641 764 4708 Filius,
810 4641 899 4695 hic
943 4654 1071 4694 vero
1115 4648 1172 4692 ut
1198 4652 1407 4691 servus.
1436 4635 1593 4704 Cujus
1639 4634 1821 4687 domus

221 4750 399 4788 sumus
437 4749 546 4796 nos,
572 4733 617 4786 si
642 4732 883 4801 ﬁduciam
933 4740 977 4784 et
1016 4730 1231 4801 gloriam
1258 4729 1364 4797 spei
1392 4743 1547 4795 usque
1575 4726 1642 4778 ad
1668 4726 1823 4790 linem

226 4826 430 4894 ﬁrmam
456 4826 780 4879 retineamus.
818 4825 915 4878 llic
943 4838 1128 4878 rursus
1154 4838 1249 4876 eos
1281 4822 1524 4875 hortatur
1566 4828 1623 4872 ut
1661 4818 1821 4872 forti-

231 4927 317 4970 ter
350 4915 648 4981 resistant,
680 4926 733 4970 et
764 4930 869 4969 non
912 4914 1129 4968 cadant.
1169 4914 1365 4967 Domus
1406 4913 1583 4974 enim,
1631 4910 1822 4978 inquit,

234 5006 439 5061 erimus
486 5006 613 5070 Dei,
644 5008 783 5061 sicut
812 5015 931 5061 erat
979 5006 1213 5077 Moyses,
1258 5006 1303 5058 si
1335 5004 1582 5058 liduciam
1616 5011 1671 5057 et
1708 5002 1824 5071 spei

228 5096 606 5165 gloriationem
654 5112 826 5167 usque
880 5097 946 5150 ad
1002 5096 1164 5149 Ιίιιυηι
1217 5094 1426 5148 ﬁrmam
1477 5094 1824 5147 retineamus.

236 5186 336 5252 Qui
370 5188 561 5244 dolore
587 5189 825 5259 quidem,
859 5190 1047 5259 inquit,
1078 5188 1311 5243 afficitur
1341 5188 1391 5241 in
1417 5186 1823 5250 tentationihus,

231 5286 287 5333 ct
304 5279 486 5333 animo
511 5279 764 5341 concidit,
792 5295 905 5333 non
935 5278 1194 5349 gloriatur
1226 5297 1238 5331 :
1265 5280 1355 5348 qui
1381 5278 1584 5347 pudore
1611 5275 1819 5332 suﬂ‘un-

236 5368 403 5429 ditur.
456 5376 512 5423 et
540 5384 600 5423 se
644 5369 957 5434 abscondit,
1010 5383 1119 5424 non
1163 5369 1325 5424 habet
1371 5368 1621 5424 fiduciam
1684 5387 1698 5423 :
1747 5371 1837 5439 qui

238 5468 324 5514 est
370 5459 569 5526 tristis,
615 5474 725 5515 non
766 5460 1045 5530 gloriatur.
1103 5460 1307 5515 Deinde
1333 5474 1430 5515 eos
1480 5475 1697 5531 quoque
1722 5460 1837 5513 lau-

1029 429 1092 485 IN
1135 423 1345 483 EPIST.
1389 417 1481 473 AD
1521 403 1884 468 IIEBIUEOS.
1928 403 2081 460 CAP.
2111 404 2201 465 Ill.
2229 403 2460 462 1103111..
2499 401 2560 457 Υ.

3418 395 3486 451 50

1874 509 2196 566 eertitudine
2217 508 2361 569 fidet,
2390 507 2613 561 minime
2641 501 2991 558 lalielactatos
3013 514 3040 554 a
3071 494 3485 555 tent.t.ionihns.

1876 606 1955 659 Ac
1983 619 2049 656 ne
2074 601 2311 665 mireris,
2340 600 2384 653 si
2410 596 2697 652 humanius
2720 595 2872 658 illud,
2902 589 3026 663 Ipse
3050 598 3271 645 tentatus
3294 587 3484 661 (Hebr.

1875 694 1932 750 2.
1968 692 2081 764 18),
2110 692 2340 746 dicatur.
2372 688 2430 744 Si
2460 689 2603 742 enim
2648 685 2719 741 de
2770 685 2930 740 Patre
2968 683 3058 753 qui
3105 696 3327 737 carnem
3378 693 3489 734 non

1879 786 2121 853 suscepit
2159 782 2292 839 dicit
2328 781 2629 850 Scriptura,
2666 777 2747 832 De
2771 777 2897 832 ctelo
2923 775 3184 846 prospait
3212 770 3490 840 Dominus,

1877 886 1926 931 et
1957 875 2079 930 vidit
2106 890 2278 928 omnes
2307 873 2443 941 ﬁlios
2474 870 2737 924 hominum
2770 866 2946 937 (Psal.
2977 866 3066 921 15.
3097 864 3191 937 2);
3233 865 3337 919 hoc
3383 871 3487 928 est,

1880 969 2063 1023 omnia
2092 975 2280 1022 exacte
2308 973 2362 1020 et
2389 972 2641 1018 accurate
2667 960 2894 1026 didicit;
2924 968 2978 1013 et
3004 973 3193 1014 rursus
3212 995 3231 1025 ,
3263 955 3493 1010 Descen—

1882 1058 2228 1125 dens'oidebo,
2256 1074 2324 1110 an
2350 1055 2635 1111 secundum
2674 1055 2951 1107 clamorem
2976 1066 3151 1105 eorum
3198 1051 3290 1120 ﬁat
3336 1047 3491 1119 (Gen.

1883 1151 1973 1208 18.
2002 1150 2136 1216 21);
2170 1158 2225 1206 et
2260 1161 2484 1215 rursus,
2530 1145 2654 1200 Non
2701 1154 2862 1215 potest
2894 1142 3033 1197 Deus
3074 1145 3211 1213 ferre
3235 1141 3356 1195 vitia
3399 1138 3494 1192 lto-

1885 1245 2081 1297 minum
2128 1258 2147 1296 :
2203 1241 2504 1311 Scriptura,
2537 1239 2781 1308 inquam,
2820 1234 3011 1290 divina
3062 1235 3157 1287 ira:
3202 1230 3499 1288 ostendens

1886 1334 2310 1407 magnitudinem
2345 1357 2361 1388 ι
2395 1332 2565 1388 multo
2614 1331 2786 1400 magis
2833 1328 2903 1382 de
2948 1326 3170 1381 Christo
3194 1325 3285 1395 qui
3327 1334 3412 1378 est
3443 1323 3499 1377 in

1886 1440 2056 1481 carne
2122 1437 2314 1496 passos
2370 1422 2488 1476 ha:c
2527 1420 2801 1474 dicuntur.
2850 1415 2985 1471 Nam
3030 1415 3286 1485 quoniam
3344 1411 3499 1467 multi

1890 1518 2140 1574 homines
2160 1516 2473 1571 existimant
2500 1510 2894 1583 experientiam
2918 1524 3043 1564 esse
3081 1507 3336 1562 omnibus
3364 1505 3500 1560 fide-

1892 1613 2083 1667 liorem
2115 1610 2181 1665 ad
2225 1608 2617 1679 cognitionem,
2647 1604 2759 1658 vult
2786 1601 3078 1658 ostendere
3108 1615 3257 1666 eum,
3299 1601 3388 1668 qui
3420 1606 3506 1655 est

1891 1717 2107 1773 passus,
2161 1715 2325 1755 nosse
2365 1699 2494 1770 quid
2541 1698 2775 1768 patiatur
2820 1695 3054 1750 humana
3089 1703 3300 1748 natura.
3356 1690 3508 1746 Unde

1894 1798 2076 1866 fratres
2123 1796 2305 1848 sancti.
2356 1790 2538 1857 Unde,
2585 1789 2640 1845 itl
2681 1798 2799 1855 est,
2851 1797 3157 1857 propterea.
3217 1782 3507 1837 Vocationis

1895 1886 2108 1939 caelestis
2136 1884 2431 1954 participes.
2466 1880 2604 1935 Nihil
2638 1880 2724 1935 hic
2754 1879 3011 1949 quieratis
3030 1915 3047 1944 ,
3078 1876 3124 1930 si
3171 1875 3303 1930 illuc
3334 1874 3509 1929 vocati

1896 1977 2065 2032 estis:
2100 1976 2208 2029 illic
2250 1986 2335 2029 est
2364 1985 2609 2038 merces,
2642 1970 2753 2024 illic
2778 1966 3168 2023 remuneratio.
3199 1964 3339 2031 Quid
3376 1973 3509 2015 vero

1897 2067 2013 2121 est?
2032 2065 2358 2120 Considerate
2378 2062 2665 2132 apostolum
2677 2069 2723 2115 et
2741 2059 3036 2129 pontiﬁcem
3063 2055 3400 2127 confessionis
3414 2070 3512 2107 no-

1897 2167 2019 2211 strat
2036 2154 2213 2209 Jesunt
2244 2153 2505 2207 Christum
2536 2167 2555 2204 ε
2582 2138 2672 2221 qui
2701 2149 2869 2219 ﬁdelis
2895 2157 2968 2202 est
3008 2146 3054 2201 ei
3079 2145 3167 2217 qui
3194 2145 3310 2216 fecit
3338 2143 3512 2208 illum,

1900 2250 2032 2304 sicut
2062 2258 2108 2302 et
2142 2247 2348 2317 Moyses
2375 2245 2425 2298 in
2458 2244 2596 2297 omni
2641 2242 2793 2296 domo
2818 2242 2950 2311 ejus.
2986 2237 3124 2306 Quid
3156 2245 3261 2301 est,
3312 2235 3413 2301 Qui
3441 2244 3517 2288 est

1902 2341 2073 2411 ﬁdelis
2094 2343 2137 2395 ei
2157 2340 2245 2411 qui
2267 2339 2385 2411 fecit
2406 2336 2596 2391 illum?
2622 2335 2722 2403 Qui
2755 2332 3022 2404 providet,
3046 2331 3134 2401 qui
3157 2329 3272 2385 suis
3296 2337 3516 2398 praeest,

1904 2443 1960 2488 et
1989 2448 2096 2488 non
2126 2432 2256 2486 sinit
2285 2440 2340 2485 ut
2373 2440 2579 2485 temere
2611 2426 2854 2481 ferantur
2888 2433 2943 2479 et
2984 2430 3233 2493 agantur.
3286 2419 3433 2476 Sicut
3470 2428 3521 2472 et

1906 2524 2113 2595 Moyses
2139 2523 2193 2576 in
2237 2521 2376 2576 omni
2406 2520 2559 2573 domo
2590 2519 2723 2586 ejus.
2755 2516 2870 2570 Hoc
2903 2524 2988 2569 est
3008 2556 3023 2579 ,
3050 2511 3374 2583 Cognoscite
3398 2507 3522 2580 quis

1908 2628 1964 2675 et
1993 2615 2297 2688 cujnsmodi
2324 2615 2394 2670 sit
2421 2611 2683 2683 pontifex,
2714 2617 2770 2663 ct
2809 2624 2916 2663 non
2952 2620 3089 2676 opus
3120 2602 3389 2659 habebitis
3416 2602 3520 2654 alia

1909 2708 2301 2772 consolatione,
2352 2720 2454 2761 nec
2507 2701 2911 2759 adhortatione.
2969 2695 3288 2767 Apostolum
3339 2701 3524 2747 autem

1911 2812 2068 2860 vocat
2097 2816 2163 2857 eo
2189 2799 2331 2871 quod
2379 2801 2454 2852 sit
2481 2796 2713 2857 missus;
2746 2801 2801 2847 et
2828 2789 3139 2861 pontificem
3165 2784 3527 2842 confessionis

1913 2902 2136 2953 nostrae.
2168 2892 2271 2944 hoc
2314 2897 2432 2953 est,
2481 2886 2625 2941 fidei.
2656 2884 2826 2939 Recte
2881 2879 3036 2942 dixit,
3088 2876 3237 2932 Sicut
3276 2874 3527 2945 Moyses:

1914 2991 2037 3032 nam
2065 2986 2115 3029 et
2145 2975 2272 3029 huic
2298 2975 2437 3027 sicut
2460 2971 2531 3027 illi
2568 2971 2667 3027 fuit
2694 2970 2985 3027 commissa
3021 2968 3203 3038 p0puli
3230 2965 3525 3037 prmfectu-

1911 3090 1970 3129 ra
1996 3082 2052 3129 et
2076 3071 2474 3127 administratio
2499 3111 2514 3138 ,
2543 3068 2638 3125 sed
2672 3069 2866 3137 major,
2899 3073 2956 3120 et
3006 3064 3059 3118 in
3090 3062 3252 3118 rebus
3301 3060 3526 3130 majori-

1910 3165 2029 3220 bus.
2061 3162 2275 3235 Moyses
2304 3162 2449 3217 enim
2480 3170 2538 3216 ut
2577 3160 2809 3215 famulus
2833 3166 2947 3213 erat
2974 3173 2989 3223 ;
3052 3154 3302 3210 Christus
3345 3164 3401 3208 ut
3433 3152 3526 3208 Pi.

1913 3256 2017 3311 lius
2049 3272 2065 3312 :
2099 3254 2188 3309 ille
2217 3254 2456 3317 alienos,
2491 3252 2581 3317 hic
2627 3266 2755 3306 suos
2806 3249 3050 3303 curabat.
3086 3244 3153 3299 In
3185 3246 3529 3300 testimonium

1913 3363 2087 3401 coruus
2140 3362 2253 3416 qua
2297 3345 2515 3399 dicenda
2544 3352 2709 3397 erant.
2763 3340 2898 3408 Quid
2932 3338 3105 3394 dicis?
3159 3338 3529 3393 testimonium

1913 3439 2195 3494 hominum
2246 3439 2389 3495 Deus
2435 3436 2669 3507 accipit?
2718 3435 2969 3489 Maxime.
3029 3432 3086 3487 Si
3135 3431 3280 3486 enim
3335 3431 3531 3485 emtum

1914 3540 2145 3586 testatur
2174 3541 2227 3586 et
2254 3538 2453 3586 terram
2483 3540 2539 3584 et
2584 3529 2786 3592 colles,
2820 3526 3010 3580 dicens
3040 3540 3139 3594 per
3181 3521 3527 3593 prophetam,

1914 3623 2046 3677 Audi
2100 3622 2304 3688 calum,
2352 3632 2398 3675 et
2428 3622 2661 3675 ausculta
2689 3629 2845 3682 terra,
2872 3617 3115 3688 quoniam
3157 3614 3413 3670 Dominus
3454 3620 3533 3668 lo-

1914 3723 2100 3782 quutus
2130 3723 2242 3778 est;
2295 3721 2373 3779 et,
2407 3712 2589 3767 Audite
2617 3710 2798 3776 valles,
2834 3710 3169 3780 fundamenta
3200 3719 3347 3761 terra
3374 3705 3529 3777 (luti.

1915 3805 1966 3858 1.
2000 3804 2057 3858 2.
2114 3803 2278 3857 Mich.
2310 3804 2363 3859 6.
2396 3803 2479 3872 Ξ),
2509 3816 2763 3871 quoniam
2790 3799 3057 3870 judicium
3089 3807 3173 3852 est
3202 3798 3433 3852 Domino
3462 3796 3533 3852 ad

1922 3897 2179 3968 populum
2211 3912 2367 3952 suum
2403 3913 2419 3951 :
2449 3898 2620 3951 multo
2650 3896 2819 3965 magis
2850 3894 3117 3947 homines.
3151 3892 3291 3959 Quid
3319 3900 3431 3956 est,
3464 3889 3533 3947 In

1918 3991 2311 4046 testimonium?
2344 3991 2454 4045 lloc
2486 3999 2589 4057 est,
2624 3999 2682 4044 ut
2728 3989 2837 4043 sint
2866 3998 3033 4042 testes
3053 4029 3067 4052 ,
3098 3986 3315 4056 quando
3344 3986 3442 4056 ipsi
3474 4000 3535 4040 se

1922 4068 2261 4152 impudenter
2293 4084 2564 4153 gesserint
2598 4098 2611 4134 :
2664 4081 2915 4137 Christus
2942 4094 3073 4132 vero
3124 4088 3396 4147 tamquam
3444 4078 3533 4131 Fi-

1921 4175 2045 4229 lius.
2078 4175 2211 4229 Nam
2263 4175 2352 4230 ille
2382 4174 2600 4244 quidem
2642 4181 2794 4228 curat
2824 4171 3032 4225 alienos
3052 4212 3065 4233 ,
3108 4169 3193 4223 hic
3225 4184 3351 4222 vero
3383 4184 3531 4224 suos.

1921 4266 1989 4322 Et
2034 4268 2389 4339 gloriationent
2418 4268 2545 4337 spei.
2600 4266 2764 4321 Recte
2810 4263 2968 4329 dixit,
3016 4261 3162 4331 Spei,
3193 4261 3447 4331 quoniam
3483 4262 3535 4313 in

1920 4374 2015 4429 spe
2047 4360 2227 4414 omnia
2274 4368 2431 4415 erant
2462 4358 2626 4413 bona.
2655 4357 2751 4412 Sic
2782 4368 2962 4409 autem
2995 4370 3113 4408 eam
3146 4360 3363 4419 oportet
3404 4351 3535 4405 reti-

1924 4469 2075 4517 nere,
2128 4462 2186 4507 ut
2226 4453 2336 4521 jam
2369 4452 2667 4522 gloriemur
2696 4459 2971 4517 tamquam
3017 4447 3086 4499 oh
3136 4460 3195 4498 ea
3233 4458 3354 4513 qua:
3401 4442 3536 4495 facta

1923 4555 2068 4599 sunt.
2103 4546 2398 4615 Propterea
2427 4544 2559 4598 dicit
2578 4542 2973 4608 ,Cloriationem
2999 4539 3127 4608 spei,
3160 4547 3214 4591 et
3242 4536 3537 4606 suhjungit,

1924 4636 2001 4689 Ad
2026 4638 2178 4704 ﬁnem
2212 4638 2413 4705 ﬁrmant
2444 4636 2751 4687 retineamus
2784 4648 2801 4686 :
2830 4646 2954 4685 nam
2982 4644 3078 4698 spe
3110 4628 3244 4682 salvi
3287 4626 3410 4682 facti
3444 4641 3538 4705 su-

1926 4745 2065 4783 mus.
2101 4727 2156 4782 Si
2190 4742 2320 4795 ergo
2345 4742 2443 4796 spe
2476 4725 2607 4780 salvi
2642 4724 2765 4779 facti
2813 4738 3023 4788 sumus,
3058 4731 3110 4775 et
3155 4735 3253 4790 per
3301 4700 3539 4773 toleran-

1927 4822 2054 4876 tiam
2083 4829 2488 4888 exspectamus,
2525 4833 2592 4871 ne
2624 4827 2848 4887 propter
2878 4825 3166 4884 praesentia
3200 4826 3439 4869 moerere
3466 4812 3543 4866 al-

1927 4913 2191 4977 liciamur,
2246 4926 2420 4980 neque
2472 4909 2582 4977 jam
2633 4922 2942 4978 quaeramus
2992 4923 3115 4977 qua:
3168 4915 3353 4976 postea
3418 4916 3546 4960 sunt

1929 5004 2211 5076 promissa.
2247 5003 2377 5074 Spes
2420 5002 2574 5066 enim,
2609 5003 2798 5073 inquit,
2823 5018 2937 5071 qua:
2963 5002 3175 5063 videtur,
3203 5017 3306 5054 non
3333 5010 3405 5055 est
3432 5017 3545 5069 spes

1930 5097 2111 5167 (Rom.
2145 5097 2199 5153 8.
2231 5095 2349 5165 2i).
2402 5094 2533 5148 Nam
2560 5096 2815 5164 quoniam
2851 5093 2990 5147 bona
3030 5103 3157 5148 sunt
3203 5108 3418 5163 magna,
3458 5093 3548 5147 hic

1930 5203 1993 5243 ea
2046 5203 2152 5241 non
2185 5202 2472 5256 possumus
2500 5188 2749 5256 accipere
2796 5185 2847 5238 in
2879 5186 2984 5238 vita
3011 5185 3177 5251 ﬂuxa,
3207 5194 3260 5243 et
3292 5186 3346 5239 in
3384 5200 3547 5254 quam

1930 5278 2075 5335 cadit
2100 5280 2368 5334 interitus.
2407 5277 2653 5345 Quanam
2677 5291 2807 5346 ergo
2833 5276 2902 5330 de
2933 5290 3094 5329 causa
3118 5290 3179 5329 ea
3220 5276 3375 5329 nobis
3402 5290 3547 5345 prai-

1933 5371 2089 5438 dixit,
2117 5386 2238 5425 cum
2286 5370 2372 5426 hic
2402 5386 2464 5423 ea
2496 5383 2602 5424 non
2634 5370 2705 5423 sit
2747 5366 3020 5423 daturus?
3062 5365 3133 5422 Ut
3186 5366 3551 5436 promissione

1936 5471 2145 5520 recreet
2174 5463 2414 5525 animos,
2446 5472 2505 5516 ut
2555 5460 2721 5516 animi
2771 5459 3107 5514 alacritatem
3158 5457 3446 5513 confirmet
3488 5473 3551 5511 ac

238 5550 361 5614 ἀπ’
410 5550 595 5605 dicens
623 5568 636 5604 ⁵
668 5551 729 5605 Si
778 5550 1020 5619 ﬁduciam
1047 5560 1093 5604 ⁸⁸
1132 5552 1485 5621 θίοτίθίίοηθηι
1532 5551 1641 5619 illei
1684 5567 1842 5618 usque
1936 5557 2254 5611 corroboret
2285 5554 2701 5625 pollicitatione,
2734 5562 2792 5607 ut
2824 5562 3061 5607 mentem
3102 5560 3343 5605 nostram
3374 5552 3555 5620 erigat

241 5640 307 5692 (τά
348 5641 500 5707 ﬁnem
563 5641 764 5707 βνπιαηι
820 5642 1161 5705 retineam“;
1206 5642 1498 5697 05l0nd0ns
1554 5641 1667 5711 iam
1721 5642 1845 5696 illos
1938 5659 1992 5703 et
2021 5650 2239 5703 excitet.
2281 5648 2577 5714 PrOpIerea
2609 5646 2755 5701 enim
2784 5645 2902 5699 haec
2932 5645 3113 5699 omnia
3144 5642 3281 5698 facta
3328 5652 3474 5697 sunt.

243 5728 492 5798 ccepisse.
524 5726 659 5783 Fine
686 5740 865 5784 autem
894 5741 978 5785 est
1013 5746 1169 5802 opus,
1202 5743 1255 5786 et
1286 5748 1394 5787 non
1425 5732 1600 5788 solum
1630 5742 1845 5802 oportet

248 5827 412 5886 stare,
446 5820 540 5876 sed
572 5821 733 5876 etiam
769 5820 977 5877 firmam
1009 5834 1063 5878 et
1091 5822 1339 5879 stabilem
1369 5820 1569 5881 habere
1607 5838 1759 5894 spem
1789 5823 1841 5879 in

2014 5743 2068 5797 1.
2098 5739 2124 5794 I
2132 5739 2329 5812 mprobi
2358 5736 2637 5809 aliquando
2665 5751 2907 5806 prospere
2933 5744 3092 5806 agunt
3120 5734 3171 5788 in
3202 5733 3298 5789 hac
3324 5732 3449 5787 vita.
3479 5762 3549 5773 --

1944 5834 2021 5891 Ne
2050 5847 2178 5907 erga
2222 5833 2550 5888 turbemur:
2594 5844 2753 5886 nemo
2801 5827 2990 5884 ridens
3036 5827 3206 5881 malos
3254 5828 3392 5881 bene
3438 5840 3553 5878 rem
