4020 6568
479 455 541 514 iii
1218 455 1271 510 S.
1312 448 1587 509 JOANNIS
1621 443 2089 505 CllﬂYSOSTOMl
2129 439 2442 502 ARCHIEP.
2483 446 3011 505 CONSTANTINOP.

500 555 649 599 suam
698 556 885 612 gerere
928 543 1293 599 conturbetur.
1340 546 1455 600 Non
1493 546 1579 601 hic
1618 558 1699 603 est
1729 564 1899 620 neque
1930 551 2075 616 vitii,

497 647 675 701 neque
702 633 912 688 Virtutis
948 638 1308 691 remuneratio
1338 656 1348 688 :
1381 638 1424 691 si
1458 640 1670 708 quando
1698 650 1874 696 autem
1906 642 1991 695 fiat
2022 653 2077 699 et

501 723 611 777 vitii
640 731 695 778 et
720 725 928 779 virtutis
958 728 1345 793 remuneratio,
1382 743 1487 783 non
1530 739 1704 785 tamen
1737 731 1792 784 lit
1833 747 1928 802 pro
1960 748 2047 788 me

500 814 635 878 ritis,
665 816 760 870 sed
790 817 1122 872 solummodo
1154 829 1419 889 tamquam
1459 832 1643 892 gustus
1667 823 1871 892 jndicii,
1903 834 1959 879 ut
1986 826 2073 894 qui

418 954 429 961 .
496 908 875 961 resurrectioni
902 909 1078 963 minus
1104 911 1351 978 credunt,
1385 913 1469 967 hic
1494 929 1702 984 quoque
1730 916 2071 986 castigentur.

494 996 719 1062 Quando
738 1012 863 1068 ergo
892 997 1179 1055 viderimus
1201 1002 1516 1057 sceleratum
1540 1004 1778 1071 divitem,
1806 1022 1872 1059 ne
1896 1006 2075 1060 animo

492 1091 877 1155 concidamus;
904 1094 1117 1162 quando
1146 1096 1434 1150 viderimus
1462 1096 1656 1153 bonum
1687 1097 1824 1152 male
1864 1098 2073 1168 patien-

496 1192 606 1237 tem
627 1224 640 1246 ,
674 1199 739 1237 ne
765 1185 1151 1241 conturbemur
1181 1204 1194 1240 :
1223 1202 1345 1241 nam
1389 1188 1497 1243 illic
1536 1198 1660 1244 sunt
1687 1205 1900 1245 corona:
1920 1232 1935 1257 ,
1968 1191 2073 1246 illic

494 1274 774 1343 supplicia.
802 1276 1050 1347 Alioquin
1079 1288 1256 1334 autem
1285 1281 1397 1335 fieri
1425 1297 1532 1335 non
1561 1292 1735 1351 potest
1754 1324 1767 1346 ,
1793 1293 1849 1337 ut
1882 1294 1936 1339 et
1963 1300 2073 1339 ma-

492 1362 577 1416 ius
604 1363 673 1417 sit
692 1366 841 1419 omni
871 1381 936 1421 ex
969 1377 1117 1436 parte
1157 1369 1356 1437 malus,
1391 1371 1484 1425 sed
1517 1381 1690 1440 potest
1718 1373 1834 1442 ipse
1864 1390 2075 1445 quoque

490 1450 692 1510 habere
737 1457 873 1510 bona
898 1457 1133 1528 aliqua;
1181 1475 1353 1530 neque
1395 1471 1451 1515 ut
1493 1465 1663 1518 bonus
1707 1465 1775 1519 sit
1821 1467 1965 1520 omni
2009 1482 2074 1521 ex

492 1557 646 1615 parte
672 1548 862 1616 bonus,
892 1550 983 1604 sed
1014 1560 1188 1618 potest
1214 1552 1373 1606 etiam
1399 1553 1515 1623 ipse
1538 1554 1735 1610 habere
1756 1555 1930 1624 aliqua
1954 1572 2076 1625 pec-

494 1648 631 1692 cata.
666 1640 888 1706 Quando
915 1655 1042 1709 ergo
1067 1656 1182 1695 rem
1216 1657 1364 1696 suam
1395 1643 1533 1698 bene
1569 1645 1705 1714 gerit
1747 1645 2036 1701 sceleratus
2058 1687 2072 1709 ,

494 1729 628 1783 scito
672 1729 771 1783 hoc
817 1730 1032 1785 evenire
1078 1730 1129 1785 in
1175 1732 1371 1787 malum
1415 1734 1532 1804 ejus
1574 1735 1765 1804 capitis
1796 1756 1808 1792 :
1838 1745 1893 1789 ut
1933 1736 2070 1791 enim

489 1833 779 1889 paucorum
821 1820 1029 1875 illorum
1067 1821 1157 1877 hic
1196 1833 1413 1893 accepta
1459 1826 1923 1889 remuneratione,
1968 1826 2075 1880 illic

486 1911 684 1966 deinde
712 1912 948 1982 perfecte
984 1915 1252 1983 puniatur,
1281 1931 1343 1970 ea
1371 1916 1437 1972 de
1465 1932 1625 1972 causa
1654 1916 1740 1973 hic
1765 1918 1977 1987 accipit.
2009 1917 2076 1971 Et

488 2004 583 2058 ille
610 2014 696 2059 est
732 2005 965 2060 maxime
999 2007 1191 2061 beatus
1226 2008 1315 2077 qui
1361 2007 1448 2063 hic
1477 2007 1711 2077 punitur,
1740 2018 1800 2062 ut
1829 2008 2073 2062 omnibus

485 2094 751 2163 depositis
780 2096 1010 2164 peccatis
1029 2138 1044 2161 ,
1080 2097 1331 2165 probatus
1360 2098 1484 2153 hinc
1521 2099 1708 2163 abeat,
1737 2108 1790 2153 et
1828 2115 1994 2168 purus
2023 2109 2075 2154 et

494 2179 621 2231 nulli
647 2179 816 2247 culpae
844 2179 1037 2233 affinis.
1064 2178 1129 2234 Et
1156 2180 1256 2235 hoc
1283 2196 1380 2236 nos
1400 2182 1596 2237 Paulus
1623 2197 1832 2253 quoque
1851 2182 2071 2247 docens,

492 2266 617 2321 dicit
639 2284 653 2322 ξ
672 2266 948 2337 Propterea
974 2271 1025 2324 iu
1054 2271 1188 2325 vobis
1211 2273 1356 2325 multi
1383 2274 1559 2342 a'groti
1582 2282 1626 2326 et
1647 2274 1858 2341 inﬁrmi,
1883 2284 1928 2327 et
1951 2272 2073 2327 dor-

488 2359 651 2415 miant
674 2360 944 2426 permulti;
965 2371 1017 2414 et
1045 2376 1249 2423 rursus,
1275 2360 1487 2415 Tradite
1513 2363 1803 2431 huiusmodi
1823 2364 2073 2417 hominem

493 2457 706 2510 satana),
735 2448 787 2501 in
814 2449 1070 2503 interitum
1094 2452 1284 2513 carnis,
1318 2462 1371 2504 ut
1401 2453 1609 2520 spiritus
1636 2453 1803 2507 salvus
1827 2454 1890 2508 sit
1914 2453 1968 2506 in
1998 2454 2077 2507 die

492 2536 583 2589 illo
614 2537 692 2606 (ί.
714 2537 833 2591 Cor.
862 2538 951 2592 21.
983 2540 1069 2594 50.
1100 2550 1148 2594 et
1175 2541 1228 2597 5.
1256 2541 1337 2609 5).
1368 2541 1433 2595 Et
1466 2542 1718 2611 propheta
1746 2541 1893 2607 dicit,
1916 2542 2074 2596 Acca

494 2629 571 2696 pit
595 2644 794 2679 e-manu
812 2629 1018 2682 Domini
1038 2630 1262 2699 duplicia
1274 2637 1485 2694 peccata
1502 2629 1656 2693 (1εαὶ.
1674 2630 1761 2682 40.
1781 2628 1856 2699 2);
1873 2637 1931 2683 et
1951 2645 2073 2683 rur-

494 2732 593 2771 sus
619 2716 813 2780 David,
847 2716 974 2769 Vide
1000 2717 1240 2769 inimicos
1274 2733 1413 2770 meos
1443 2720 1569 2787 quia
1588 2720 1929 2788 multiplicati
1948 2730 2071 2774 sunt

494 2824 650 2877 super
669 2808 890 2877 capillos
911 2809 1100 2875 capitis
1121 2810 1244 2872 mei;
1256 2816 1303 2860 et
1325 2809 1443 2860 odio
1466 2810 1642 2878 iniquo
1662 2810 1884 2864 oderunt
1908 2818 2072 2874 me;et

496 2899 704 2953 dimitte
716 2899 1536 2971 amniapeccatamteu(Psal.2t.
1562 2902 1643 2955 i9.
1669 2902 1851 2971 l8);et
1874 2917 2070 2958 rursus

498 2993 656 3052 alius.
682 2990 893 3044 Domine
922 2990 1053 3043 Deus
1083 3002 1273 3057 noster,
1303 3007 1475 3057 pacem
1504 2994 1571 3045 da
1599 2994 1740 3047 nobis
1776 3009 1793 3047 :
1819 3010 1934 3046 nam
1962 3010 2075 3047 om-

504 3088 590 3142 nia
628 3087 886 3143 reddidisti
930 3086 1069 3140 nobis
1096 3084 1261 3153 μιαί.
1298 3082 1384 3138 26.
1421 3083 1547 3151 η).
1578 3082 1683 3137 Sed
1715 3083 1826 3135 huic
1860 3080 2073 3150 quidem

506 3189 628 3235 sunt
652 3177 980 3234 ostendentis
1012 3176 1177 3229 bonos
1202 3174 1287 3228 hic
1307 3187 1493 3243 poenas
1515 3173 1659 3227 luere
1687 3186 1784 3240 pro
1800 3170 2033 3240 peccatis
2058 3188 2071 3223 :

505 3271 646 3342 quod
673 3280 848 3324 autem
890 3267 1013 3322 mali
1054 3265 1263 3335 plurimi
1305 3263 1393 3317 hic
1438 3262 1758 3331 accipientes
1795 3261 1931 3314 bona
1974 3261 2078 3313 ilhc

506 3363 742 3429 perfecte
773 3359 1074 3427 puniantur,
1108 3355 1230 3409 audi
1275 3354 1541 3408 Abraham
1581 3353 1844 3405 dicentem
1872 3348 2024 3404 diviti
2061 3365 2075 3401 :

508 3453 758 3521 Recepisti
785 3451 912 3504 bona
940 3458 1023 3501 tua
1049 3449 1101 3499 in
1125 3450 1226 3500 vita
1250 3456 1356 3511 tua,
1379 3454 1425 3498 et
1446 3443 1670 3495 Lazarus
1694 3442 1921 3495 similiter
1941 3439 2077 3491 mala

501 3545 519 3611 (
557 3542 683 3595 Luc.
718 3542 806 3596 l6.
838 3539 908 3594 25
938 3539 977 3608 ).
1012 3537 1264 3605 Quaenam
1320 3535 1493 3588 bona?
1526 3532 1715 3585 Dicens
1784 3529 2075 3590 hic,Rece-

512 3635 649 3701 pisti,
679 3648 784 3687 non
816 3640 1011 3693 autem,
1040 3626 1324 3695 Accepisti,
1349 3624 1579 3679 ostendit
1606 3631 1887 3691 utrumque
1915 3620 2078 3673 fuisse

506 3726 755 3779 allectum
778 3737 872 3792 pro
892 3720 1091 3784 debito,
1116 3727 1168 3772 et
1192 3718 1337 3771 illum
1363 3715 1446 3769 cui
1469 3714 1683 3769 fuerunt
1704 3728 1787 3767 res
1810 3710 2076 3774 secundm,

506 3826 562 3868 et
595 3816 733 3868 hunc
763 3813 847 3868 cui
877 3812 1150 3867 adversm:
1182 3817 1234 3863 et
1260 3807 1389 3863 dicit
1419 3824 1431 3860 :
1464 3806 1750 3873 Propterea
1782 3802 1881 3856 Hic
1906 3818 2081 3855 conso-

510 3906 745 3958 lationem
775 3904 856 3956 hic
880 3902 1060 3971 accipit
1090 3916 1107 3955 .'
1132 3900 1281 3953 vides
1306 3898 1448 3952 enim
1472 3911 1595 3952 eum
1627 3909 1745 3949 esse
1773 3894 2025 3947 mundum
2050 3906 2080 3945 a

510 3994 771 4065 peccatis;
800 4003 850 4046 tu
873 4009 985 4047 vero
1014 3992 1272 4045 cruciaris.
1297 3989 1371 4043 Ne
1394 4002 1520 4058 ergo
1547 3987 1723 4041 tristes
1750 3985 1937 4048 simus,
1960 3997 2080 4037 eum

512 4087 799 4140 viderimus
826 4093 1131 4153 peccatores
1159 4082 1245 4136 hic
1266 4082 1419 4135 bonis
1440 4078 1579 4132 afﬁci
1603 4095 1615 4142 ;
1640 4076 1730 4132 sed
1753 4075 1961 4145 quando
1986 4088 2081 4128 nos

508 4175 613 4244 ipsi
642 4175 776 4230 male
806 4174 1053 4244 patimur,
1085 4174 1324 4227 Itetemur
1352 4188 1364 4221 :
1399 4185 1459 4225 ea
1487 4168 1628 4223 enim
1657 4182 1743 4222 res
1771 4176 1853 4220 est
1893 4179 2080 4231 pecca-

512 4278 684 4321 torum
734 4263 1014 4320 exsolutio.
1062 4263 1137 4317 Ne
1181 4273 1480 4331 quaeramus
1542 4258 1772 4328 quietem
1802 4254 2082 4311 :Christns

509 4359 653 4412 enim
682 4357 1020 4410 afﬁictionem
1059 4354 1298 4423 promisit
1327 4351 1438 4406 suis
1469 4349 1742 4418 discipulis
1773 4366 1785 4400 :
1812 4356 1865 4402 et
1893 4346 2085 4401 Paulus

510 4449 660 4510 dicit,
692 4447 876 4500 Omnes
898 4446 982 4513 qui
1010 4446 1089 4514 pie
1115 4445 1284 4497 volunt
1310 4444 1471 4495 vivere
1498 4442 1551 4493 in
1582 4439 1779 4493 Christo
1802 4437 1833 4490 .1
1842 4455 1947 4501 esu,
1974 4453 2085 4504 per-

510 4539 849 4608 sequutionem
881 4536 1135 4606 patientur
1169 4532 1252 4603 (2.
1289 4532 1421 4585 Tim.
1463 4532 1514 4585 5.
1550 4530 1671 4599 12).
1714 4529 1896 4583 Nullus
1936 4527 2086 4582 fortis

511 4632 710 4685 athleta
740 4630 791 4682 in
823 4628 1113 4683 certamine
1141 4624 1331 4696 qumrit
1362 4625 1567 4679 lavacra
1592 4665 1606 4689 ,
1635 4632 1689 4677 et
1724 4635 1961 4675 mensam
1994 4636 2082 4674 re-

514 4724 707 4791 pletam
741 4720 871 4773 cibis
896 4728 948 4772 et
984 4718 1107 4771 vino
1139 4734 1151 4769 :
1184 4716 1287 4769 hoc
1313 4730 1419 4769 non
1462 4726 1543 4769 est
1572 4714 1785 4767 athleta:
1807 4754 1820 4777 ,
1864 4711 1956 4765 sed
1985 4711 2085 4765 viri

514 4815 689 4869 mollis
714 4823 767 4867 et
791 4810 1077 4865 effeminati
1106 4827 1118 4862 :
1153 4823 1273 4861 nam
1303 4807 1499 4860 athleta
1530 4813 1727 4873 pugnat
1755 4819 1873 4859 cmn
1906 4803 2086 4871 pulve-

512 4921 593 4967 re,
622 4906 765 4964 oleo,
797 4902 972 4955 calore
998 4898 1151 4959 radii,
1184 4912 1303 4951 cum
1339 4896 1503 4949 multo
1530 4895 1744 4961 sudore,
1774 4893 2080 4959 afﬂictione,

512 5008 566 5049 ct
609 4995 843 5065 angustia
884 4990 1206 5046 certaminis.
1255 4989 1363 5042 lloc
1406 4998 1487 5042 est
1532 4996 1740 5057 tempus
1781 4984 2082 5054 pugnandi;

515 5102 643 5157 ergo
670 5098 722 5141 et
751 5087 966 5139 vulnera
995 5083 1309 5150 accipiendi,
1339 5090 1392 5135 et
1420 5082 1730 5151 sanguinem
1760 5078 2085 5143 eﬂ'undeudi,

516 5190 568 5232 ct
594 5177 826 5232 dolendi.
857 5176 895 5229 A
908 5176 990 5227 udi
1014 5174 1135 5243 quid
1155 5173 1296 5226 dicat
1324 5174 1508 5227 beatus
1532 5172 1723 5226 Paulus
1748 5189 1759 5223 :
1787 5170 1875 5225 Sic
1896 5187 2084 5239 pugno,

518 5286 615 5322 non
649 5279 899 5335 tamquam
928 5281 1093 5317 aerem
1119 5264 1377 5317 verberans
1408 5264 1480 5334 (i.
1512 5262 1628 5317 Cor.
1659 5262 1709 5315 9.
1742 5262 1853 5329 26).
1899 5261 2091 5314 Existi-

520 5374 726 5412 ntemus
772 5366 933 5409 totam
967 5357 1126 5409 vitam
1168 5370 1285 5410 esse
1313 5356 1379 5409 ad
1409 5367 1677 5410 certamen
1710 5354 2081 5417 constitutam,

511 5449 565 5492 ct
595 5456 879 5509 numquam
911 5456 1207 5510 quaeremus
1237 5442 1500 5511 requiem,
1531 5458 1841 5513 numquam,
1872 5443 1919 5499 si
1948 5445 2082 5499 afﬂi-

510 5545 717 5598 gamur,
747 5530 943 5599 aliquid
975 5531 1093 5585 noxi
1122 5540 1177 5586 et
1205 5532 1361 5587 alieni
1393 5534 1545 5587 nobis
1572 5534 1831 5589 accidisse
1871 5537 2078 5603 putabi-

513 5638 627 5673 mus
654 5640 665 5674 :
692 5623 950 5691 siquidem
980 5639 1152 5692 neque
1180 5625 1319 5693 pugil
1348 5626 1540 5695 aliquid
1573 5626 1692 5680 novi
1718 5636 1770 5679 et
1800 5626 1958 5681 alieni
1982 5626 2079 5681 sibi

514 5720 662 5777 putat
703 5713 955 5767 accidisse
976 5756 989 5776 ,
1021 5715 1232 5783 quando
1259 5726 1337 5769 cst
1381 5714 1431 5769 in
1463 5718 1771 5771 certamine.
1816 5716 1973 5770 Aliud
2004 5727 2082 5770 est

517 5810 722 5870 tunpus
748 5803 937 5871 quietis
969 5824 978 5857 :
1011 5822 1104 5876 per
1130 5806 1469 5863 aiﬂictionem
1502 5824 1597 5864 nos
1638 5819 1845 5880 oportet
1876 5807 2078 5879 perfici.

3713 443 3797 497 ΣΞ

2161 557 2380 613 Etiamsi
2413 570 2519 610 non
2547 554 2616 609 sit
2642 552 3004 625 persequutio,
3027 564 3125 605 nec
3149 547 3387 613 afﬂictio,
3406 555 3530 603 sunt
3554 554 3770 602 tamen

2160 648 2278 701 allec
2300 645 2637 710 afﬂictiones,
2665 658 2782 713 qua:
2806 642 2959 696 nobis
2985 640 3219 711 quotidie
3243 639 3490 693 accidunt
3514 655 3529 695 :
3554 636 3607 692 si
3638 636 3774 689 huic

2161 750 2335 795 autem
2364 754 2468 793 non
2498 737 2737 799 ferimus,
2770 735 2855 790 vix
2895 736 3013 790 illas
3044 734 3339 789 tulerimus.
3371 731 3635 796 Tentatio,
3671 729 3773 784 in-

2160 830 2303 900 quit,
2336 845 2422 883 vos
2450 845 2549 882 non
2578 827 2957 898 apprehendat,
2998 826 3095 879 nisi
3134 825 3354 877 humana
3383 823 3467 893 (i.
3497 821 3626 877 Cor.
3666 820 3773 876 10.

2165 922 2277 989 15).
2303 920 2469 974 Deum
2496 935 2624 989 ergo
2649 932 2884 982 oremus,
2910 932 2975 971 ne
2998 916 3256 971 intremus
3278 916 3329 970 in
3352 914 3728 969 tentationem
3756 930 3772 965 :

2164 1010 2244 1064 sin
2286 1019 2460 1063 autem
2504 1006 2876 1063 intraverimus
2902 1048 2917 1073 ,
2952 1005 3072 1059 forti
3110 1005 3286 1058 animo
3320 1004 3572 1060 feramus.
3611 1001 3775 1057 Nam

2166 1100 2292 1155 illud
2323 1101 2533 1170 quidem
2562 1109 2645 1154 est
2672 1099 2907 1153 virorum
2934 1096 3231 1165 sapientum
3260 1103 3318 1150 et
3343 1095 3775 1150 moderatorum

2166 1206 2223 1246 se
2254 1193 2304 1243 in
2337 1188 2567 1259 pericula
2600 1203 2706 1243 non
2736 1198 2937 1242 temere
2977 1185 3233 1254 injicere;
3272 1184 3375 1239 hoc
3412 1192 3589 1238 antem
3638 1182 3779 1237 for-

2167 1283 2297 1336 tium
2325 1290 2380 1336 et
2407 1278 2867 1349 philosophorum,
2902 1277 3128 1331 firmiter
3159 1285 3322 1339 stare,
3352 1275 3395 1328 si
3425 1275 3777 1329 incidamus.

2168 1373 2349 1441 Neque
2376 1386 2503 1440 ergo
2528 1384 2626 1424 nos
2655 1378 2854 1423 temere
2878 1366 3259 1437 projiciamus;
3291 1374 3373 1420 est
3400 1363 3544 1419 enim
3578 1362 3780 1418 auda-

2168 1467 2265 1521 εἰαδ
2291 1475 2343 1521 et
2370 1462 2686 1519 temeritatis
2718 1480 2730 1515 :
2764 1476 2936 1533 neque
2961 1460 3008 1514 si
3036 1460 3313 1522 ducamur,
3341 1472 3440 1513 nos
3466 1457 3626 1513 rebus
3667 1471 3782 1509 ro-

2169 1558 2413 1612 cantihus
2439 1556 2727 1620 cedamus;
2759 1564 2841 1610 est
2865 1555 3006 1609 enim
3036 1551 3365 1617 timiditatis;
3396 1549 3489 1605 sed
3518 1549 3563 1604 si
3596 1555 3783 1602 meet

2170 1648 2382 1718 quidem
2430 1645 2767 1715 prmdicatio,
2806 1660 2913 1698 non
2942 1656 3283 1705 recusemus;
3314 1640 3359 1694 si
3387 1654 3514 1694 vero
3544 1654 3657 1692 non
3692 1637 3782 1691 sit

2172 1755 2353 1806 causa,
2378 1753 2474 1793 nec
2495 1753 2625 1793 usus
2651 1737 2905 1809 postulet,
2934 1751 3030 1792 nec
3057 1736 3347 1790 necessitas
3369 1730 3781 1789 convenienter

2173 1830 2356 1899 pietati
2379 1845 2478 1884 nos
2497 1839 2671 1896 vocet,
2704 1845 2809 1883 non
2844 1839 3045 1883 temere
3074 1840 3450 1897 procurratnus
3475 1840 3488 1888 ;
3518 1840 3578 1878 ea
3608 1823 3776 1878 enim

2176 1933 2262 1974 res
2287 1927 2370 1974 est
2393 1919 2679 1974 ostentatio
2698 1958 2713 1985 ,
2744 1926 2797 1972 et
2824 1918 2997 1971 inanis
3021 1932 3083 1971 ac
3108 1928 3503 1985 supervacanea
3534 1911 3780 1967 honoris

2176 2008 2449 2079 appetitio.
2493 2009 2585 2065 Sin
2632 2007 3123 2079 autem-quidpiam
3167 2007 3361 2061 factum
3410 2005 3569 2061 fuerit
3610 2004 3778 2075 quod

2179 2103 2333 2157 hedat
2353 2103 2623 2172 pietatem,
2653 2101 2859 2155 etiamsi
2883 2108 3126 2169 oporteat
3152 2099 3298 2151 mille
3325 2105 3523 2152 mortes
3548 2095 3778 2160 subire,

2179 2196 2312 2250 nihil
2344 2210 2669 2249 recusemus.
2699 2194 2774 2248 Ne
2803 2206 3058 2262 provoces
3089 2191 3436 2255 tentationes,
3466 2189 3509 2243 si
3539 2205 3602 2243 ex
3633 2197 3780 2243 voto

2182 2286 2273 2340 tibi
2303 2285 2552 2355 procedat
2586 2285 2754 2353 pietas
2786 2298 2917 2338 :cur
2940 2296 3335 2352 supervacanea
3364 2279 3589 2335 attrahis
3622 2280 3782 2350 peri-

2185 2380 2324 2445 cula,
2353 2392 2469 2445 quae
2498 2377 2629 2431 lucri
2663 2375 2788 2428 nihil
2816 2373 3081 2428 afferunt?

2247 2440 2439 2520 5.'P'ro
2465 2460 2648 2528 pietate
2676 2454 2843 2506 omnia
2872 2449 3209 2517 suscipienda.
3236 2474 3305 2483 —
3331 2443 3455 2498 Haec
3480 2440 3601 2496 dico
3625 2480 3639 2503 ,
3670 2452 3779 2491 vo-

2178 2555 2293 2609 lens
2336 2564 2431 2604 vos
2474 2559 2687 2602 servare
2734 2544 2877 2611 leges
2918 2537 3150 2600 Christi,
3182 2535 3272 2603 qui
3309 2533 3459 2601 jubet
3495 2544 3652 2584 orare
3695 2543 3773 2581 ne

2177 2641 2386 2697 intretis
2416 2640 2469 2693 in
2499 2637 2845 2692 tentationem
2870 2672 2886 2697 ,
2928 2638 2980 2682 et
3020 2627 3167 2697 jubet
3202 2631 3415 2692 acoepta
3446 2635 3605 2675 cruce
3636 2633 3771 2673 eum

2178 2735 2348 2804 sequi.
2372 2732 2498 2786 “me
2518 2728 2714 2796 quippe
2736 2740 2841 2778 non
2871 2730 2992 2777 sunt
3017 2716 3303 2780 contraria,
3335 2712 3428 2768 sed
3454 2710 3609 2765 valde
3630 2726 3776 2765 con-

2179 2832 2374 2895 gruuut
2396 2836 2457 2874 ac
2477 2818 2816 2873 conveniunt.
2847 2812 2976 2867 Nam
3002 2822 3055 2863 tu
3084 2808 3320 2879 quidem,
3345 2820 3462 2859 cum
3490 2812 3771 2871 tamquam

2180 2892 2335 2970 miles
2362 2911 2516 2965 fortis
2540 2918 2593 2962 te
2626 2905 2829 2977 pararis
2854 2912 2907 2957 et
2936 2898 3281 2963 instruxeris,
3312 2905 3429 2951 esto
3460 2892 3677 2947 assidue
3704 2892 3767 2945 in

2180 3005 2364 3066 armis,
2393 3002 2624 3063 sobrius,
2656 2996 2898 3066 vigilans,
2934 2992 3137 3045 hostem
3169 3002 3378 3055 semper
3405 2992 3721 3053 exspectans
3747 2996 3769 3046 ;

2181 3094 2320 3149 bella
2346 3102 2524 3145 autem
2554 3103 2619 3142 ne
2650 3098 2897 3156 procrees
2932 3100 2943 3134 :
2978 3080 3080 3133 hoc
3117 3079 3257 3131 enim
3291 3090 3393 3129 non
3426 3083 3508 3129 est
3537 3073 3723 3126 militis
3745 3111 3767 3136 ,

2182 3186 2274 3241 sed
2302 3182 2562 3238 seditiosi.
2588 3180 2680 3234 Sin
2708 3186 2884 3230 autem
2912 3183 2963 3229 te
2984 3171 3187 3226 vocarit
3209 3170 3329 3223 tuba
3357 3166 3589 3237 pictatis,
3619 3165 3771 3218 illico

2182 3273 2437 3344 egredere
2461 3312 2475 3335 ,
2505 3279 2557 3324 et
2594 3268 2822 3322 animam
2854 3264 3069 3333 despice
3089 3302 3103 3327 ,
3132 3269 3187 3315 et
3214 3273 3335 3315 cum
3374 3269 3562 3325 magna
3596 3251 3770 3306 animi

2179 3340 2451 3418 alacritate
2480 3358 2770 3413 certamina
2804 3353 3091 3423 aggredere
3111 3391 3123 3412 ,
3168 3346 3433 3416 perfringe
3462 3344 3629 3396 aciem
3661 3340 3772 3395 ad—

2179 3453 2578 3523 versariorum,
2626 3447 2823 3503 diaboli
2875 3446 3077 3498 vultum
3128 3437 3455 3502 conscinde,
3502 3446 3767 3505 troptcum

2180 3546 2346 3615 erige.
2390 3542 2483 3597 Sin
2529 3550 2703 3594 autem
2751 3536 2879 3589 nihil
2923 3533 3144 3588 laedatur
3179 3531 3379 3600 pietas,
3406 3540 3582 3595 neque
3610 3523 3767 3594 quis-

2179 3613 2337 3706 quam
2370 3641 2551 3687 nostra
2577 3626 2861 3682 labefactet
2886 3624 3151 3692 dogmata,
3182 3618 3343 3688 quod,
3374 3617 3608 3684 inquam,
3638 3613 3771 3667 atti-

2182 3704 2275 3780 net
2307 3722 2374 3777 ad
2416 3722 2677 3781 animam,
2721 3730 2891 3784 neque
2918 3712 3203 3782 quidquam
3244 3707 3453 3776 cogatis
3492 3704 3670 3758 facere
3698 3718 3771 3756 ex

2181 3814 2249 3871 iis
2275 3828 2391 3882 qua:
2419 3811 2526 3864 Deo
2552 3822 2655 3862 non
2680 3806 2909 3875 placent,
2942 3817 3009 3855 ne
3038 3810 3463 3869 supervacaneus
3502 3794 3566 3847 sit
3596 3792 3771 3846 labor

2183 3915 2325 3961 tuus.
2351 3902 2573 3972 Oportet
2598 3896 2887 3953 Christiani
2917 3895 3075 3948 vitam
3100 3905 3222 3946 esse
3249 3890 3457 3958 plenam
3482 3877 3765 3954 sanguine,

2180 3998 2458 4069 sanguine,
2489 3997 2725 4062 inquam,
2756 4005 2859 4043 non
2886 3989 2938 4039 in
2968 3982 3238 4039 fundendo
3267 3981 3457 4044 alieno,
3489 3977 3580 4032 sed
3615 3978 3666 4030 in
3700 3991 3771 4030 eo

2180 4091 2321 4161 quod
2366 4090 2438 4142 sis
2484 4092 2700 4155 paratus
2744 4090 2888 4134 tuum
2929 4074 3224 4131 eﬂ‘undere.
3270 4070 3400 4126 Cum
3450 4077 3593 4122 tanta
3636 4083 3770 4137 ergo

2181 4158 2345 4235 animi
2398 4176 2668 4230 alacritate
2716 4169 2987 4240 proprium
3034 4163 3345 4233 sanguinem
3393 4158 3765 4221 elfundamus,

2180 4268 2393 4340 quando
2425 4267 2525 4319 hoc
2552 4263 2712 4317 fuerit
2738 4273 2831 4329 pro
2860 4257 3093 4317 Christo,
3119 4266 3242 4306 cum
3264 4257 3458 4319 quanta
3483 4248 3765 4315 quisquam

2183 4336 2373 4429 aquam
2400 4353 2649 4410 ell‘uderit
2676 4349 2895 4419 (etenim
2931 4359 3065 4413 aqua
3094 4351 3177 4395 est
3208 4338 3421 4407 sanguis
3450 4336 3538 4405 qui
3568 4349 3769 4403 corpus

2183 4444 2548 4515 circumﬂuit),
2576 4453 2631 4498 et
2654 4456 2773 4495 cum
2798 4450 2940 4493 tanta
2969 4435 3219 4489 facilitate
3244 4444 3458 4484 carnem
3482 4440 3766 4491 exuamus,

2182 4555 2304 4595 cum
2345 4544 2538 4607 quanta
2583 4542 2803 4588 vestem.
2852 4528 2964 4583 Hoc
3005 4535 3181 4579 autem
3212 4521 3351 4584 erit,
3383 4519 3424 4571 si
3459 4533 3564 4571 non
3597 4517 3771 4571 simus

2182 4630 2379 4702 alligati
2412 4626 2669 4698 pecuniis,
2701 4623 2745 4676 si
2777 4636 2881 4675 non
2909 4619 3244 4673 detineamur
3269 4611 3336 4665 ab
3367 4608 3588 4673 aedibus,
3618 4622 3647 4660 a
3677 4624 3773 4662 vo-

2184 4698 2383 4793 luptate
2407 4764 2421 4785 ,
2456 4707 2490 4774 'a
2531 4715 2880 4787 prmsentibus
2921 4710 3190 4766 omnibus.
3230 4704 3284 4760 Si
3323 4702 3465 4758 enim
3501 4700 3589 4770 qui
3631 4698 3771 4753 hanc

2186 4814 2347 4866 vitam
2377 4811 2576 4879 degunt
2602 4806 2910 4867 militarem,
2942 4799 3191 4853 onuiibus
3222 4793 3550 4857 renuntiant,
3583 4799 3638 4845 et
3663 4806 3770 4859 quo

2185 4906 2384 4961 bellum
2409 4899 2682 4955 vocaverit
2712 4896 2821 4949 illic
2845 4893 3039 4947 adsunt
3065 4900 3119 4943 et
3154 4890 3253 4941 iter
3282 4887 3495 4946 ineunt,
3518 4892 3573 4937 et
3600 4880 3768 4935 alacri

2182 4998 2362 5052 animo
2390 4993 2565 5047 omnia
2596 4989 2823 5042 tolerant
2854 5004 2866 5038 :
2896 4981 3062 5037 multo
3091 4980 3258 5049 magis
3287 4990 3383 5030 nos
3409 5016 3423 5039 ,
3453 4974 3539 5043 qui
3581 4985 3771 5025 sumus

2183 5086 2379 5144 Christi
2409 5084 2625 5143 milites,
2657 5081 2726 5133 ita
2756 5086 2966 5145 paratos
2995 5082 3049 5126 et
3076 5074 3361 5125 instructos
3387 5081 3505 5121 esse
3530 5070 3767 5132 Oportet,

2183 5187 2237 5234 et
2262 5178 2429 5232 aciem
2461 5183 2667 5228 struere
2704 5170 2961 5223 adversus
2999 5163 3193 5217 bellum
3230 5159 3502 5211 vitiorum.
3542 5152 3657 5207 Non
3686 5160 3770 5206 est

2183 5284 2322 5324 nunc
2363 5261 2737 5336 persequutio,
2780 5267 2834 5313 et
2863 5255 3001 5310 absit
3037 5262 3095 5307 ut
3133 5252 3202 5306 sit
3243 5261 3526 5317 umquam;
3561 5243 3653 5296 sed
3686 5250 3770 5295 est

2183 5358 2325 5415 aliud
2351 5332 2566 5420 bellum,
2589 5349 2891 5421 cupiditatis
2915 5345 3277 5415 pecuniarum,
3303 5338 3506 5393 bellum
3532 5332 3765 5396 invidim,

2184 5452 2383 5507 bellum
2431 5449 2653 5501 aliarum
2698 5440 2859 5495 animi
2904 5435 3379 5505 perturbationum.
3422 5428 3533 5481 Hoc
3567 5425 3763 5507 bellum

2186 5505 2410 5592 narrans
2437 5533 2564 5587 dicit
2588 5527 2783 5583 Paulus
2808 5542 2820 5578 :
2848 5522 2965 5576 Non
2998 5531 3067 5573 est
3098 5519 3239 5571 nobis
3264 5512 3553 5569 colluctatio
3584 5505 3767 5561 adver-

2183 5644 2268 5681 sus
2294 5640 2495 5679 carnem
2521 5630 2567 5674 et
2597 5616 2889 5687 sanguinem
2919 5610 3131 5682 (Ephes.
3164 5608 3215 5661 (i.
3253 5605 3338 5660 12.
3370 5602 3483 5672 Li).
3513 5600 3622 5655 Hoc
3650 5598 3768 5652 bel-

2186 5716 2295 5770 lum
2328 5727 2539 5783 semper
2583 5711 2761 5763 instat.
2807 5705 3094 5771 Propterea
3123 5697 3363 5751 vultnos
3392 5704 3533 5747 stare
3560 5703 3769 5755 semper

2190 5782 2462 5863 armatos:
2499 5803 2640 5858 State
2680 5813 2826 5869 ergo,
2857 5794 3061 5863 inquit,
3094 5786 3333 5843 succincti
3366 5782 3549 5853 :quod
3595 5782 3764 5846 ipsum
