4020 6440
196 455 258 518 6|
1068 449 1135 506 IN
1174 443 1392 506 EPIST.
1426 446 1516 502 AD
1553 442 1778 501 ΠΕΒΒΑ

1883 439 1924 499 5.
1962 439 2116 497 CAP.
2158 439 2244 497 111.
2282 439 2516 497 1101111..
2553 439 2618 496 ν.
3426 438 3494 492 3⁸2

193 565 560 633 πλουτοῦντα,
583 567 660 640 μή
687 566 1126 636 καταπίπτωμεν
1147 586 1160 600 ·
1183 570 1313 623 ὅταν
1345 568 1548 640 ἴδωμεν
1579 566 1790 635 ἀγαθὸν

191 653 388 717 κακῶς
416 654 716 724 πάσχοντα,
748 651 822 724 μή
865 651 1226 724 θορυϐώμεθα
1246 670 1260 685 ·
1297 655 1417 707 ἐκεῖ
1441 655 1550 724 γάρ
1586 653 1634 705 οἱ
1665 651 1789 704 στέ-

189 751 380 803 φανοι,
410 737 528 789 ἐκεῖ
551 738 646 789 καὶ
675 736 732 789 al
764 735 1035 797 κολάσεις.
1062 737 1173 789 Kal
1200 735 1377 800 ἄλλως
1408 735 1466 789 δέ
1500 735 1602 788 οὐκ
1638 732 1788 786 ἐστιν

187 816 318 872 οὔτε
365 829 462 872 τον
511 818 706 886 κακὸν,
738 819 917 890 πάντη
948 813 1092 871 εἶναι
1135 820 1310 873 κακὸν
1357 817 1475 872 ἀλλ’
1502 819 1620 871 ἐστι
1662 817 1788 870 τινὰ

185 901 340 972 [χειν
367 903 534 957 αὐτὸν
563 903 655 956 καὶ
684 901 866 969 ἀγαθά
886 918 902 932 ⁸
935 900 1059 955 οὔτε
1091 903 1186 956 τὸν
1213 903 1417 972 ἀγαθὸν
1444 903 1623 976 πάντη
1645 897 1786 954 εἶναι

183 984 422 1052 ἀγαθὸν,
475 985 590 1041 ἀλλ’
632 985 782 1055 ἔχειν
839 985 962 1039 τινὰ
1015 985 1110 1038 καὶ
1173 986 1574 1058 ἁμαρτήματα.
1613 985 1786 1036 ’Ὅταν

181 1063 284 1120 οὗν
318 1067 576 1138 εὐπραγῇ
611 1068 639 1119 6
667 1067 927 1138 πονηρὸς,
955 1066 1066 1120 ῐσθι
1106 1068 1190 1121 δτι
1213 1070 1306 1121 ἐπὶ
1339 1068 1499 1139 κακῷ
1529 1067 1629 1136 τῆς
1652 1067 1782 1118 ἐαυ-

180 1148 282 1202 τοῦ
325 1148 608 1220 κεφαλῆςο
645 1149 732 1203 ῖνα
766 1150 879 1221 γάρ
905 1150 1133 1204 ἐκείνων
1157 1150 1266 1204 τῶν
1308 1150 1506 1218 ὀλίγων
1558 1147 1784 1216 ἀγαθῶν

180 1230 285 1301 τὴν
317 1230 599 1286 ἀντίδοσιν
648 1232 890 1286 ἐνταῦθα
931 1232 1138 1300 λαϐὼν,
1188 1233 1310 1286 ἐκεῖ
1353 1233 1549 1286 λοιπὸν
1596 1230 1783 1285 τέλεον

180 1311 508 1383 κολάζηται,
543 1308 735 1368 τούτου
769 1316 931 1386 χάριν
966 1313 1205 1369 ἐνταῦθα
1234 1315 1637 1386 ἀπολαμϐάνει.
1673 1313 1782 1367 Καὶ

183 1395 467 1466 μακάριος
495 1398 709 1460 ἐκεῖνος
733 1397 974 1468 μάλιστά
1011 1399 1162 1451 ἐστιν
1204 1401 1233 1452 6
1286 1399 1525 1453 ἐνταῦθα
1555 1397 1782 1463 κολαζό-

183 1492 378 1545 μενος,
407 1478 495 1531 ἵνα
526 1479 706 1531 πάντα
736 1480 1076 1551 ἀποθέμενος
1107 1480 1175 1535 τά
1205 1480 1604 1554 ἁμαρτήματα,
1638 1482 1781 1534 εὑδό-

179 1575 354 1627 κιμος
387 1561 483 1613 καλ⁵
523 1560 768 1633 καθαρὸς
787 1562 946 1636 ἀπίῃ,
978 1566 1073 1618 καὶ
1111 1563 1426 1626 ἀνεύθυνος.
1478 1565 1587 1617 Καὶ
1621 1561 1782 1616 τοῦτο

177 1639 459 1694 διδάσκων
485 1644 638 1712 ἡμᾶς
672 1645 700 1695 6
729 1644 963 1708 Παῦλος,
991 1646 1125 1717 φησί
1147 1661 1160 1674 ⁸
1186 1644 1291 1700 Διά
1334 1646 1513 1700 τοῦτο
1543 1648 1614 1700 ἐν
1637 1647 1780 1716 ὑμῖν

178 1724 410 1778 πολλοὶ
461 1726 748 1792 ἀσθενεῖς
785 1728 888 1782 καὶ
937 1727 1263 1796 ἄρρωστοι,
1305 1729 1402 1783 καὶ
1455 1728 1778 1798 κοιμῶνται

179 1807 391 1859 ἱκανοί
414 1823 430 1838 ·
471 1809 566 1862 καὶ
611 1808 799 1873 πάλιν,
853 1809 1163 1879 Παράδοτε
1219 1811 1330 1864 τὸν
1384 1812 1658 1867 τοιοῦτον
1696 1811 1779 1878 τῷ

179 1886 429 1956 Σατανᾷ
459 1893 548 1957 είς
589 1892 842 1961 ὄλεθρον
862 1891 974 1965 τῆς
1001 1896 1252 1962 σαρκὸς,
1292 1897 1395 1950 ἵνα
1433 1897 1498 1950 τὸ
1538 1896 1780 1964 πνεῦμα

178 1966 358 2038 σωθῇ
388 1969 460 2023 ἐν
491 1969 567 2039 τῇ
597 1969 790 2041 ἡμέρᾳ
816 1971 1044 2040 ἐκείνῃ.
1072 1975 1185 2027 Καὶ
1211 1976 1240 2027 6
1273 1977 1563 2045 προφήτης
1588 1978 1776 2046 φησὶν,

175 2050 260 2105 δτι
316 2051 604 2118 Ἐδέξατο
620 2055 688 2108 ἐκ
710 2055 910 2124 χειρὸς
943 2058 1167 2124 Κυρίου
1207 2057 1396 2112 διπλᾶ
1417 2060 1489 2111 τὰ
1519 2059 1779 2128 ὁμαρτή-

171 2151 340 2202 pata
363 2150 378 2165 ’
414 2136 511 2188 καὶ
543 2136 707 2190 πάλιν
738 2139 766 2190 6
791 2137 978 2204 Δαυῒδ,
1011 2139 1136 2193 Ἴδε
1170 2139 1310 2207 τοὺς
1337 2141 1593 2210 ἐχθρούς
1621 2160 1742 2212 μου
1761 2183 1775 2206 ,

176 2216 269 2271 ὅτι
290 2218 778 2287 ἐπληθύνθησαν
795 2220 950 2290 ὑπὲρ
981 2220 1087 2288 τὰς
1114 2223 1322 2293 τρίχας
1351 2223 1462 2292 τῆς
1503 2225 1780 2294 κεφαλῆς

171 2319 318 2371 μου,
359 2304 461 2358 καὶ
504 2304 690 2373 μῖσος
736 2305 952 2362 ἄδικον
1009 2307 1320 2378 ἐμίσησὰν
1359 2327 1456 2380 με,
1491 2310 1592 2364 καὶ
1626 2311 1778 2380 ἄφες

177 2385 391 2452 πάσας
418 2387 527 2452 τὰς
547 2389 840 2459 ἁμαρτίας
870 2408 994 2461 μου
1015 2407 1029 2420 ·
1053 2394 1149 2446 καὶ⁹
1177 2392 1342 2447 πάλιν
1365 2393 1574 2464 ἔτερος,
1599 2395 1778 2462 Κύριε

178 2469 212 2522 ὁ
247 2470 400 2536 Θεὸς
421 2471 614 2538 ἡμῶν,
645 2473 900 2540 ειρήνην
921 2474 1030 2540 δὸς
1060 2476 1236 2544 ἡμῖν’
1295 2475 1495 2530 πάντα
1527 2478 1640 2546 τὰρ
1665 2479 1778 2532 ἀπ-

180 2549 413 2619 έδωκας
441 2552 558 2626 [58]
587 2553 756 2624 ἡμῖν.
795 2555 959 2608 Ἀλλά
984 2556 1160 2610 ταῦτα
1201 2557 1301 2628 μὲν
1318 2558 1626 2624 δεικνύντος
1658 2561 1778 2614 ἐστὶ

177 2637 310 2698 τοὺς
369 2637 572 2700 καλοὺς
627 2638 725 2702 τάς
788 2639 934 2711 ὑπὲρ
973 2641 1084 2693 τῶν
1140 2643 1565 2713 ἁμαρτημάτων
1620 2644 1775 2708 δίκας

175 2717 419 2772 ἐνταῦθα
440 2719 930 2790 ἀπολαμϐάνοντας
955 2739 968 2752 ·
999 2723 1101 2776 ποῦ
1132 2723 1189 2776 δὲ
1216 2726 1288 2777 τά
1323 2725 1507 2792 ἀγαθά
1531 2729 1580 2780 οἱ
1610 2744 1778 2797 πονη-

183 2803 270 2874 ροὶ
311 2803 801 2873 ἀπολαμϐάνοντες
827 2805 1087 2872 ἐνταῦθα,
1141 2808 1262 2860 ἐκεῖ
1287 2807 1474 2861 τέλεον
1518 2810 1777 2874 κολάζον-

175 2901 308 2953 ται;
342 2887 546 2941 Ἀκουε
566 2886 663 2940 τοῦ
699 2887 956 2959 Ἀϐραάμ
988 2889 1245 2958 λέγοντος
1287 2892 1427 2962 πρὸς
1478 2893 1571 2946 τὸν
1614 2893 1778 2948 πλού-

179 2984 329 3022 σιον·
394 2969 724 3036 ’Λπέλαϐες
777 2973 850 3026 τὰ
895 2972 1089 3042 ἀγαθά
1128 2987 1249 3029 σου
1295 2975 1366 3028 ἐν
1388 2973 1463 3043 τῇ
1489 2977 1603 3046 ζωῇ
1633 2995 1774 3043 σου,

177 3052 278 3105 και
308 3050 577 3120 Λάζαρος
627 3055 846 3122 ὁμοίως
894 3055 968 3108 τὰ
1019 3056 1192 3110 κακά.
1253 3057 1413 3127 [Ποῖα
1465 3061 1648 3128 ἀγαθά
1680 3062 1774 3135 ος]

190 3135 467 3190 Ἐνταῦθα
493 3136 604 3207 γάρ
657 3135 740 3201 16,
801 3137 1156 3206 Ἀπέλαϐες,
1204 3138 1340 3194 ἀλλά
1409 3141 1503 3213 μή,
1561 3144 1772 3210 ἔλαϐες,

181 3220 380 3285 εἰπὼν,
413 3219 659 3273 δείκνυσι
693 3222 840 3274 κατά
886 3221 1112 3292 ὀφειλὴν
1157 3224 1454 3295 ἑκατέρους
1481 3226 1772 3292 παθόντας,

179 3305 275 3357 καὶ
297 3303 392 3356 τὸν
427 3302 528 3373 μὲν
559 3304 618 3355 ἐν
651 3303 951 3375 εὐπραγίᾳ,
972 3305 1065 3358 τὸν
1097 3306 1152 3359 δέ
1188 3308 1246 3359 ἐν
1275 3308 1591 3381 δυσπραγίᾳ
1618 3313 1775 3380 γενό-

182 3401 380 3454 μενον·
413 3387 507 3439 καί
530 3403 684 3456 φησι,
714 3386 802 3441 διά
819 3387 980 3441 τοῦτο
1004 3385 1196 3455 οὗτος
1217 3391 1481 3445 ἐνταῦθα
1508 3409 1778 3462 παρακα-

179 3468 419 3523 λεῖταιο
475 3470 612 3541 ὁρᾷς
642 3471 753 3541 γάρ
804 3473 974 3525 αὐτὸν
1012 3471 1258 3546 καθαρὸν
1309 3475 1733 3547 ἁμαρτημάτων
1760 3495 1774 3510 ’

180 3551 281 3604 καὶ
303 3550 390 3605 σὺ
435 3551 755 3606 ὀδυνᾶσαι.
811 3554 906 3623 Μὴ
947 3553 1132 3607 τοίνυν
1177 3554 1459 3626 ἀλύωμεν,
1502 3555 1633 3612 ὅταν
1684 3560 1778 3612 εύ-

181 3634 494 3698 παθοῦντας
524 3634 742 3705 δρῶμεν
773 3637 1012 3690 ἐνταῦθα
1045 3638 1173 3700 τοὺς
1212 3639 1605 3710 ἁμαρτωλοὺς,
1656 3642 1776 3695 ἀλλ’

178 3716 313 3769 ὅταν
334 3717 526 3780 κακῶς
558 3718 862 3789 πάσχωμεν
887 3719 1063 3784 αὐτοὶ,
1118 3721 1436 3791 χαίρωμεν⁸
1488 3724 1777 3794 ἀμαρτιῶν

181 3801 288 3870 γάρ
323 3802 445 3854 ἐστι
480 3799 541 3852 τὸ
576 3802 816 3870 πρᾶγμα
848 3800 1064 3865 ῢκτισις
1090 3819 1104 3833 ·
1141 3803 1220 3873 μὴ
1269 3805 1528 3875 ζητῶμεν
1552 3807 1738 3861 ἀνεσιν
1761 3822 1775 3840 ⁶

183 3882 366 3954 eum
399 3883 513 3954 γάρ
533 3883 908 3952 ἐπηγγείλατο
935 3886 1050 3948 τοῖς
1077 3885 1245 3939 αὐτοῦ
1270 3889 1546 3958 μαθηταῖς
1583 3893 1611 3944 6
1643 3892 1780 3961 Χρι-

185 3967 309 4030 στός
327 3982 342 3996 ⁸
370 3967 468 4019 καί
496 3983 664 4037 φησιν
693 3969 722 4020 6
753 3966 984 4029 Παῦλος·
1019 3966 1252 4034 Πάντες
1274 3973 1328 4024 οὶ
1353 3970 1637 4039 θέλοντες
1671 3973 1780 4042 ζῇν

183 4049 450 4115 εὐσεϐῶς
473 4052 542 4105 ἐν
564 4050 796 4119 Χριστῷ
831 4051 1054 4119 Ἰησοῦ,
1085 4051 1555 4122 διωχθήσονται.
1587 4057 1778 4123 Οὐδεὶς

183 4137 434 4204 γενναῖος
467 4134 709 4204 ἀθλητής
742 4135 802 4186 ἐν
837 4135 915 4205 τῷ
949 4133 1240 4206 σκάμματι
1271 4136 1476 4208 λουτρά
1503 4139 1775 4213 ἐπιζητεῖ,

184 4218 280 4272 καὶ
309 4219 596 4288 τράπεζαν
625 4217 934 4286 πλήθουσαν
966 4221 1159 4282 σιτίοις
1184 4219 1278 4273 καὶ
1302 4222 1430 4292 οἴνῳ
1457 4239 1470 4252 ·
1498 4223 1661 4280 τοῦτο
1679 4228 1780 4282 οὐκ

184 4301 332 4354 ἐστιν
350 4298 612 4370 ἀθλητοῦ,
642 4300 780 4353 ἀλλὰ
801 4300 999 4368 βλακός
1019 4318 1032 4331 ·
1063 4304 1091 4354 6
1121 4301 1230 4371 γὰρ
1265 4303 1506 4376 ἀθλητὴς
1543 4309 1778 4380 μάχεται

185 4384 356 4445 κόνει,
371 4384 556 4453 ἐλαίῳ.
574 4385 796 4446 ἀκτῖνος
812 4383 1131 4464 θερμάτητι,
1157 4385 1341 4456 ἱδρῶτι
1355 4390 1557 4460 πολλῷ,
1578 4394 1776 4464 θλίψει,

186 4469 279 4521 καὶ
305 4466 642 4537 στενοχωρία⁵
665 4466 897 4532 ἀγῶνος.
918 4462 1087 4532 Οὗτός
1107 4469 1225 4521 ἐστι
1245 4471 1340 4524 καὶ
1361 4472 1457 4525 τοῦ
1481 4462 1779 4531 πυκτεύειν

185 4549 216 4601 6
241 4549 468 4619 καιρός·
496 4548 694 4603 οὐκοῦν
731 4550 826 4602 καὶ
880 4550 974 4603 τοῦ
1016 4552 1312 4622 τραύματα
1343 4553 1648 4625 λαμϐάνειν
1683 4562 1781 4614 καὶ

187 4630 548 4715 αἱμάττεσθαι
601 4633 698 4686 καὶ
729 4633 937 4701 ἀλγεῖν.
977 4635 1253 4689 ’Ἄκουσον
1285 4637 1338 4689 τί
1396 4657 1564 4709 φησιν
1621 4644 1650 4696 6
1675 4663 1781 4715 μα-

187 4716 382 4785 κάριος
404 4714 618 4777 Παῦλος
639 4731 653 4746 ο
668 4715 835 4768 Οὕτω
857 4718 1135 4770 πυκτεύω
1155 4719 1234 4783 ὡς
1262 4721 1375 4773 οὐκ
1397 4722 1543 4788 ἀέρα
1567 4714 1774 4792 δέρων.

187 4796 375 4850 Πάντα
403 4797 495 4850 τὸν
527 4796 641 4865 βίον
673 4797 969 4865 ἐναγώνιον
1017 4798 1159 4852 εἶναι
1188 4801 1529 4872 νομίσωμεν,
1562 4809 1657 4860 καὶ
1687 4811 1779 4863 ού-

186 4877 378 4932 δέποτε
407 4878 717 4932 ἀνάπαυσιν
774 4879 1113 4950 ζητήσομεν,
1170 4881 1428 4937 οὐδέποτε
1463 4886 1778 4958 θλιϐόμενοι

190 4959 663 5032 ξινοπαθήσομεν·
701 4962 862 5033 εῐπερ
907 4964 1042 5034 μηδὲ
1106 4964 1341 5036 πύκτης,
1375 4968 1463 5020 ὅτε
1515 4971 1574 5022 ἐν
1607 4973 1778 5040 ἀγῶνί

189 5043 327 5126 ἐστι.
345 5044 651 5109 ξενοπαθεῖ.
687 5046 918 5118 ’Έτερός
936 5048 1084 5099 ἐστιν
1111 5049 1140 5099 6
1165 5049 1262 5117 τῆς
1284 5050 1526 5115 ἀνέσεως
1549 5058 1740 5126 καιρός
1759 5075 1778 5088 υ

191 5125 274 5179 διὰ
304 5126 540 5203 θλίψεως
570 5129 717 5198 ἡμᾶς
747 5130 1102 5200 τελειωθῆναι
1147 5132 1250 5188 δεῖ.
1304 5133 1364 5186 Εἰ
1415 5137 1511 5189 καὶ
1543 5138 1617 5208 μὴ
1650 5125 1775 5193 διω-

86 5273 90 5282 ,
190 5212 328 5282 γμός
357 5213 474 5265 ἐστι
496 5213 630 5282 μηδέ
665 5213 864 5281 θλῖψις,
918 5214 1035 5268 ἀλλ’
1066 5217 1204 5270 εἰσὶν
1231 5217 1416 5289 ἓτεραι
1453 5220 1681 5292 θλίψεις,
1719 5228 1774 5278 αἱ

191 5295 310 5347 καθ’
349 5293 587 5364 ἑκάστην
635 5298 855 5367 ἡμέραν
907 5300 1042 5368 ημῖν
1106 5302 1558 5369 συμπίπτουσαι·
1615 5308 1662 5359 εἰ
1719 5307 1774 5362 δὲ

191 5377 392 5461 ¹ταύτας
437 5379 501 5431 ού
537 5381 797 5450 φέρομεν,
855 5381 1019 5452 σχολῇ
1077 5399 1141 5450 γε
1187 5385 1406 5449 ἐκείνας
1453 5389 1773 5461 ἐνέγκοιμεν

193 5458 296 5544 άνϊ
317 5462 660 5544 Πειρασμὸς
675 5461 877 5544 ⁸ὑμᾶςΔ
904 5465 1015 5518 οὐκ
1065 5466 1301 5544 εἵνξηςεε,
1370 5472 1558 5541 φησὶν,
1593 5477 1645 5527 εὶ
1676 5458 1774 5544 *μὴ

192 5535 579 5620 ἀνθρώπινος.
622 5539 924 5610 Εὐχώμεθα
967 5545 1065 5611 μὲν
1102 5541 1195 5598 οὖν
1225 5547 1301 5616 τῷ
1334 5535 1454 5619 ειὲῴ
1487 5535 1561 5620 μῆ
1605 5535 1778 5607 εἰσελί-

195 5617 302 5705 θεῖν
327 5623 408 5683 είς
451 5624 765 5705 πειρασμύν
790 5641 804 5655 ·
847 5626 1191 5690 εἰσελθόντες
1231 5630 1311 5698 δὲ,
1358 5617 1618 5704 φέρωμεν
1652 5655 1775 5705 γεν-

195 5700 377 5767 ναίως.
432 5703 638 5758 Ἐκεῖνο
696 5707 795 5780 μὲν
828 5710 937 5782 γάρ
990 5714 1287 5782 σωφρόνων
1333 5700 1564 5789 ἀνδρῶν,
1603 5700 1673 5776 16'
1701 5723 1776 5793 μὴ

253 5870 279 5899 ⁸
314 5868 471 5920 Verba
499 5872 613 5922 ποῖα
649 5873 720 5935 ἀγ.
744 5889 756 5934 ;
785 5890 880 5926 non
901 5877 1045 5927 habet
1075 5880 1220 5930 εει-ει.

1896 563 2166 628 κινδύνοις
2207 563 2570 635 ἐπιρῤίπτειν
2601 557 2865 623 ἑαυτούς·
2900 555 3060 612 τοῦτο
3111 557 3170 612 δέ
3222 556 3491 623 γενναίων

1890 650 1987 701 καὶ
2024 648 2364 719 φιλοσόφων,
2393 645 2456 701 τὸ
2485 643 2742 698 ἵστασθαι
2790 641 3156 713 ἐμπεσόντας.
3209 640 3365 711 Μήτε
3395 638 3490 692 οὖν

1889 722 2314 804 έπιρρίπτωμεν
2374 730 2612 793 ἑαυτοὺς
2668 725 2888 790 ἁπλῶς·
2950 724 3295 796 θρασύτητος
3334 723 3489 792 γάρ’

1892 815 2032 886 μήτε
2092 816 2376 886 ἀγόμενοι,
2441 813 2538 867 καὶ
2582 812 2694 867 τῶν
2759 809 3109 882 πραγμάτων
3151 807 3484 871 καλούντων,

1887 897 2184 969 ἐνδιδῶμεν
2213 915 2226 928 ’
2258 896 2468 959 δειλίας
2496 897 2608 967 γάρ
2636 910 2651 926 ⁸
2683 893 2800 948 ἀλλ’
2824 893 2920 946 ἐὰν
2968 893 3069 963 μέν
3113 891 3177 944 16
3219 891 3488 961 κήρυγμα

1887 981 2052 1051 καλῇ,
2089 981 2163 1050 μὴ
2188 977 2598 1050 παραιτώμεθα
2617 995 2632 1008 ·
2669 977 2860 1040 ἀπλῶς
2881 975 2958 1038 δέ,
2991 974 3174 1039 αἰτίας
3197 973 3270 1044 μὴ
3292 973 3482 1043 οὔσης,

1890 1066 2028 1134 μήτε
2054 1063 2168 1136 [59]
2201 1064 2414 1136 χρείας,
2443 1057 2584 1134 μήτε
2612 1061 2860 1130 ἀνάγκης
2874 1059 2977 1128 τῆς
2999 1059 3144 1113 κατά
3169 1058 3485 1112 θεοσέϐειαν

1887 1147 2185 1217 καλούσης,
2228 1148 2302 1218 μὴ
2338 1147 2764 1218 ἐπιτρέχωμεν·
2811 1142 3074 1207 ἐπίδειξις
3106 1141 3214 1213 γάρ
3255 1143 3371 1194 ἐστι
3415 1139 3480 1193 16

1886 1231 2148 1300 πρᾶγμα,
2180 1231 2276 1283 καὶ
2308 1228 2595 1300 φιλοτιμία
2631 1229 2886 1299 περιττή.
2930 1225 3057 1279 Ἐἀν
3087 1225 3146 1279 δέ
3177 1243 3228 1278 τι
3249 1223 3358 1278 τῶν
3380 1223 3480 1294 τήν

1885 1312 2174 1368 εὐσέϐειαν
2225 1311 2741 1384 παραϐλαπτόντων
2791 1311 3036 1381 γίνηται,
3084 1307 3193 1362 κᾶν
3247 1307 3478 1378 μυρίους

1887 1395 2193 1466 ὑποστῆναι
2221 1395 2319 1469 δέῃ
2361 1395 2654 1460 θανάτους,
2711 1394 2878 1466 μηδὲν
2928 1391 3349 1464 παραιτώμεθα.
3385 1391 3479 1460 Μὴ

1884 1479 2200 1551 προσκαλοῦ
2233 1481 2360 1544 τοὺς
2389 1479 2758 1551 πειρασμοὺς,
2788 1481 2918 1532 ὅταν
2954 1493 3036 1531 σοι
3067 1476 3134 1530 τά
3186 1474 3328 1528 κατά
3378 1474 3478 1543 τὴν

1883 1562 2168 1618 εὐσέϐειαν
2201 1565 2464 1634 προχωρῇ
2498 1562 2573 1626 ὡς
2621 1562 2839 1626 ποθεῖςο
2885 1561 2944 1614 ,τί
3008 1560 3307 1630 περιττοὺς
3357 1560 3478 1610 ἐπι-

1883 1649 2090 1701 σπάσαι
2124 1645 2408 1711 κινδύνους
2440 1643 2595 1701 οὐδὲν
2625 1646 2820 1718 κέρδος
2859 1645 3121 1716 ἐχονταςς

1953 1805 2014 1864 ε’.
2036 1807 2224 1863 Ταῦτα
2240 1807 2386 1876 λέγω
2407 1807 2734 1879 βουλόμενος
2759 1808 2904 1879 ὑμᾶς
2923 1805 3217 1875 φυλάττειν
3236 1807 3362 1867 τοὺς
3393 1804 3480 1858 νό-

1884 1905 2020 1962 μους
2045 1890 2139 1944 τοῦ
2175 1890 2418 1962 Χριστοῦ
2456 1890 2778 1954 κελεύοντος
2811 1889 3072 1958 εὔχεσθαι
3111 1889 3185 1959 μὴ
3214 1887 3480 1941 εἰσελθεῖν

1881 1976 1961 2036 εἰς
1992 1973 2320 2043 πειρασμὸν,
2366 1975 2463 2027 καὶ
2507 1973 2832 2036 κελεύοντος
2885 1971 3051 2026 πάλιν
3103 1972 3198 2024 16v
3239 1969 3480 2041 σταυρὸν

1881 2058 2146 2121 λαϐόντας
2170 2056 2492 2112 ἀκολουθεῖν
2514 2058 2685 2128 αύτῷ.
2715 2054 2905 2110 Ταῦτα
2933 2057 3033 2124 μέν
3058 2055 3170 2132 γὰρ
3197 2055 3296 2107 οὐκ
3327 2053 3477 2106 ἔστιν

1883 2144 2124 2209 ἐναντία,
2151 2141 2287 2198 ἀλλά
2333 2143 2428 2196 καὶ
2479 2143 2687 2214 σφόδρα
2733 2141 3055 2212 συνᾴδοντα.
3115 2139 3190 2191 Σὺ
3240 2140 3338 2209 μὲν
3381 2134 3481 2191 οὖν

1881 2225 2024 2280 οὕτω
2049 2227 2438 2298 παρεσκεύασο
2469 2227 2544 2289 ὡς
2579 2222 2928 2294 στρατιώτης
2966 2224 3238 2290 γενναῖος,
3272 2224 3330 2274 ἐν
3363 2223 3481 2283 τοῖς

1879 2300 2069 2374 ὅπλοις
2110 2310 2203 2365 έσο
2249 2310 2534 2383 διηνεκῶς,
2579 2310 2792 2379 νήφων,
2851 2305 3200 2380 ἐγρηγορὼς,
3251 2305 3342 2359 ἀεὶ
3385 2304 3480 2358 τὸν

1880 2393 2144 2464 πολέμιον
2186 2393 2544 2464 προσδοκῶν·
2589 2391 2866 2461 πολέμους
2919 2390 3108 2458 μέντοι
3176 2389 3249 2458 μὴ
3285 2387 3474 2441 τίκτε·

1877 2476 2036 2529 τοῦτο
2057 2477 2166 2546 γάρ
2192 2477 2292 2529 οὐκ
2313 2477 2427 2530 ἔστι
2443 2475 2800 2548 στρατιώτου,
2820 2474 2957 2527 ἀλλά
2980 2472 3332 2525 στασιαστοῦ.
3353 2469 3482 2523 Ἐἀν

1876 2560 1990 2630 δὲή
2022 2561 2123 2630 τῆς
2157 2560 2443 2623 εὐσεϐείας
2473 2557 2715 2626 σάλπιγξ
2740 2558 2905 2627 καλῇ,
2936 2556 3143 2617 εὐθέως
3176 2555 3336 2621 ἔξιθι,
3381 2555 3478 2606 καὶ

1878 2642 2300 2711 καταφρόνησον
2329 2642 2429 2710 τῆς
2453 2641 2654 2711 ψυχῆς,
2694 2640 2791 2693 καὶ
2841 2636 3044 2708 ἔμϐηθι
3078 2638 3221 2708 με,τά
3273 2637 3480 2707 πολλῆς

1876 2726 1977 2794 τῆς
1999 2724 2319 2796 προθυμίας
2343 2727 2424 2788 είς
2453 2727 2580 2787 τοὺς
2610 2724 2855 2792 ἀγῶνας,
2886 2722 3053 2794 ῥῆξον
3086 2721 3186 2792 τὴν
3219 2721 3477 2789 φάλαγγα

1877 2809 1987 2862 τῶν
2012 2808 2295 2870 ἐναντίων,
2331 2807 2610 2878 σύγκοψον
2635 2807 2696 2860 16
2719 2807 3015 2876 πρόσωπον
3059 2807 3156 2859 τοῦ
3199 2801 3476 2866 διαϐόλου,

1881 2891 2080 2961 στῆσον
2111 2891 2173 2944 τὸ
2197 2891 2494 2964 τρόπαιον·
2531 2890 2627 2944 ἐὰν
2656 2889 2714 2943 δὲ
2742 2889 2911 2961 μηδὲν
2942 2890 3255 2960 ήεὺσέϐεια
3294 2899 3478 2959 παρα-

1877 2971 2214 3042 ϐλάπτηται,
2253 2973 2392 3043 μηδέ
2418 2972 2597 3044 πορθῇ
2651 2991 2735 3037 τις
2785 2973 2852 3026 τὰ
2908 2973 3156 3044 ἡμέτερα
3203 2972 3476 3042 δόγματα,

1876 3057 1945 3108 τὰ
1977 3056 2121 3109 κατά
2153 3057 2254 3126 τὴν
2285 3056 2466 3128 ψυχὴν
2490 3056 2657 3125 λέγω,
2698 3056 2834 3126 μηδέ
2864 3056 3155 3126 ἀναγκάζῃ
3206 3072 3259 3108 τι
3299 3057 3480 3108 ποιεῖν

1876 3137 1984 3190 τῶν
2019 3138 2094 3208 μὴ
2125 3137 2430 3191 δοκούντων
2460 3138 2540 3210 τῷ
2570 3137 2714 3208 Θεῷ,
2750 3137 2829 3208 μὴ
2868 3138 3126 3205 περιττὸς
3150 3136 3262 3191 ἔσο.
3297 3139 3481 3207 Αἱμάο

1876 3236 1985 3273 των
2023 3221 2104 3274 δεῖ
2132 3215 2326 3292 γέμειν
2371 3220 2467 3274 τὸν
2508 3219 2601 3274 τοῦ
2640 3219 2979 3290 Χριστιανοῦ
3014 3219 3152 3290 βίον,
3201 3220 3477 3288 αἱμάτων,

1877 3305 1980 3356 οὐκ
2004 3304 2062 3356 ἐν
2085 3304 2165 3373 τῷ
2204 3305 2274 3358 τά
2298 3303 2560 3374 ἀλλότρια
2606 3305 2815 3372 ἐκχεῖν,
2876 3303 2991 3355 ἀλλ’
3045 3304 3105 3355 ἐν
3139 3303 3216 3372 τῷ
3251 3303 3483 3373 ἕτοιμον

1879 3381 2018 3438 εἶναι
2044 3386 2104 3438 16
2134 3385 2333 3439 ἐαυτοῦ
2367 3387 2745 3456 ἐκχεῖν.Μετά
2773 3386 3047 3456 τοσαύτης
3070 3385 3250 3440 τοίνυν
3278 3387 3478 3456 προθυ-

1883 3470 2013 3539 μίας
2041 3469 2104 3522 16
2126 3469 2257 3522 ἴδιον
2285 3465 2426 3538 αἷμα
2477 3470 2785 3540 ἐκχέωμεν,
2826 3470 2957 3522 ὅταν
3015 3471 3157 3542 ὑπὲρ
3211 3469 3307 3524 τοῦ
3340 3472 3485 3540 Χρι-

1883 3552 2010 3605 στοῦ
2039 3552 2196 3606 τοῦτο
2249 3547 2310 3622 ᾗ,
2352 3552 2472 3621 μεθ’
2512 3553 2646 3621 ὂσης
2695 3551 2762 3606 ἀν
2805 3552 2959 3624 ὕδωρ
3003 3571 3090 3617 τις
3144 3555 3326 3625 ἐκχέοι
3361 3556 3483 3623 (καὶ

1882 3636 1990 3707 γὰρ
2015 3635 2162 3706 ’ύδωρ
2178 3636 2296 3687 ἐστί
2312 3637 2375 3688 16
2403 3632 2547 3705 αἷμα
2565 3636 2858 3706 περιρρέον
2887 3636 2950 3689 τὸ
2971 3635 3163 3708 σῶμα)
3180 3654 3193 3667 ’
3214 3639 3310 3690 καὶ
3339 3639 3483 3705 μετά

1879 3719 2154 3788 τοσαύτης
2179 3718 2434 3782 εὐκολίας
2460 3719 2562 3788 τὴν
2584 3721 2765 3790 σάρκα
2791 3719 3178 3791 ἀποδυώμεθα,
3207 3722 3479 3792 μεθ’ὅσης

1881 3805 1948 3858 ἂν
1973 3805 2066 3856 καὶ
2091 3803 2152 3856 16
2193 3803 2431 3874 ἱμάτιον.
2457 3802 2630 3855 Τοῦτο
2655 3802 2711 3854 δέ
2741 3802 2926 3867 ἔσται,
2954 3803 3055 3858 ἐὰν
3091 3805 3166 3876 μὴ
3196 3808 3480 3878 χρήμασιν

1881 3882 2033 3958 ὦμεν
2066 3885 2510 3957 προσδεδεμένοι,
2558 3886 2625 3938 ἂν
2660 3884 2735 3956 μὴ
2775 3886 3001 3950 οίκίαις,
3057 3887 3128 3940 ἂν
3185 3890 3260 3960 μή
3309 3907 3481 3960 προσ-

1881 3969 2088 4040 παθείᾳ
2103 3968 2212 4020 τῶν
2243 3969 2532 4038 παρόντων
2552 3961 2704 4038 ὦμεν
2722 3968 2749 4007 ι’
2770 3969 3180 4040 ἀπηρτημένοι.
3213 3972 3274 4024 Εἰ
3299 3972 3408 4043 γὰρ
3428 3974 3482 4025 οἱ

1879 4052 1971 4106 τὸν
1997 4051 2395 4121 στρατιωτικὸν
2427 4050 2620 4105 τοῦτον
2646 4050 2761 4120 βίον
2794 4050 3002 4116 ζῶντες
3039 4056 3207 4108 πᾶσιν
3231 4056 3480 4109 ἀποτάσ-

1883 4145 2092 4194 σονται,
2128 4134 2222 4186 καὶ
2262 4133 2394 4188 ἔνθα
2426 4134 2541 4187 ἂνδ
2580 4133 2818 4204 πόλεμος
2861 4134 3025 4208 καλῇ,
3064 4139 3187 4190 ἐκεῖ
3225 4139 3473 4209 παραγί-

1881 4233 2065 4269 νονται
2095 4218 2192 4270 καὶ
2231 4214 2602 4285 ὁδοιποροῦσι,
2640 4219 2733 4270 καὶ
2766 4217 2949 4271 πάντα
2991 4220 3132 4290 μετὰ
3164 4222 3482 4291 προθυμίας

1883 4299 2220 4368 ὑπομένουσι
2247 4310 2264 4329 ⁸
2295 4298 2481 4368 πολλῷ
2520 4298 2722 4369 μᾶλλον
2753 4302 2906 4371 ἡμᾶς
2937 4303 3064 4364 τοὺς
3093 4302 3189 4354 τοῦ
3237 4304 3487 4374 Χριστοῦ

1882 4380 2226 4451 στρατιώτας
2249 4380 2394 4436 οὕτω
2430 4383 2962 4452 παρασκευάζεσθαι
2996 4384 3123 4456 χρὴ,
3166 4387 3263 4439 καὶ
3295 4405 3484 4458 παρα-

1880 4465 2180 4518 τάττεσθαι
2209 4465 2348 4537 πρδς
2380 4464 2473 4517 16v
2512 4464 2752 4534 πόλεμον
2788 4465 2902 4518 τῶν
2936 4467 3157 4521 παθῶν..
3206 4471 3320 4522 Ούκ
3364 4470 3483 4523 ἔστι

1880 4548 2124 4620 διωγμὸς
2146 4548 2262 4615 νῦν,
2294 4549 2430 4620 μηδὲ
2460 4548 2671 4616 γένοιτο
2692 4548 2947 4617 γενέσθαι
2970 4553 3124 4604 ποτέο
3146 4553 3260 4605 ἀλλ’
3291 4555 3377 4607 ἐτε
3389 4572 3483 4624 ρος

1881 4631 2122 4701 πόλεμός
2144 4633 2318 4694 ἐστιν,
2344 4633 2375 4685 6
2397 4631 2501 4702 τῆς
2521 4629 2634 4684 τῶν
2655 4633 2958 4702 χρημάτων
2975 4635 3297 4705 ἐπιθυμίας,
3330 4639 3358 4690 6
3380 4638 3481 4706 τῆς

1882 4713 1998 4786 [60]
2054 4713 2380 4784 βασκανίας,
2418 4717 2447 4767 6
2488 4714 2598 4767 τῶν
2648 4715 2826 4770 ἀλλων
2873 4717 3086 4774 παθῶν.
3132 4719 3334 4774 Τοῦτον
3386 4721 3485 4773 τὸν

1881 4799 2118 4869 πόλεμον
2164 4799 2526 4869 διηγούμενος
2582 4801 2611 4853 6
2653 4800 2864 4865 Παῦλός
2908 4819 3115 4874 φησιν’
3144 4807 3269 4859 Οὐκ
3308 4808 3482 4861 ἐστιν

1880 4881 2029 4950 ἡμῖν
2053 4883 2092 4950 ἠ
2129 4881 2293 4950 πάλη
2332 4881 2482 4949 πρὸς
2522 4876 2668 4953 αἷμα
2714 4885 2814 4937 καὶ
2858 4885 3078 4952 σάρκα.
3125 4888 3235 4942 Ἀεὶ
3259 4884 3414 4955 οὗτος
3452 4893 3486 4943 6

1882 4964 2122 5036 πόλεμος
2156 4967 2444 5035 ἐνέστηκε.
2479 4967 2578 5018 Διά
2601 4967 2762 5020 τοῦτο
2791 4968 2880 5021 ἀεὶ
2919 4969 3306 5041 ὡπλισμένους
3331 4975 3480 5044 ἡμᾶς

1880 5049 2106 5102 ἑστάναι
2145 5047 2415 5118 βούλεται.
2451 5049 2638 5118 Στῆτε
2688 5046 2822 5114 οὖν,
2865 5053 3024 5122 φησι,
3071 5054 3482 5124 περιζωσάμε-

1879 5149 1974 5184 νοι
2004 5149 2017 5163 ·
2070 5133 2209 5203 ὅπερ
2265 5133 2359 5186 καὶ
2395 5133 2530 5185 αὐτὸ
2575 5130 2876 5197 ἐνεστῶτός
2934 5137 3052 5187 ἐστι
3093 5137 3334 5206 καιροῦ·
3385 5141 3482 5191 καὶ

1880 5214 2163 5284 ἐνέφηνεν,
2189 5217 2273 5267 ὅτι
2315 5216 2404 5268 ἀεὶ
2448 5216 2531 5267 δεῖ
2565 5215 2911 5280 ὁπλίζεσθαι.
2963 5217 3140 5282 Πολὺς
3172 5223 3282 5292 γάρ
3321 5225 3348 5274 6
3378 5223 3480 5276 716-

1879 5298 2045 5368 λεμος
2075 5300 2162 5351 διὰ
2189 5297 2467 5370 γλώσσης,
2490 5300 2659 5363 πολὺς
2687 5301 2755 5353 δι’
2780 5301 3080 5372 ὀφθαλμῶν
3111 5321 3122 5334 '
3155 5306 3347 5358 τοῦτον
3374 5311 3480 5360 τοί-

1881 5400 1978 5434 νυν
2003 5383 2325 5454 κατέχωμεν
2357 5401 2369 5413 ’
2408 5383 2578 5447 πολὺς
2606 5385 2634 5436 6
2666 5385 2774 5437 τῶν
2822 5386 3150 5456 ἐπιθυμιῶν.
3188 5389 3287 5442 Διά
3318 5391 3479 5444 τοῦτο

1878 5467 2090 5520 ἐκεῖθεν
2151 5465 2382 5537 ἄρχεται
2433 5467 2791 5532 καθοπλίζειν
2845 5469 2937 5522 16v
2985 5470 3333 5542 στρατιώτην
3381 5474 3484 5526 τοῦ

1878 5551 2141 5623 Χριστοῦ.
2200 5549 2391 5618 Στῆτε
2449 5551 2580 5620 γὰρ,
2639 5552 2795 5621 φησὶ,
2849 5553 3314 5622 περιζωσάμενοι
3365 5556 3481 5624 τὴν

1879 5635 2083 5705 ὀσφὺν
2121 5633 2291 5703 ὑμῶν
2319 5652 2332 5664 ’
2387 5636 2482 5688 καὶ
2523 5637 2828 5706 ἐπήγαγεν,
2896 5640 3000 5692 Ἐν
3049 5639 3323 5707 ἀληθείᾳ.
3377 5643 3481 5695 Διά

1939 5830 1968 5871 b
2004 5828 2186 5900 Beg‘gq
2231 5829 2473 5900 ﬂammei.
2506 5837 2557 5883 et
2591 5847 2748 5897 marg.
2779 5834 2954 5893 Savil.,
2979 5837 3034 5883 ἆν
3061 5836 3124 5898 μὴ
3158 5838 3478 5900 προσπαθεια,

1883 5893 1939 5939 ἂν
1974 5891 2038 5952 μή
2065 5892 2254 5938 πάντων
2275 5892 2420 5952 ὦμεν,
