4020 6408
175 327 242 383 55
994 318 1061 377 IN
1098 316 1315 375 EPIST.
1356 315 1447 371 AD
1486 308 1844 369 IIEBRJEUS.
1887 305 2043 365 CAP.
2084 302 2173 360 ill.
2215 298 2448 358 llOMiL.
2492 296 2584 350 Π.
3406 282 3474 334 δι

164 444 375 502 quoque
426 437 511 483 est
563 425 843 497 prtescntis
886 425 1147 492 temporis
1191 439 1204 475 :
1245 431 1298 477 et
1343 426 1576 477 ostendit
1622 421 1766 490 quod

163 528 408 590 oporteat
423 532 641 588 semper
665 514 880 571 armari.
902 513 1152 583 Magnum
1171 512 1312 567 enim
1332 521 1417 566 est
1441 512 1641 566 bellum
1667 526 1766 582 per

164 614 427 683 linguam,
456 624 707 680 magnum
733 622 831 676 per
856 606 1045 660 oculos
1067 622 1080 657 :
1100 604 1201 658 hoc
1225 618 1353 674 ergo
1379 603 1763 659 cohibeamus:

157 718 413 772 magnum
438 711 520 755 est
539 699 738 755 bellum
767 698 1138 767 cupiditatum.
1159 695 1607 763 Praptereaillinc
1626 695 1756 750 inci-

156 796 235 862 pit
260 809 474 850 armare
497 792 722 847 militem
752 790 951 845 Christi
990 809 1002 843 :
1039 789 1185 845 State
1206 788 1372 853 enim,
1395 789 1566 856 inquit
1590 831 1605 855 ,
1638 805 1756 842 sue-

154 887 307 939 cincti
334 884 533 939 lumbos
554 894 742 938 uestros
760 900 777 947 ;
797 892 851 938 et
878 881 1175 950 subjuuxit,
1199 878 1262 933 In
1297 880 1522 935 veritate.
1553 879 1753 949 Quare,

159 975 223 1028 In
254 976 500 1029 ueritate?
530 974 627 1027 Est
645 974 787 1028 enim
817 970 1277 1042 cupiditasillusio
1302 980 1356 1025 et
1391 969 1755 1036 mendacium,

157 1078 213 1120 ut
232 1068 364 1123 dicit
388 1066 585 1121 alicubi
613 1065 777 1120 David
803 1083 815 1115 :
843 1063 1023 1117 Lumbi
1050 1063 1147 1116 mei
1186 1061 1382 1132 impleti
1410 1072 1528 1115 sunt
1554 1061 1759 1116 illusio-

159 1160 309 1213 nibus
323 1157 495 1229 (Psal.
517 1158 612 1213 57.
638 1155 715 1227 8).
735 1156 852 1211 Non
867 1167 948 1210 est
977 1170 1037 1209 ea
1059 1170 1147 1209 res
1169 1155 1433 1223 voluptas,
1459 1152 1551 1208 sed
1570 1153 1762 1208 umbra

158 1250 473 1320 voluptatis.
493 1249 639 1313 Ideo,
658 1247 940 1309 Succincti,
958 1246 1149 1315 inquit,
1169 1245 1369 1299 lumbos
1396 1253 1587 1299 uestros
1613 1245 1663 1298 iu
1684 1260 1758 1299 uc-

155 1343 309 1396 ritate
326 1358 346 1396 :
362 1342 466 1397 hoc
489 1350 594 1406 est,
626 1340 678 1395 in
696 1355 824 1395 vera
838 1329 1131 1407 voluptate,
1153 1337 1436 1403 modestia,
1452 1336 1754 1393 honestate.

224 1432 323 1488 Ira
363 1446 436 1487 est
463 1434 572 1501 [era
615 1430 852 1501 qtttcdam
878 1428 1182 1484 cohibenda.
1204 1457 1278 1468 —
1308 1428 1600 1499 Propterea
1635 1427 1750 1484 bazc

156 1529 371 1591 suadet,
392 1525 583 1581 videns
614 1523 817 1595 peccati
846 1522 1261 1588 absurditatem,
1283 1531 1337 1577 et
1362 1521 1549 1578 volens
1578 1522 1759 1576 omnia

159 1620 403 1675 membra
450 1625 637 1671 nostra
684 1629 809 1670 esse
867 1615 1288 1684 circumquaque
1348 1614 1553 1667 munita
1600 1632 1614 1668 :
1667 1612 1759 1666 Ira

156 1713 301 1769 enim
328 1753 346 1778 ,
379 1711 555 1780 inquit
578 1751 593 1775 ,
622 1709 816 1778 iniusta
844 1723 947 1761 non
997 1708 1089 1760 erit
1116 1707 1292 1760 insons
1320 1704 1509 1777 (Eccli.
1540 1707 1592 1762 l.
1618 1704 1711 1775 ἓξ)
1742 1724 1756 1761 :

156 1812 212 1858 et
243 1801 355 1857 vult
383 1817 480 1856 nos
512 1799 660 1855 indui
685 1798 851 1853 lorica
878 1807 934 1853 et
962 1808 1138 1853 scuto.
1168 1798 1250 1852 lra
1272 1798 1416 1853 enim
1439 1808 1522 1853 est
1544 1798 1652 1854 fera
1677 1797 1760 1851 fa-

157 1897 262 1953 cile
306 1895 552 1950 insiliens
587 1910 601 1947 :
635 1902 690 1946 et
734 1891 883 1945 mille
920 1890 1074 1945 nobis
1123 1890 1274 1945 vallis
1302 1901 1359 1946 et
1402 1891 1571 1961 septis
1622 1904 1759 1959 opus

156 1987 261 2041 crit
280 1985 348 2040 ad
376 1999 496 2039 eam
525 1982 885 2053 superandam
912 1990 966 2035 et
985 1980 1365 2035 cohibendum.
1384 1981 1451 2036 Et
1477 1988 1759 2051 promet-ca

158 2078 392 2133 maxime
445 2074 586 2129 bane
644 2084 851 2145 partem
914 2072 1203 2128 tedilicavit
1266 2073 1425 2128 nobis
1490 2073 1636 2127 Deus
1688 2088 1755 2129 ex

155 2169 397 2235 ossibus,
430 2177 706 2238 tamquam
735 2183 800 2221 ex
830 2166 1153 2237 quibusdam
1186 2165 1474 2236 lapidibus,
1510 2165 1679 2221 fulcro
1707 2175 1759 2221 et

158 2260 495 2315 munimento
529 2259 580 2313 ei
607 2257 1019 2328 circumposito,
1054 2272 1120 2311 ne
1151 2256 1236 2311 bis
1282 2256 1574 2327 aliquando
1613 2256 1762 2311 diru-

156 2352 264 2421 ptis
299 2360 357 2408 et
395 2351 679 2416 dissectis,
715 2359 883 2404 totum
916 2350 1209 2419 perimeret
1248 2349 1468 2403 animal.
1503 2348 1643 2419 Ignis
1674 2356 1759 2405 est

153 2447 338 2509 cnim,
372 2445 584 2515 inquit,
633 2454 687 2499 et
734 2457 927 2514 magna
973 2451 1308 2513 tempestas,
1351 2450 1405 2497 et
1459 2457 1568 2496 non
1615 2439 1761 2496 aliud

164 2582 319 2592 -—_—.

1874 409 2179 467 membrum
2200 407 2340 463 banc
2366 406 2471 460 vim
2492 404 2834 459 sustinuerit.
2868 403 3060 457 Dicunt
3094 406 3256 458 etiam
3284 402 3481 458 medici

1872 520 1935 560 ea
1984 502 2052 559 de
2095 515 2257 557 causa
2288 498 2441 555 cordi
2481 497 2818 553 substratum
2864 509 2987 550 esse
3034 493 3348 565 pulmonem
3373 535 3387 559 ,
3422 505 3483 548 ut

1874 597 2052 667 ipsum
2081 608 2177 648 cor
2199 634 2213 656 ,
2242 607 2364 646 cum
2410 590 2485 644 sit
2517 589 2569 641 in
2602 587 2750 643 molli
2779 630 2794 653 ,
2826 595 3098 656 tamquam
3140 585 3193 639 in
3244 584 3478 653 aliquam

1870 688 2118 743 insiliens
2144 683 2425 754 spongiam
2454 724 2467 744 ,
2499 680 2837 751 requiescat;
2890 692 2997 732 non
3047 685 3225 732 autem
3256 678 3307 730 in
3340 678 3479 731 resi-

1870 790 2022 834 stens
2050 788 2108 833 et
2144 777 2339 832 durum
2368 783 2556 844 pectus
2576 813 2592 839 ,
2624 787 2693 827 ne
2724 769 2951 826 ltcdatur
2978 769 3184 839 impetu
3215 766 3474 821 saltuum.

1868 874 2017 943 Opus
2040 881 2125 930 est
2150 886 2281 941 ergo
2312 869 2470 924 nobis
2489 867 2655 922 lorica
2676 864 2876 929 valida,
2907 869 2967 917 ut
2996 862 3136 916 banc
3164 861 3330 915 feram
3352 874 3481 930 per-

1868 964 2031 1034 petuo
2074 970 2362 1019 conservet
2409 962 2461 1014 in
2512 959 2737 1030 quiete:
2772 970 2909 1027 opus
2961 962 3047 1009 est
3082 962 3263 1007 autem
3313 950 3474 1004 nobis

1878 1063 2040 1115 etiam
2085 1058 2262 1131 galea.
2291 1057 2426 1112 Nam
2467 1053 2724 1125 quoniam
2758 1052 2869 1107 illic
2892 1058 2979 1107 est
3009 1048 3239 1105 facultas
3266 1046 3483 1103 ratioci-

1871 1151 2071 1217 nandi,
2103 1161 2159 1209 et
2201 1166 2269 1206 ex
2300 1150 2403 1205 boe
2448 1156 2631 1219 potest
2674 1146 2759 1201 vel
2804 1144 3045 1207 servari,
3092 1140 3312 1214 quando
3346 1139 3484 1218 fiunt

1871 1260 1994 1315 qum
2037 1250 2288 1314 oportet;
2320 1242 2404 1297 vel
2454 1240 2635 1312 perire
2659 1282 2674 1303 ,
2698 1237 2915 1310 quando
2944 1250 3105 1292 secus
3139 1254 3152 1290 ε
3192 1245 3482 1305 propterea

1872 1335 2067 1406 inquit,
2106 1333 2169 1388 Et
2197 1335 2398 1405 galeam
2423 1331 2628 1387 salutis.
2659 1328 2792 1385 Nam
2821 1328 3108 1397 cerebrum
3133 1326 3353 1397 quidem
3385 1338 3485 1379 na-

1875 1439 1990 1482 tura
2024 1437 2108 1483 est
2137 1426 2337 1491 molle;
2367 1435 2423 1480 et
2451 1425 2572 1479 ideo
2604 1422 2835 1490 quadam
2869 1421 3032 1477 veluti
3068 1429 3201 1475 testa
3239 1432 3477 1488 superne

1874 1522 2076 1592 tegitur
2100 1520 2363 1576 calvaria.
2397 1519 2496 1575 Est
2523 1525 2703 1573 autem
2733 1514 2891 1571 nobis
2920 1530 3084 1571 causa
3114 1512 3354 1567 ontnium
3388 1511 3486 1565 be-

1876 1632 2067 1669 oorum
2100 1612 2486 1677 etmalorum,
2521 1610 2665 1680 quod
2710 1617 3005 1679 cognoscat
3050 1615 3101 1661 et
3150 1620 3269 1676 qum
3292 1604 3485 1673 juvant

1862 1724 1919 1765 et
1978 1724 2095 1777 qua:
2132 1717 2331 1760 nocere
2368 1702 2758 1772 possnntJam
2802 1716 2933 1755 vero
2980 1698 3144 1768 pedes
3184 1712 3398 1766 quoque
3429 1703 3485 1747 et

1871 1814 2065 1855 manus
2092 1800 2246 1855 nobis
2275 1799 2445 1855 annis
2476 1798 2718 1869 indigent
2749 1814 2764 1853 :
2794 1813 2904 1853 non
2932 1795 3022 1852 ba:
3072 1810 3263 1851 manus
3307 1808 3484 1864 neque

1874 1891 1926 1945 hi
1961 1891 2125 1961 pedes
2151 1932 2167 1955 .
2200 1889 2295 1946 scd
2346 1904 2536 1945 rursus
2566 1888 2731 1959 pedes
2783 1899 2839 1944 et
2889 1902 3084 1942 manus
3122 1887 3320 1941 anima:
3350 1904 3363 1940 :
3397 1885 3486 1939 lue

1876 1982 2093 2053 quidem
2125 1998 2245 2054 qua:
2274 1991 2492 2052 oportet
2523 1979 2882 2045 meditantes,
2912 1979 2985 2033 illi
3035 1988 3217 2033 autem
3249 1988 3307 2031 ut
3350 1986 3479 2031 cant

1876 2089 1984 2145 quo
2010 2074 2190 2131 decet.
2218 2073 2311 2130 Sic
2332 2088 2463 2144 ergo
2492 2087 2590 2127 nos
2615 2086 2916 2137 armemus,
2948 2079 3004 2127 et
3032 2068 3331 2140 poterimus
3354 2067 3426 2123 lto
3456 2095 3482 2107 ι-

1874 2176 1985 2222 stes
2001 2181 2282 2237 superare,
2306 2176 2361 2223 et
2383 2179 2583 2220 corona
2609 2162 2851 2219 victoria:
2880 2162 3147 2225 redimiri,
3182 2160 3236 2216 in
3266 2160 3485 2215 Christo

1871 2256 1999 2313 Jesu
2024 2258 2254 2313 Domino
2285 2266 2498 2320 nostro,
2528 2270 2652 2311 cum
2679 2270 2788 2325 quo
2811 2253 2980 2316 Patri,
3001 2253 3271 2324 simulque
3294 2264 3486 2307 saneto

1870 2349 2097 2421 Spiritui
2123 2349 2330 2421 gloria,
2362 2356 2625 2419 potestas,
2658 2346 2868 2412 honor,
2899 2360 3044 2401 Illlllc
3064 2354 3116 2400 et
3145 2360 3396 2413 semper,
3429 2355 3483 2396 et

1873 2440 1926 2495 in
1949 2442 2145 2496 sucula
2173 2442 2519 2497 seculorum.
2555 2442 2751 2497 Amen.

2391 2574 2544 2582 -o—m

1558 2626 1909 2691 HOMILIA
1952 2628 2059 2689 Vl.

152 2784 283 2838 Car.
310 2786 364 2838 5.
400 2799 450 2836 γ.
487 2782 541 2836 7.
578 2781 920 2850 Quapmpter,
950 2777 1082 2830 sicut
1125 2776 1249 2829 dicit
1276 2773 1505 2843 Spiritus
1530 2781 1761 2839 sanctus,

230 2875 403 2945 llodie
418 2876 464 2930 si
486 2890 655 2929 vocem
681 2874 789 2944 ejus
816 2868 1105 2933 audieritis,
1125 2867 1180 2923 8.
1210 2867 1366 2921 nolite
1378 2865 1631 2920 obdurare
1647 2880 1766 2919 cor-

224 2970 295 3023 da
337 2977 539 3030 vestra,
576 2967 703 3020 sicut
747 2965 802 3018 in
852 2960 1270 3025 exacerbatione,
1315 2958 1594 3012 secundum
1625 2956 1763 3010 diem

230 3059 528 3114 tentationis
554 3058 605 3111 in
631 3057 829 3111 deserto
847 3094 861 3121 ,
885 3053 971 3107 ubi
1012 3057 1331 3107 tentaverunt
1376 3063 1455 3103 nte
1482 3057 1653 3117 patres
1676 3062 1765 3101 vc-

222 3154 358 3212 stri;
390 3150 730 3221 probaverunt
756 3163 853 3211 me,
882 3154 927 3199 et
951 3144 1186 3198 viderunt
1215 3156 1371 3213 opera
1392 3156 1503 3193 mea
1526 3138 1761 3209 quadra-

229 3248 376 3316 ginta
404 3244 577 3296 annis.
602 3240 692 3296 10.
732 3238 954 3307 Propter
996 3236 1133 3308 quod
1162 3233 1388 3301 oﬂ'ensus
1427 3232 1503 3300 [ui
1546 3247 1765 3303 genera-

223 3338 353 3392 tioni
381 3336 520 3400 huic,
549 3344 595 3387 et
625 3333 733 3386 dixi
771 3348 789 3385 :
821 3330 1039 3399 Semper
1057 3339 1230 3383 errant
1252 3326 1404 3379 corde
1429 3339 1448 3379 :
1473 3324 1571 3393 ipsi
1593 3332 1764 3376 autem

225 3448 331 3485 non
360 3434 706 3500 cognoverunt
735 3424 842 3478 vias
861 3438 1021 3477 meas.
1048 3420 1135 3475 H.
1163 3417 1230 3474 Ut
1246 3417 1423 3488 jurat-i
1451 3416 1503 3469 in
1526 3416 1603 3469 ira
1626 3431 1761 3481 mea,

226 3524 291 3578 Si
334 3518 619 3575 introibunt
650 3517 701 3570 in
730 3517 953 3587 requiem
979 3529 1164 3567 meam.

228 3616 280 3668 l.
305 3613 443 3669 Cum
469 3610 534 3664 de
563 3606 1027 3679 spedisseruisset
1047 3603 1266 3663 Paulus.
1298 3611 1351 3656 et
1376 3599 1762 3671 dixissetquod

160 3707 355 3762 Domus
380 3706 489 3776 ejus
516 3719 707 3765 sumus,
740 3701 781 3753 si
816 3698 1061 3768 ﬁduciam
1090 3707 1135 3750 et
1165 3695 1521 3767 gloriationem
1550 3694 1660 3762 spei
1695 3693 1765 3746 ad

154 3802 311 3869 ﬁnem
334 3800 540 3867 ﬁrmam
563 3796 872 3850 retineamus
901 3808 920 3847 :
942 3790 1048 3861 iam
1076 3789 1316 3845 ostendit
1341 3787 1482 3859 quod
1512 3794 1762 3857 oporteat

155 3900 386 3956 firmiter
443 3904 790 3967 exspectare.
852 3893 1012 3961 idque
1068 3891 1260 3960 probat
1321 3902 1388 3943 ex
1446 3885 1761 3956 Scripturis.

153 3991 436 4048 Attendite
488 3997 667 4043 autem
699 4004 713 4041 :
743 3984 1018 4041 difﬁcilius
1061 3984 1204 4039 enim
1245 3980 1376 4037 illud
1405 3980 1545 4035 dixit
1583 3988 1640 4036 ct
1696 3978 1764 4036 ad

152 4079 723 4154 comprehendendum
755 4076 1060 4132 obscurius.
1107 4074 1471 4143 Quamobrem
1523 4080 1764 4141 Oportet,

152 4192 279 4231 cum
332 4190 455 4245 qua:
507 4180 693 4227 nostra
750 4177 877 4223 sunt
924 4165 1253 4230 dixerimus;
1307 4173 1361 4219 ct
1383 4172 1553 4218 totum
1607 4179 1767 4233 argu-

156 4278 401 4323 mentum
426 4279 522 4319 vos
552 4262 785 4317 breviter
815 4258 1184 4322 docuerimus,
1216 4256 1289 4311 ita
1343 4254 1615 4311 deducere
1643 4268 1767 4308 ora-

157 4362 364 4414 tionem
410 4356 478 4412 ad
520 4370 582 4410 ea
614 4368 737 4425 quae
790 4352 989 4422 scripta
1044 4360 1172 4403 sunt
1211 4366 1226 4401 :
1282 4346 1438 4401 nobis
1476 4346 1764 4401 enimnon

158 4453 397 4522 amplius
425 4448 679 4521 egebitis,
711 4445 761 4501 si
793 4458 1016 4513 scopum
1047 4452 1102 4496 et
1134 4440 1438 4495 institutum
1468 4437 1770 4493 didiceritis

157 4543 542 4615 aposmlicum.
574 4538 656 4594 Ab
681 4552 748 4593 eo
786 4536 855 4591 de
880 4549 976 4603 5pc
1013 4532 1306 4603 agebatur,
1338 4541 1391 4585 et
1418 4528 1561 4599 quod
1594 4526 1769 4582 futura

162 4649 390 4706 sperare
440 4639 722 4700 Oporteat,
778 4637 831 4682 et
863 4624 1007 4696 quod
1038 4625 1105 4679 iis
1150 4624 1241 4694 qui
1275 4622 1362 4677 hic
1405 4620 1773 4676 laboraverint

162 4728 273 4782 erit
301 4738 518 4781 merces
562 4723 743 4792 aliqua
774 4728 831 4774 et
875 4717 1086 4773 fructus
1126 4726 1185 4771 et
1212 4714 1445 4785 requies.
1472 4713 1587 4769 lloe
1633 4728 1765 4784 ergo

165 4818 409 4873 ostendit
456 4831 521 4872 ex
566 4814 827 4885 prepheta
864 4823 964 4866 :et
1002 4810 1131 4881 quid
1175 4808 1351 4864 dicit?
1400 4806 1730 4875 Quapropter
1754 4848 1770 4874 ,

162 4916 296 4968 sicut
324 4912 449 4965 dicit
480 4908 706 4976 Spiritus
733 4916 957 4971 sanctus,
989 4904 1034 4958 11
1043 4904 1177 4970 odie,
1206 4904 1253 4958 si
1282 4918 1451 4956 vocem
1475 4902 1586 4972 ejus
1598 4902 1775 4954 audie-

166 5003 281 5056 ritis
302 5044 318 5067 ,
352 5001 507 5054 nolite
536 4998 787 5055 obdurare
810 4997 971 5052 calda
999 5007 1163 5051 ucstra
1185 5038 1200 5061 ,
1230 4996 1359 5052 sicut
1406 4997 1459 5051 in
1488 4996 1767 5051 exacerba-

165 5090 326 5156 tione,
357 5090 637 5147 secutidum
666 5089 802 5144 diem
826 5088 1115 5143 tcntationis
1144 5088 1198 5142 in
1236 5089 1459 5155 deserto,
1487 5088 1573 5142 ubi
1602 5098 1769 5142 tenta-

164 5194 348 5240 uerunt
384 5199 471 5245 me
507 5191 675 5253 patres
716 5179 902 5246 vestri,
945 5180 1281 5241 probauerunt
1321 5195 1420 5249 me,
1449 5190 1495 5232 et
1538 5180 1771 5233 viderunt

166 5296 326 5343 arma
375 5293 486 5331 mea
535 5274 878 5343 quadraginta
905 5272 1071 5325 annis.
1108 5270 1333 5341 Propter
1360 5272 1501 5341 quod
1542 5272 1769 5339 o/Tenstts

168 5374 245 5439 [ui
278 5368 598 5442 generationi
640 5366 759 5420 huic
784 5406 799 5429 ,
850 5373 898 5417 et
936 5363 1048 5418 dixi
1075 5379 1094 5417 :
1120 5363 1337 5428 Semper
1363 5375 1538 5419 errant
1570 5368 1723 5419 corde
1752 5381 1771 5417 :

170 5465 273 5531 ipsi
301 5472 474 5515 autem
509 5475 612 5512 non
645 5466 983 5529 cognoverunt
1035 5455 1141 5511 vias
1185 5472 1341 5510 uaeas.
1370 5455 1564 5523 Quibus
1594 5457 1770 5525 juraei

170 5558 221 5609 in
246 5556 326 5608 ira
355 5568 499 5614 mea.
528 5548 590 5606 Si
620 5547 897 5603 introibunt
914 5547 969 5601 in
994 5547 1215 5619 requiem
1244 5562 1411 5601 meam
1476 5545 1649 5614 (Psal.
1674 5546 1764 5602 οι.

199 5646 345 5715 οιι).
371 5644 546 5701 'Dicit
576 5652 687 5697 tres
713 5658 834 5697 esse
855 5640 1064 5712 quietes
1094 5658 1107 5694 :
1143 5655 1305 5694 uuam
1328 5639 1556 5705 sabbati,
1587 5640 1639 5693 in
1662 5654 1766 5711 qua

247 5787 257 5812 '
290 5782 379 5831 ιῐέι·
402 5778 539 5829 Coll».
565 5773 812 5824 bomilietu
835 5773 1023 5834 incipit.

478 5900 746 5958 l‘s'rttt)t..
808 5899 923 5957 (in.
984 5901 1175 5960 LXiii

1883 2773 2024 2830 Deus
2041 2770 2242 2842 quievit
2258 2768 2326 2822 ab
2344 2766 2599 2837 operibus
2611 2763 2726 2819 suis
2750 2781 2764 2817 ε
2784 2760 3076 2818 secundam
3095 2759 3486 2823 Palmstinteﬁn

1879 2880 2039 2936 quam
2070 2857 2654 2932 iugressiJudazicrant
2670 2852 2903 2924 quieturi
2929 2868 2960 2908 a
2988 2850 3158 2907 multa
3186 2849 3487 2907 afﬂictione

1882 2966 1936 3011 et
1954 2951 2496 3010 laboribus:tcrtiam
2517 2991 2533 3014 ,
2564 2962 2686 3019 qua:
2713 2962 2845 3002 vere
2873 2954 2957 3000 est
2983 2944 3159 3015 quies,
3181 2957 3376 3013 nempe
3405 2957 3492 2997 re-

1880 3063 2043 3119 gnum
2057 3046 2503 3113 caelorum,quam
2519 3039 2795 3110 assequuti
2811 3053 2938 3094 vere
2950 3037 3275 3108 quiescunta
3290 3035 3493 3091 labori-

1882 3141 1981 3196 bus
2010 3150 2063 3194 et
2090 3137 2492 3193 afﬂictionibus.
2508 3134 2692 3188 Trium
2710 3148 2839 3204 ergo
2864 3131 2951 3187 hic
2970 3130 3234 3186 meminit.
3256 3131 3323 3185 Et
3361 3145 3493 3201 qua.

1884 3248 2008 3288 nam
2031 3231 2099 3286 de
2114 3244 2277 3286 causa
2290 3227 2358 3283 de
2380 3242 2485 3283 una
2510 3226 2737 3297 loquens
2763 3225 2921 3279 trium
2939 3223 3216 3278 meminit?
3232 3222 3495 3279 UtoSten-

1882 3328 2034 3383 deret
2056 3321 2469 3396 prophetam'de
2492 3320 2593 3375 bac
2618 3319 2785 3389 loqui.
2814 3318 2946 3373 Nam
2980 3317 3047 3371 de
3070 3317 3264 3386 prima,
3299 3316 3492 3387 inquit,

1887 3435 1991 3473 non
2010 3413 2468 3486 dixit:quomodo
2486 3411 2629 3467 enim
2652 3409 2721 3466 de
2749 3425 2810 3465 ca
2833 3425 2952 3479 quae
2968 3408 3067 3463 fuit
3091 3408 3255 3463 olim?
3272 3406 3366 3462 sed
3395 3421 3497 3462 nec

1884 3513 1952 3568 de
1978 3509 2215 3567 secunda
2240 3523 2362 3579 qua:
2409 3506 2507 3561 fuit
2536 3505 2587 3559 in
2625 3502 2908 3559 Palaestina
2940 3519 2953 3554 :
2978 3501 3259 3572 quomodo
3299 3498 3495 3556 enim?

1888 3606 1999 3675 ipsa
2031 3602 2175 3658 enim
2208 3600 2274 3654 ad
2306 3599 2511 3655 exitum
2537 3594 2792 3665 perducta
2833 3602 2935 3647 et.
2968 3592 3161 3648 Restat
3191 3600 3247 3646 ut
3286 3592 3398 3663 jam
3426 3592 3498 3646 sit

1891 3696 2006 3750 lure
2062 3692 2240 3749 tertia.
2299 3689 2532 3745 Necesse
2592 3695 2772 3739 autem
2817 3692 2899 3739 est
2954 3683 3234 3738 historiam
3283 3698 3500 3754 quoque

1890 3787 2204 3858 explicare,
2260 3792 2322 3837 ut
2377 3779 2751 3834 dilucidiorem
2813 3774 3101 3830 reddamus
3171 3776 3495 3830 orationem.

1888 3878 2022 3933 Nam
2089 3883 2370 3947 postquam
2446 3886 2512 3926 ex
2582 3868 2823 3940 Egypto
2876 3866 3118 3937 egressi,
3173 3867 3346 3921 Inulta
3414 3866 3498 3922 via

1889 3970 2174 4034 confecta,
2222 3976 2278 4024 et
2334 3966 2427 4021 Dei
2476 3965 2692 4018 virtutis
2723 3958 3212 4016 innumerabilibus
3262 3961 3502 4029 acceptis

1891 4063 2102 4119 indiciis
2122 4069 2179 4117 et
2206 4059 2258 4113 in
2283 4057 2521 4129 Egypto
2549 4065 2605 4110 et
2634 4054 2687 4108 in
2720 4053 2855 4108 mari
2877 4052 3070 4109 Rubro
3092 4061 3147 4108 et
3174 4053 3228 4108 in
3259 4052 3501 4119 deserto,

1896 4155 2191 4208 voluerunt
2222 4151 2438 4205 mittere
2467 4147 2867 4219 speculatores,
2903 4156 3152 4201 naturam
3188 4156 3349 4201 terra:
3380 4163 3507 4212 spc—

1883 4234 2161 4289 culaturos
2200 4257 2212 4286 -.
2248 4233 2324 4288 illi
2370 4242 2554 4288 autem
2599 4234 2806 4303 egressi
2860 4232 3176 4299 redierunt,
3216 4232 3497 4303 regionem

1882 4325 2100 4393 quidem
2131 4324 2467 4381 admirantes
2489 4366 2504 4391 ,
2537 4333 2593 4379 et
2618 4325 2991 4395 prtestantium
3041 4326 3317 4382 fructuum
3348 4327 3493 4381 lera-

1880 4433 2000 4473 cem
2028 4433 2149 4475 esse
2174 4417 2442 4482 dicentes,
2489 4418 2584 4472 sed
2621 4419 3122 4489 incspugnabilium
3166 4420 3409 4476 virorum
3437 4430 3496 4476 et

1883 4508 2161 4565 fortiorem
2180 4523 2300 4563 esse
2328 4510 2602 4581 regionem
2636 4528 2651 4564 :
2684 4511 2876 4581 ingrati
2904 4520 3087 4567 autem
3116 4521 3171 4567 et
3196 4512 3344 4567 nullo
3365 4528 3499 4568 seno

1882 4617 1946 4657 su
1979 4599 2190 4672 praediti
2219 4599 2392 4656 ιιιόωί
2419 4643 2436 4666 ,
2466 4616 2590 4657 cum
2631 4612 2912 4672 oporteret
2955 4618 3052 4659 eos
3082 4605 3324 4675 priorum
3378 4621 3490 4660 me-

1883 4693 2111 4748 minisse
2132 4693 2224 4747 Dei
2244 4692 2659 4755 beneﬁciorum.
2680 4704 2736 4750 et
2753 4696 3025 4765 quomodo
3042 4712 3138 4753 eos
3162 4698 3497 4770 interceptos

1886 4785 1938 4840 in
1970 4784 2151 4841 medio
2183 4793 2457 4840 tantorum
2506 4784 2954 4859 .lEgyptiacorum
3006 4791 3342 4846 exercituum
3385 4792 3500 4847 eri--

1886 4878 1999 4948 puit
2051 4892 2080 4931 a
2112 4878 2366 4947 periculis
2387 4918 2402 4941 ,
2432 4887 2487 4934 et
2536 4894 2728 4935 eorum
2761 4881 2942 4938 etl'ccit
2972 4883 3130 4951 potiri
3178 4885 3400 4954 spoliis;
3435 4901 3500 4940 ac

1885 4970 2158 5040 quomodo
2184 4986 2372 5027 rursus
2401 4970 2453 5026 in
2485 4972 2705 5028 deserto
2732 4982 2938 5043 petram
2956 4975 3117 5045 rupit,
3153 4986 3205 5032 et
3236 4992 3500 5048 aquarum

1888 5062 2110 5117 donavit
2140 5061 2531 5119 abundantiam
2555 5073 2610 5119 et
2641 5080 2837 5120 manna
2864 5069 3117 5135 praebuit,
3152 5080 3205 5124 et
3238 5069 3342 5124 alia
3366 5069 3500 5125 elle-

1888 5158 1960 5211 cit
1988 5156 2281 5223 mirabilia,
2311 5168 2371 5213 ut
2413 5158 2523 5213 Deo
2551 5158 2840 5216 crederent
2864 5178 2877 5215 :
2897 5160 3090 5217 horum
3120 5161 3340 5234 quidem
3368 5164 3501 5220 nihil

1889 5248 1967 5304 eis
1992 5249 2139 5304 venit
2182 5250 2236 5303 in
2262 5258 2500 5306 mentem
2527 5291 2541 5314 ,
2574 5260 2847 5323 tamquam
2881 5252 3015 5307 nihil
3043 5255 3267 5309 cumino
3300 5257 3499 5311 factum

1889 5349 2033 5395 esset
2059 5383 2072 5403 ,
2099 5340 2193 5396 sed
2226 5343 2440 5397 attoniti
2482 5353 2535 5399 et
2567 5344 2888 5413 stupefacti,
2936 5345 3187 5402 volebant
3221 5348 3420 5404 reverti
3451 5351 3503 5403 iu

1890 5432 2203 5507 iﬁgyptom,
2230 5433 2515 5493 dicentes:
2542 5434 2743 5492 Eduxit
2773 5452 2874 5492 nos
2906 5438 3010 5493 huc
3032 5439 3196 5505 Deus,
3230 5450 3286 5495 ut
3314 5457 3413 5497 nos
3436 5441 3505 5498 de

1892 5527 2073 5583 medio
2104 5526 2317 5582 tolleret
2346 5542 2470 5582 cum
2505 5528 2632 5583 ltliis
2660 5538 2714 5583 et
2742 5531 3026 5586 uxoribus.
3058 5532 3202 5588 Deus
3228 5548 3361 5606 ergo
3407 5535 3505 5590 ira-

1892 5630 2071 5677 scens.
2104 5616 2248 5688 quod
2277 5632 2468 5675 eorum
2497 5636 2618 5694 qua:
2642 5619 2778 5676 facta
2810 5621 3027 5679 fuerant
3072 5633 3179 5681 tam
3228 5628 3340 5683 cito
3363 5630 3503 5683 ami-

1894 5709 2088 5763 sissent
2120 5712 2437 5766 memoriam
2462 5756 2477 5777 ,
2504 5714 2711 5783 juravit
2753 5717 3158 5784 generationem
3205 5719 3353 5775 illam
3384 5739 3504 5793 qua:

1898 5804 2011 5855 lure
2042 5802 2271 5868 ("\‘t'l‘ﬂi,
2306 5824 2410 5860 non
2445 5808 2812 5875 ingresutam
2847 5808 2897 5863 in
2932 5812 3212 5882 requiem;
3241 5822 3293 5869 et
3315 5830 3508 5869 otttnes

3128 5915 3161 5974 δ
