4020 6398
576 288 638 347 53
1236 303 1291 359 S.
1336 303 1609 361 JOANNIS
1648 305 2119 364 ClillYSOSTOSH
2162 308 2477 369 AllCillEP.
2519 313 3049 374 CONSTANTINOP.
3781 312 3847 368 ὅθ

564 412 832 480 perierunt
860 410 909 466 in
938 410 1172 466 deserto.
1201 410 1327 465 Nam
1356 409 1515 464 David
1536 419 1739 482 postea,
1768 422 1886 482 post
1917 412 2129 469 illorum

560 506 959 571 perierationem
990 505 1209 575 loquens
1230 544 1244 567 ,
1276 503 1483 557 dict-hat
1509 545 1521 567 ,
1556 502 1724 559 Hodie
1749 506 1795 559 si
1827 522 1990 560 uocem
2022 508 2132 579 ejus

546 596 823 661 audieritis
848 636 863 658 ,
894 594 1086 664 inquit,
1120 593 1274 646 nolite
1304 594 1553 649 obdurare
1598 596 1754 649 corda
1783 607 1973 661 uestra,
2006 599 2135 652 sicut

571 688 623 737 in
672 684 1053 739 exacerbatioue
1084 700 1101 747 ;
1131 686 1336 753 quare?
1370 701 1433 738 ne
1480 686 1663 741 eadem
1696 689 1962 756 patiamini
2010 706 2128 758 qua:

567 774 797 852 majores
847 776 1043 840 vestri,
1096 785 1151 829 et
1196 776 1468 841 privetnini
1530 779 1710 847 requie
1766 798 1778 830 :
1829 791 1973 834 certe
2034 779 2133 834 huc

581 865 708 920 dicit
733 881 798 920 eo
825 865 962 936 quod
1005 868 1074 919 sit
1098 881 1221 921 vero
1250 869 1473 936 requies.
1524 868 1651 921 Nam
1693 869 1735 922 si
1781 871 2135 938 accepissent,

568 960 761 1028 inquit,
783 959 1062 1029 requiem,
1094 974 1322 1029 quanam
1356 959 1423 1013 de
1450 973 1607 1014 causa
1635 962 1712 1015 eis
1741 977 1927 1014 rursus
1956 963 2077 1014 dit-it
2118 982 2129 1013 :

581 1060 747 1116 Hodie
774 1059 850 1130 (a)
911 1060 953 1113 si
1007 1074 1172 1113 vocem
1221 1060 1329 1128 ejus
1375 1058 1654 1123 audieritis,
1693 1058 1847 1110 nolite
1897 1055 2145 1110 obdurare

579 1151 734 1207 corda
754 1160 934 1215 vestra,
965 1152 1092 1206 sicut
1119 1152 1168 1203 in
1196 1150 1569 1204 exacerbatione
1592 1150 1616 1202 ?

654 1242 931 1298 Sabbatum
953 1252 1025 1297 est
1046 1243 1186 1313 regni
1216 1242 1448 1295 Helorum
1480 1252 1653 1311 typus.
1683 1272 1750 1283 -—
1781 1241 2032 1307 Quantam
2065 1247 2149 1292 est

586 1351 709 1406 ergo
737 1336 836 1389 alia
861 1336 1069 1404 requies
1098 1351 1253 1403 quam
1285 1349 1501 1403 regnum
1533 1334 1808 1397 emlorum,
1842 1334 1991 1398 cujus
2020 1332 2150 1385 ima-

577 1443 644 1495 go
676 1436 728 1481 cl.
759 1436 917 1498 typus
941 1436 1016 1479 est
1047 1425 1367 1479 sabbatum?
1398 1424 1594 1477 Deinde
1622 1465 1636 1488 ,
1679 1439 1797 1478 cum
1835 1423 2142 1475 universum

580 1538 611 1591 p
634 1521 845 1574 lSlliSSt'l
870 1518 1234 1573 testimonium
1266 1520 1281 1583 (
1311 1517 1410 1570 hoc
1432 1526 1607 1571 autetn
1640 1525 1723 1571 est
1748 1558 1759 1579 ,
1798 1514 1964 1567 Hodie
1988 1514 2029 1566 si
2062 1527 2146 1565 vo-

576 1631 681 1664 rem
711 1614 819 1681 ejus
842 1610 1124 1673 audieritis,
1148 1609 1301 1662 nolite
1328 1609 1576 1662 obdurare
1604 1608 1756 1660 corda
1786 1616 1947 1659 vestra
1972 1646 1985 1669 ,
2015 1606 2143 1659 sicut

576 1708 627 1759 in
646 1704 1020 1757 exacerbatione
1042 1744 1055 1759 .
1085 1701 1356 1754 secundum
1379 1702 1509 1753 diem
1537 1699 1824 1753 teutationis
1847 1700 1899 1751 in
1920 1698 2137 1758 deserto,

576 1798 658 1850 ubi
681 1805 994 1850 teutarcrunt
1018 1810 1094 1845 me
1121 1804 1288 1861 patres
1315 1792 1500 1856 vestri;
1527 1794 1856 1860 probaverunt
1888 1805 1966 1841 me
1995 1798 2041 1839 et
2066 1787 2141 1839 vi-

575 1888 752 1940 derunt
779 1901 929 1953 opera
970 1900 1076 1935 mea
1106 1883 1443 1952 quadraginta
1474 1882 1638 1933 anuis.
1664 1879 1884 1949 Propter
1910 1879 2044 1949 quod
2064 1879 2140 1947 ofv

576 1986 743 2046 [rusus
771 1977 845 2046 fui
871 1977 1179 2045 generationi
1207 1973 1303 2036 illi,
1327 1984 1371 2026 et
1390 1973 1517 2038 dixi,
1542 1972 1753 2042 Semper
1769 1978 1941 2024 crraut
1958 1971 2141 2023 corde:

569 2071 667 2135 ipsi
706 2079 868 2122 autem
906 2084 1004 2121 non
1035 2076 1367 2137 cognouerunt
1399 2067 1503 2119 vias
1531 2082 1665 2118 meas
1695 2083 1711 2129 ;
1759 2067 1936 2134 quibus
1969 2065 2143 2135 juravi

569 2163 622 2213 in
652 2161 735 2212 ira
755 2175 883 2224 mea,
915 2158 973 2211 Si
997 2158 1267 2211 introibant
1289 2157 1340 2209 in
1368 2156 1583 2224 requiem
1606 2156 1797 2226 meam)
1824 2196 1839 2220 ,
1871 2165 1994 2209 tunc
2020 2155 2148 2209 Sub-

565 2249 741 2318 jnugit
795 2268 809 2301 :
854 2248 939 2302 1⁸2.
983 2246 1155 2300 Videte
1180 2286 1193 2310 ,
1223 2251 1425 2316 fratres,
1453 2262 1514 2299 ne
1535 2246 1666 2313 forte
1693 2247 1757 2299 sit
1788 2248 1839 2299 in
1866 2245 2036 2312 aliqua
2063 2260 2141 2298 ve-

566 2358 723 2393 strum
749 2356 835 2394 cor
862 2340 1049 2392 malum
1077 2338 1445 2391 incredulitatis
1479 2338 1780 2390 discedendo
1813 2353 1843 2389 α
1870 2335 1979 2389 Deo
2010 2337 2137 2390 vivo.

568 2432 646 2485 Fx
688 2430 883 2483 duritie
927 2428 1067 2483 enim
1111 2427 1170 2481 lit
1212 2427 1555 2481 incredulitas
1592 2446 1605 2480 :
1644 2438 1698 2481 et
1743 2426 1881 2481 sicut
1917 2440 2140 2495 corpora

565 2540 682 2589 qutL'
713 2522 1072 2575 occalluerunt
1098 2528 1152 2573 et
1181 2519 1431 2574 duritiem
1461 2528 1847 2574 contraxerunt
1870 2558 1883 2580 ,
1915 2534 2022 2571 non
2052 2534 2142 2572 ee-

565 2620 697 2666 uuut
730 2613 971 2667 manibus
998 2612 1355 2666 medicorum:
1377 2613 1447 2665 ita
1474 2611 1632 2666 etiam
1666 2611 1923 2664 indurata:
1949 2612 2141 2664 anima:

564 2722 668 2759 non
697 2704 891 2759 cedunt
918 2703 1079 2758 verbo
1110 2703 1198 2757 Dei
1235 2721 1247 2757 :
1281 2712 1363 2757 est
1389 2702 1530 2758 enim
1560 2701 1849 2755 verisimile
1879 2700 2138 2771 quosdam

567 2798 668 2870 iam
697 2810 797 2850 non
831 2794 1052 2849 credere
1084 2834 1097 2855 ,
1132 2803 1400 2863 tamquam
1429 2807 1533 2846 non
1559 2807 1683 2847 vero
1716 2791 1826 2845 sint
1855 2806 1971 2861 qum
2004 2790 2138 2844 facta

564 2896 707 2941 sunt.
739 2885 1024 2954 Propterea
1052 2883 1179 2937 dicit
1203 2899 1216 2936 :
1258 2881 1429 2935 Videte
1452 2899 1514 2935 ne
1537 2882 1667 2950 forte
1691 2881 1755 2935 sit
1781 2882 1831 2934 in
1856 2882 2025 2951 aliqua
2053 2897 2132 2935 ve-

562 2991 718 3033 strum
749 2994 835 3031 cor
865 2978 1053 3030 malum
1075 2975 1443 3029 incredulitatis
1471 2974 1774 3028 discedendo
1802 2992 1831 3025 a
1871 2971 1977 3027 Deo
2007 2975 2134 3029 viro.

561 3069 692 3125 Nam
718 3070 971 3139 quoniam
999 3082 1175 3122 sermo
1202 3066 1268 3121 de
1296 3065 1484 3119 l‘uturis
1514 3082 1616 3118 non
1646 3074 1728 3119 est
1753 3065 1885 3118 adeo
1911 3064 2137 3119 credibi-

561 3163 645 3225 lis,
682 3174 733 3214 ut
763 3162 851 3231 qui
874 3160 1051 3215 estde
1085 3159 1386 3229 prmteritis,
1422 3157 1501 3212 eis
1526 3156 1800 3210 historiam
1841 3164 2057 3210 revocat
2082 3156 2135 3210 in

561 3256 871 3310 memoriam
904 3295 918 3319 ,
954 3252 1003 3306 in
1031 3266 1130 3321 qua
1159 3250 1263 3305 ﬁde
1292 3258 1573 3320 eguerunt.
1604 3248 1735 3302 Nam
1764 3249 1806 3301 si
1830 3254 2009 3316 patres
2040 3260 2135 3302 ve-

558 3348 652 3401 stri
684 3390 698 3409 ,
744 3346 954 3415 inquit,
998 3344 1247 3413 quoniam
1281 3358 1384 3397 non
1418 3350 1769 3410 spcraverunt
1816 3350 1873 3393 ut
1918 3354 2137 3409 sperare

558 3442 828 3507 oportuit,
863 3437 976 3491 Istuc
1000 3435 1145 3507 passi
1175 3444 1337 3496 sunt,
1368 3435 1536 3488 multo
1566 3432 1733 3502 magis
1762 3445 1858 3485 vos
1890 3449 1905 3484 :
1939 3431 2003 3485 ad
2032 3446 2125 3487 eos

563 3539 704 3591 enim
740 3537 852 3591 itmc
877 3532 1037 3589 verba
1072 3533 1224 3588 ﬁuttl.
1272 3531 1402 3586 Illud
1432 3531 1572 3586 enim
1604 3570 1617 3594 ,
1670 3529 1838 3583 Hodie
1864 3571 1880 3596 ,
1922 3529 2091 3600 inquit
2115 3571 2132 3597 ,

550 3645 770 3699 semper
797 3637 877 3683 est
901 3626 1153 3698 quamdiu
1182 3623 1413 3679 mundus
1437 3623 1761 3679 constiterit.
1794 3622 1880 3679 15.
1915 3622 2021 3677 Sed
2039 3623 2131 3675 ad-

560 3722 829 3775 lmrtomini
866 3719 1187 3789 vosmetipsos
1218 3733 1305 3786 per
1333 3715 1558 3786 singulos
1591 3713 1743 3780 dies,
1787 3714 1945 3767 donec
1987 3709 2137 3766 hodie

559 3816 958 3884 cognominatur.
1008 3812 1118 3865 lloc
1154 3819 1269 3874 est,
1304 3806 1589 3863 Edilicate
1638 3822 1729 3859 vos
1773 3807 2129 3872 alterutrum,

551 3905 746 3975 erigite
773 3920 868 3958 vos
901 3904 1043 3975 ipsos
1068 3944 1081 3965 ,
1112 3912 1164 3956 ut
1196 3916 1302 3956 non
1337 3898 1461 3953 ﬁant
1491 3895 1700 3953 eadem.
1744 3895 1812 3951 Ut
1841 3913 1940 3950 non
1972 3898 2131 3950 obdu-

562 4005 695 4047 rctnr
714 3995 824 4062 quis
847 4010 906 4047 ea:
932 3992 1067 4047 vobis
1093 3990 1299 4061 fallacia
1327 3987 1535 4059 peccati.

631 4086 687 4140 9.
737 4084 900 4139 Vides
942 4084 1081 4154 quod
1132 4090 1406 4152 peccatum
1455 4080 1616 4135 faciat
1660 4077 2133 4134 incredulitatem?

563 4178 693 4232 Nam
744 4185 801 4230 ut
840 4174 1184 4231 incredulitas
1215 4172 1409 4226 malam
1453 4172 1591 4241 parit
1630 4169 1792 4223 vitam
1816 4211 1829 4236 ,
1861 4169 1929 4222 ita
1976 4169 2132 4222 etiam

556 4283 756 4333 anima,
779 4282 902 4321 eum
925 4268 976 4320 in
1004 4262 1333 4335 profundum
1358 4262 1619 4316 malorum
1636 4261 1870 4324 venerit,
1892 4270 2136 4312 contem-

557 4360 667 4425 nit;
698 4369 1055 4413 contemnens
1080 4367 1263 4411 autem
1284 4370 1353 4409 ne
1378 4353 1611 4408 sustinet
1634 4351 1856 4420 quidem
1884 4350 2131 4415 credere,

562 4459 620 4503 ut
646 4465 702 4503 se
726 4463 755 4502 ιι
783 4456 929 4502 metu
955 4447 1175 4501 liberet.
1202 4444 1461 4499 Dixerunt
1487 4444 1655 4505 enim,
1687 4441 1883 4511 inquit,
1911 4439 2028 4495 Non
2057 4457 2135 4494 tn-

557 4540 697 4593 debit
718 4537 993 4602 Dominus,
1016 4552 1107 4590 nec
1133 4535 1387 4607 intelliget
1405 4532 1543 4589 Deus
1557 4532 1717 4588 Iacob
1742 4531 1909 4604 (Psal.
1930 4533 2017 4587 95.
2046 4531 2130 4603 .7);

558 4641 614 4684 ot
641 4644 852 4694 rursus,
881 4626 1044 4682 Labia
1074 4634 1255 4681 nostra
1288 4643 1319 4680 a
1346 4625 1489 4679 nobis
1511 4634 1667 4693 sunt,-
1694 4625 1807 4695 quis
1835 4632 2011 4678 noster
2032 4620 2136 4676 Do-

561 4723 732 4775 minus
762 4730 835 4775 est
870 4718 1038 4790 (Psal.
1072 4718 1157 4774 l-l.
1186 4716 1275 4789 5)?
1306 4717 1633 4788 iterumque,
1658 4714 1763 4773 Cur
1789 4716 2020 4772 irritavit
2040 4715 2139 4769 im-

556 4814 677 4885 pius
703 4810 867 4868 Deum
894 4810 1060 4883 (Psai.
1089 4811 1173 4869 10.
1196 4811 1402 4867 iliaca.
1423 4808 1645 4882 Helm)?
1681 4818 1738 4865 et
1762 4822 1975 4873 rursus,
1995 4806 2139 4861 Dixit

558 4904 810 4975 insipiens
835 4903 1063 4957 incordc
1080 4920 1175 4965 sua
1194 4920 1211 4957 :
1228 4902 1343 4958 Non
1370 4914 1444 4957 est
1470 4899 1629 4956 Deus.
1658 4898 1903 4971 Corrupti
1927 4909 2068 4964 sunt,
2091 4914 2137 4953 et

561 4997 939 5051 abominabiles
959 4998 1083 5067 {acti
1109 5006 1228 5050 sunt
1252 4997 1305 5049 in
1328 4996 1513 5050 studiis
1533 4995 1639 5049 suis
1668 4992 1835 5063 (Psal.
1866 4992 1950 5045 i3.
1980 4990 2052 5061 1).
2075 4990 2139 5045 Et

561 5102 773 5152 rursus,
788 5086 902 5141 Non
918 5096 991 5141 est
1010 5089 1176 5141 timor
1187 5085 1281 5141 Dei
1300 5097 1422 5141 ante
1438 5085 1611 5140 oculos
1628 5100 1835 5149 eorum;
1858 5094 1913 5137 et
1929 5098 2135 5136 rursus.

564 5177 827 5242 Quoniam
856 5176 1029 5232 dolose
1058 5178 1234 5248 egitiq
1252 5186 1525 5248 conspectu
1552 5176 1684 5245 ejus,
1709 5184 1765 5226 ut
1792 5172 2143 5227 iureniatink

564 5266 816 5332 quitatem
829 5266 942 5336 ejus
955 5275 999 5319 et
1014 5268 1177 5321 oderit
1194 5266 1362 5338 (Psal.
1385 5267 1471 5323 35.
1490 5268 1541 5325 2.
1562 5266 1907 5339 5).Christus
1923 5284 2141 5339 quoque

563 5357 669 5411 hoc
693 5357 761 5413 ad
777 5357 955 5428 ipsum
977 5358 1137 5415 dicit:
1158 5358 1335 5415 Omnis
1354 5362 1442 5433 qui
1462 5360 1603 5415 male
1620 5360 1749 5430 agit,
1768 5362 1875 5415 odit
1894 5362 2078 5425 lucem,
2094 5371 2140 5413 et

570 5479 671 5515 non
702 5462 828 5514 venit
848 5459 916 5512 ad
945 5458 1103 5513 lucem
1125 5455 1142 5525 (
1162 5453 1317 5507 Joan.
1351 5454 1404 5507 ὅ.
1434 5450 1505 5505 20
1527 5454 1564 5519 ).
1596 5450 1795 5504 Deinde
1832 5448 2098 5517 suhjuugit
2128 5465 2137 5500 :

573 5555 856 5619 i’artieipes
884 5551 1073 5607 Citriin
1099 5546 1263 5615 eﬂ'ecti
1284 5560 1473 5599 sumus.
1504 5542 1638 5610 Quid
1672 5542 1771 5596 hoc
1801 5550 1905 5606 est,
1936 5539 2142 5593 Partiri-

634 5689 704 5749 (α)
731 5686 816 5734 ille
854 5686 1025 5743 ingens
1060 5685 1135 5729 est.
1167 5677 1325 5726 hiatus
1366 5674 1413 5721 in
1448 5669 1724 5722 Colhertino
1756 5668 1971 5730 quinque
2010 5664 2146 5727 pagi-

570 5765 753 5803 natatu.

2264 446 2349 499 pes
2377 426 2563 483 Clu-isti
2593 424 2758 492 e/chti
2784 441 2958 478 sumus
2980 427 3007 479 γ
3034 424 3206 481 Unum
3240 424 3411 481 eﬂeeti
3443 442 3636 484 sumus
3671 444 3771 485 nos
3793 442 3843 485 et

2262 520 2376 589 ipse
2406 534 2421 573 :
2452 516 2715 588 siquidem
2765 516 2877 585 ipse.
2919 515 3134 585 quidem
3165 527 3322 587 caput
3346 559 3360 583 ,
3391 532 3487 573 nos
3516 530 3701 574 autem
3732 536 3848 575 cor-

2261 626 2379 681 pus,
2414 608 2745 675 coheredes,
2777 617 2833 662 et
2853 610 3269 676 concorporalcs
3316 608 3488 664 Unum
3517 625 3724 679 corpus
3750 630 3843 666 su-

2259 718 2378 761 mus
2412 718 2476 757 ex
2525 715 2687 755 carne
2723 700 2839 768 ejus
2862 739 2876 764 ,
2915 698 3088 769 inquit
3114 738 3127 763 ,
3164 709 3217 754 et
3265 716 3332 756 ex
3366 701 3577 756 ossibus
3611 702 3757 773 ejus.
3789 704 3847 759 Si

2259 806 2421 850 tamen
2446 792 2647 845 initium
2675 790 2969 844 substantiae
2998 791 3107 858 ejus
3145 805 3302 859 usque
3329 792 3397 843 ad
3424 792 3575 857 liuent
3614 794 3843 846 retinea-

2258 904 2389 941 mus.
2419 883 2555 953 Quid
2583 893 2665 937 est
2686 922 2701 948 ,
2748 880 2961 935 Initium
2988 880 3286 935 substantice
3314 884 3468 952 ejus?
3504 884 3696 938 Fidem
3752 901 3844 953 per

2258 990 2417 1047 quam
2447 974 2806 1040 constitimus,
2837 981 2891 1028 et
2911 970 3078 1042 geniti
3110 985 3294 1025 sumus
3315 1010 3329 1035 ,
3356 978 3491 1024 etut
3522 971 3592 1023 ita
3620 971 3804 1023 dicam
3831 1008 3849 1035 ,

2257 1063 2722 1120 Consultstantiati.
2756 1062 2954 1117 Deinde
2980 1060 3255 1131 subjungit
3285 1076 3301 1115 :
3343 1060 3430 1115 15.
3463 1057 3604 1113 Dum
3631 1060 3851 1125 dicitur,

2263 1155 2430 1210 Hodie
2454 1157 2499 1210 si
2528 1172 2696 1208 vocem
2735 1154 2844 1225 ejus
2870 1153 3134 1206 audieritis
3163 1193 3176 1217 ,
3209 1152 3364 1205 nolite
3389 1151 3642 1205 obdurare
3686 1152 3850 1205 corda

2256 1257 2438 1311 vestra,
2468 1248 2595 1300 sicut
2627 1246 2676 1298 in
2696 1242 3096 1297 exacerbatione.
3123 1242 3248 1296 llaec
3275 1243 3491 1296 inverso
3522 1240 3720 1295 ordine
3752 1256 3850 1311 pn-

2257 1351 2454 1394 nuutur
2481 1380 2496 1404 ,
2528 1336 2726 1393 deinde
2752 1335 3035 1405 adjicitur:
3062 1334 3211 1406 (Cap.
3241 1334 3296 1403 4)
3332 1334 3378 1387 1.
3408 1334 3704 1389 Timeamus
3734 1349 3853 1405 ergo

2256 1450 2318 1486 ne
2343 1436 2471 1501 forte
2491 1432 2668 1484 relicta
2692 1429 3057 1499 pollicitatione
3077 1426 3367 1480 introeundi
3389 1428 3441 1478 in
3460 1427 3686 1497 requiem
3711 1426 3848 1495 ejus,

2256 1525 2565 1579 existimetur
2591 1522 2777 1592 aliquis
2806 1536 2869 1573 ex
2895 1519 3028 1572 vobis
3050 1518 3237 1572 deesse.
3264 1517 3317 1572 2.
3346 1515 3549 1571 Etenim
3581 1517 3725 1570 nobis
3758 1534 3851 1568 an-

2257 1614 2544 1668 nuutiatunt
2576 1623 2683 1679 est,
2714 1611 3138 1682 quemadmodum
3164 1618 3211 1662 et
3258 1608 3382 1663 illis.
3430 1607 3563 1662 Dant
3608 1609 3805 1661 dicitur
3832 1648 3847 1671 ,

2260 1706 2428 1761 Hoaie
2454 1707 2498 1759 si
2524 1720 2691 1758 vocem
2719 1704 2827 1772 ejus
2851 1703 3134 1755 audieritis.
3171 1700 3300 1753 illud
3333 1701 3475 1754 enim
3504 1698 3672 1752 Hodie
3705 1714 3853 1754 sent-

2254 1814 2350 1870 per
2379 1807 2481 1851 est.
2510 1796 2711 1851 Deinde
2738 1797 2813 1848 ait
2839 1812 2853 1849 :
2888 1793 2995 1849 Sed
3014 1810 3116 1847 non
3142 1793 3331 1862 profuit
3362 1792 3466 1846 illis
3484 1807 3649 1845 sermo
3687 1793 3848 1845 audt-

2255 1901 2353 1955 tus,
2378 1905 2477 1943 nou
2495 1889 2749 1942 admixtus
2770 1889 2888 1955 fidei
2906 1902 2970 1941 ex
2996 1887 3057 1940 iis
3084 1900 3197 1955 qua:
3216 1885 3518 1947 audierunt;
3546 1883 3849 1939 ostendens

2254 1981 2524 2052 quomodo
2573 1994 2677 2033 non
2722 1977 2920 2047 proluit
2968 1993 2985 2032 :
3030 1987 3312 2046 prepterea
3366 1976 3507 2029 enim
3561 1991 3667 2028 non
3714 1989 3847 2044 pro-

2254 2072 2350 2126 luit
2402 2073 2522 2143 quia
2571 2070 2759 2125 deerat
2794 2067 2947 2122 ﬁdes.
2989 2066 3195 2122 Deinde
3236 2064 3420 2121 volens
3457 2080 3551 2120 eos
3594 2074 3805 2121 terrere
3830 2108 3845 2131 ,

2254 2163 2357 2217 hoc
2388 2163 2559 2231 ipsum
2600 2159 2835 2215 ostendit
2880 2172 2976 2228 per
3026 2171 3089 2214 ea
3135 2171 3257 2228 quae
3303 2155 3454 2210 dicit.
3488 2157 3579 2209 16.
3614 2156 3848 2224 Quidam

2253 2261 2387 2309 enim
2406 2254 2667 2307 audientes
2692 2249 3137 2315 exacerbarerunt,
3166 2247 3256 2302 sed
3277 2263 3378 2300 non
3406 2263 3577 2302 omnes
3602 2250 3691 2321 qui
3713 2266 3811 2319 pro
3834 2281 3845 2289 ι

2252 2347 2368 2417 fecti
2395 2354 2511 2399 sunt
2539 2360 2601 2397 ex
2629 2340 2861 2412 Egypto
2908 2356 2997 2408 per
3036 2339 3284 2410 Moysem.
3324 2339 3409 2394 l7.
3448 2338 3641 2406 Quibus
3667 2349 3843 2393 autem

2250 2440 2479 2507 infensus
2510 2436 2605 2507 fuit
2635 2434 2975 2503 quadraginta
3001 2434 3148 2486 annis
3174 2432 3199 2485 ?
3224 2432 3509 2486 nouneillis
3537 2433 3626 2503 qui
3653 2448 3842 2501 pecca-

2250 2538 2447 2595 verunt,
2477 2543 2693 2600 quorum
2718 2525 2963 2578 cadavera
2994 2524 3221 2593 projecta
3250 2533 3366 2575 sunt
3396 2524 3448 2575 in
3479 2523 3722 2577 deserto?
3751 2522 3841 2578 18.

2255 2622 2447 2689 Quibus
2473 2629 2640 2674 autem
2672 2603 2869 2687 juraoit
2900 2632 3002 2670 non
3028 2615 3238 2669 introire
3281 2616 3335 2668 in
3377 2616 3602 2685 requiem
3631 2616 3798 2685 ipsius
3825 2657 3841 2680 ,

2252 2714 2351 2770 nisi
2379 2713 2444 2767 iis
2467 2712 2551 2784 qui
2573 2708 2823 2764 increduli
2846 2712 3050 2779 [uerunt
3072 2708 3097 2761 ἲ
3120 2706 3205 2761 19.
3238 2705 3305 2760 Et
3337 2707 3559 2761 videmus
3579 2707 3717 2777 quod
3738 2724 3844 2760 non

2251 2805 2501 2880 potuerint
2528 2803 2736 2858 introire
2765 2802 2818 2855 in
2839 2800 3060 2871 requiem
3080 2800 3241 2870 ipsius
3270 2809 3476 2870 propter
3500 2800 3843 2854 incredulita-

2253 2909 2373 2953 tem.
2420 2897 2556 2953 Cum
2598 2894 2826 2949 dixisset
2869 2908 3062 2949 rursus
3108 2891 3506 2954 testimonium,
3554 2889 3846 2959 subiungit

2250 2990 2415 3046 etiam
2454 2986 2975 3055 interrogationem,
3008 2982 3152 3052 quod
3186 2982 3403 3051 quidem
3446 2981 3649 3034 claram
3675 2979 3847 3033 eﬂieit

2252 3079 2577 3134 orationem.
2614 3076 2761 3128 Dixit
2806 3074 2971 3137 enim,
3006 3074 3211 3142 inquit,
3249 3071 3419 3126 Hodie
3447 3073 3493 3125 si
3523 3086 3696 3125 vocem
3726 3069 3845 3138 ejus

2254 3170 2547 3235 audieritis,
2574 3167 2731 3222 nolite
2775 3166 3031 3220 obdurare
3062 3165 3223 3219 corda
3267 3173 3436 3219 uestra
3473 3166 3607 3218 sicut
3654 3164 3707 3217 in
3750 3179 3850 3217 e1-

2253 3263 2600 3317 acerbatione.
2632 3259 3036 3325 Quorumnam,
3080 3258 3276 3327 inquit,
3310 3258 3553 3312 meminit
3582 3255 3672 3325 qui
3710 3265 3847 3309 sunt

2252 3352 2526 3410 indurati?
2558 3364 2919 3422 quorumnam
2952 3350 3041 3420 qui
3083 3365 3189 3404 non
3231 3348 3617 3404 crediderunt?
3644 3346 3845 3401 Nonne

2251 3442 2599 3500 Iudaeorum?
2628 3441 2785 3508 Quod
2815 3451 2995 3496 autem
3031 3440 3184 3505 dicit,
3217 3450 3301 3495 est
3338 3435 3651 3505 hujusmodi
3688 3435 3844 3490 :Au—

2253 3535 2469 3589 dierum
2495 3533 2570 3587 illi
2600 3546 2818 3603 quoque
2841 3532 2983 3586 sicut
3017 3545 3115 3583 nos
3146 3529 3419 3587 audimus.
3452 3526 3544 3580 sed
3570 3525 3703 3579 nihil
3735 3526 3846 3580 illis

2253 3626 2473 3698 profuit.
2501 3625 2578 3680 Ne
2606 3639 2736 3694 ergo
2760 3622 3083 3678 existimetis
3116 3620 3257 3691 quod
3284 3620 3524 3673 futurum
3558 3617 3628 3671 sit
3664 3627 3719 3669 ut
3749 3617 3839 3685 ju-

2255 3716 2451 3772 vemini
2502 3713 2773 3769 audiendo
2813 3712 3252 3782 praedicationem
3292 3726 3305 3760 :
3349 3726 3473 3764 nam
3511 3710 3582 3764 illi
3620 3725 3845 3779 quoque

2254 3810 2562 3872 autlierunt,
2580 3806 2675 3861 sed
2704 3806 2841 3859 nihil
2871 3804 2977 3857 illis
2998 3804 3222 3874 profuit,
3247 3805 3502 3874 quoniam
3528 3818 3636 3856 non
3661 3803 3845 3857 credi-

2253 3899 2472 3956 derunt.
2490 3899 2695 3954 Chalcb
2718 3906 2897 3952 autem
2920 3904 2974 3950 et
2991 3893 3151 3951 Jesus
3184 3896 3441 3966 quoniam
3469 3912 3577 3951 nou
3602 3911 3845 3950 consen-

2264 3999 2449 4046 serunt
2470 3989 2536 4044 iis
2556 3988 2644 4059 qui
2674 4002 2779 4041 non
2801 3985 3167 4047 crediderunt,
3190 3983 3291 4037 illis
3317 3983 3527 4037 illatum
3546 3983 3858 4052 elingeruut

2264 4083 2603 4153 supplicium.
2634 4080 2695 4135 Et
2718 4078 2839 4134 vide
2868 4077 2992 4148 quid
3018 4075 3337 4130 admirabile
3372 4091 3385 4127 ε
3421 4090 3524 4128 non
3545 4074 3707 4141 dixit,
3732 4074 3854 4129 Non

2263 4181 2671 4236 consenserunt,
2701 4171 2815 4232 sed,
2850 4167 2970 4221 Non
2998 4167 3243 4220 commisti
3269 4176 3422 4230 sunt;
3448 4166 3550 4219 hoc
3575 4175 3680 4231 est,
3716 4168 3855 4220 citra

2266 4267 2581 4322 seditionem
2612 4274 2737 4317 sunt
2768 4260 3001 4330 separati
3027 4301 3039 4324 ,
3071 4274 3197 4313 cum
3231 4258 3304 4312 illi
3332 4260 3489 4313 unius
3514 4267 3569 4312 et
3599 4258 3851 4327 ejusdem

2266 4360 2489 4413 fuissent
2516 4357 2819 4411 sontentiai.
2860 4354 2956 4407 llic
2984 4352 3114 4405 mihi
3143 4350 3351 4405 videtur
3380 4351 3541 4405 etiam
3569 4350 3732 4405 tacite
3772 4352 3856 4404 iu-

2264 4465 2427 4504 uuere
2468 4450 2803 4504 seditionem.
2832 4451 2884 4504 '5.
2918 4448 3245 4517 lngrcdimur
3271 4448 3425 4513 enim,
3457 4446 3647 4517 inquit,
3676 4446 3733 4500 in
3774 4460 3863 4499 re-

2260 4547 2427 4613 quiem
2450 4542 2534 4611 qui
2560 4542 2886 4595 credidimus.
2912 4540 3113 4595 Deinde
3136 4540 3238 4595 hoc
3264 4537 3592 4595 conﬁrmans
3617 4538 3848 4608 subjun-

2259 4633 2335 4686 xit
2363 4653 2375 4687 :
2411 4631 2841 4700 Quemadmodum
2861 4633 2987 4686 dixit
3017 4647 3034 4686 :
3065 4630 3395 4704 Sicutjurari
3432 4634 3486 4685 in
3524 4632 3604 4684 ira
3643 4647 3778 4696 mea,
3807 4630 3858 4686 si

2260 4724 2530 4778 introibant
2581 4725 2631 4778 in
2677 4725 2894 4796 requiem
2932 4739 3140 4779 meam:
3171 4734 3224 4779 et
3265 4706 3480 4794 quidem
3519 4722 3777 4793 operibus
3822 4736 3853 4773 ιι

2260 4816 2641 4872 constitutione
2682 4816 2867 4870 nutndi
2919 4816 3251 4871 constitutis.
3302 4813 3567 4883 Quoniam
3603 4813 3851 4870 dicturus

2263 4905 2400 4961 forte
2438 4908 2701 4976 quispiam
2749 4916 2899 4969 erat,
2934 4906 3093 4975 Atqui
3138 4906 3239 4960 hoc
3285 4921 3391 4959 non
3429 4904 3697 4975 signillcat
3745 4921 3849 4961 nos

2264 4999 2619 5067 ingressuros,
2654 4997 2746 5051 sed
2778 4997 2899 5052 illos
2928 4994 3032 5051 non
3061 5012 3181 5050 esse
3213 4998 3484 5067 ingressos
3517 5015 3533 5051 :
3563 4996 3689 5066 quid
3720 5013 3853 5068 ergo

2264 5091 2381 5142 facit
2407 5088 2428 5141 i
2456 5087 2679 5143 interim
2713 5089 2895 5144 studet
2932 5088 3220 5143 ostendere
3241 5129 3253 5153 ,
3286 5088 3429 5158 quod
3477 5092 3615 5142 sicut
3647 5088 3737 5142 illa
3768 5105 3857 5144 re-

2262 5182 2413 5250 quies
2441 5195 2545 5234 uon
2570 5180 2816 5249 prohibet
2837 5180 2991 5243 aliam
3015 5180 3119 5234 dici
3146 5180 3410 5246 requiem,
3434 5181 3503 5234 ita
3533 5194 3707 5250 neque
3740 5180 3859 5235 ha-c

2265 5272 2504 5340 requiem
2532 5273 2811 5327 culorum.
2840 5271 3056 5325 interim
3098 5284 3227 5341 ergo
3268 5271 3382 5325 vult
3412 5270 3704 5326 ostendere
3734 5273 3861 5326 illus

2266 5363 2502 5431 requiem
2550 5378 2647 5417 nos
2687 5376 3005 5433 assequutos
3035 5379 3173 5418 esse.
3216 5362 3283 5418 Ut
3324 5362 3462 5418 seias
3498 5376 3676 5418 autem
3708 5367 3861 5435 quod

2267 5454 2366 5510 hoc
2396 5456 2536 5511 dicat
2562 5500 2575 5520 ,
2605 5456 2753 5511 addit
2780 5476 2792 5510 :
2826 5457 2878 5511 4.
2914 5455 3057 5509 Dixit
3094 5456 3227 5509 enim
3277 5457 3499 5524 quodam
3532 5456 3643 5510 loco
3675 5460 3741 5511 de
3770 5460 3857 5512 die

2264 5549 2475 5618 septima
2505 5548 2575 5601 sic
2605 5564 2624 5602 :
2652 5559 2696 5601 et
2725 5548 2966 5617 requievit
3002 5545 3141 5601 Deus
3172 5548 3253 5601 die
3292 5550 3504 5619 septimo
3536 5549 3597 5601 ab
3625 5550 3861 5604 onmibus

2265 5641 2503 5708 aperlbus
2540 5640 2643 5694 suis
2670 5656 2689 5695 :
2719 5640 2772 5697 5.
2822 5651 2868 5695 et
2904 5641 2955 5693 in
2993 5640 3089 5694 isto
3124 5654 3374 5693 rursum:
3400 5639 3462 5695 Si
3489 5641 3768 5694 introibant
3806 5643 3861 5697 in

2269 5734 2484 5799 requiem
2520 5748 2698 5784 meam.
2751 5730 2910 5787 Vides
2951 5732 3217 5803 quatttetlo
3263 5730 3377 5789 hinc
3422 5748 3525 5784 non
3575 5732 3859 5788 urnhiheat
