4020 6402
212 280 275 333 επ
1012 284 1074 336 l.\'
1112 280 1324 337 l-ZPIST.
1370 280 1458 333 an
1499 272 1858 333 nummos.
1902 264 2058 322 CAP.
2104 263 2189 316 IV.
2234 261 2469 316 "tum.
2516 260 2624 315 VII.
3419 244 3488 302 53

205 389 348 440 illum
377 400 498 440 esse
528 402 574 440 rt
588 386 812 457 quiem?
840 387 892 443 ti.
931 388 1185 452 Quoniam
1213 406 1355 459 ergo,
1388 392 1583 462 inquit,
1615 411 1796 466 super-

199 488 273 533 est
302 478 513 533 introire
540 480 786 547 quosdam
809 480 860 532 in
891 478 1057 547 illaut,
1091 493 1141 535 et
1166 482 1204 535 ii
1222 484 1404 552 quibus
1429 484 1683 553 prioribus
1703 505 1797 541 an-

202 571 622 638 nuntiatumest,
653 588 754 625 non
784 572 1087 626 introierunt
1115 584 1321 645 propter
1350 574 1753 633 incredulitatem
1780 597 1797 633 :

200 659 253 715 7.
282 660 468 714 iterum
492 662 734 715 terminat
760 662 895 716 diem
921 666 1198 731 quamdam
1222 666 1374 719 hodie
1393 708 1408 733 ,
1430 664 1500 720 in
1528 667 1695 722 Durid
1720 670 1795 724 di-

199 752 360 807 cendo
390 744 411 809 ὲ
440 753 569 808 Post
598 764 795 808 tantum
822 758 1066 824 temporis
1090 799 1104 820 ,
1139 758 1268 812 sicut
1295 776 1454 829 supra
1481 762 1674 815 dictant
1700 774 1792 816 est.

196 844 337 913 Quid
360 856 444 901 est
474 858 650 901 autem
682 846 827 918 quod
856 848 1026 905 dicit?
1054 849 1317 916 Quoniim
1344 851 1566 916 debent,
1602 855 1794 925 inquit,

199 941 367 1010 aliqui
402 940 630 995 introire
659 940 903 1004 omnino,
939 941 1016 995 illi
1065 950 1244 996 autem
1287 958 1396 998 non
1440 944 1792 1010 introierunt,

201 1046 395 1087 rursus
418 1033 633 1087 tertiam
666 1034 855 1087 statuit
880 1035 1147 1107 requiem.
1168 1034 1324 1101 Quod
1348 1045 1528 1093 autem
1551 1050 1799 1110 oporteat

198 1122 449 1188 introire,
474 1132 527 1178 et
552 1125 765 1193 aliquos
795 1124 1025 1178 introire
1048 1136 1320 1194 oporteat,
1339 1129 1630 1186 audiamus
1654 1133 1799 1189 unde

201 1215 307 1269 hoc
334 1217 546 1285 probet.
572 1216 843 1281 Quoniam
878 1224 999 1287 post
1028 1224 1129 1281 tot,
1164 1218 1361 1287 inquit,
1395 1236 1570 1277 annos
1604 1240 1799 1280 rursus

196 1308 334 1363 dicit
355 1308 521 1362 David
552 1326 563 1361 :
595 1310 766 1363 "(die
788 1311 837 1363 si
865 1326 1035 1366 vocem
1059 1310 1175 1379 ejus
1203 1313 1501 1379 audieritis,
1529 1317 1689 1370 nolite
1710 1318 1800 1371 οὔ·

196 1404 394 1455 durare
415 1404 578 1455 corda
602 1414 793 1467 castra,
818 1404 952 1456 sicut
976 1404 1029 1454 in
1051 1406 1450 1459 exacerbatione
1472 1407 1558 1462 :8.
1581 1409 1644 1463 Si
1658 1411 1799 1464 enim

195 1493 451 1548 lesuseos
469 1493 975 1563 fecissetquiescere,
993 1494 1172 1548 nonde
1189 1495 1295 1548 alio
1313 1496 1399 1550 die
1413 1509 1599 1565 postea
1622 1500 1803 1570 loque-

194 1597 358 1641 retur.
390 1584 681 1654 Liquidum
721 1599 851 1655 ergo
881 1594 965 1640 est
1003 1589 1148 1655 quod
1186 1588 1300 1641 luec
1331 1588 1478 1645 dicat
1519 1600 1790 1662 tamquam

194 1679 355 1733 nobis
379 1679 760 1747 assequuturis
784 1678 1024 1748 aliquam
1056 1683 1575 1735 renmnerat'zmxcnt.
1597 1684 1650 1738 9.
1680 1682 1799 1738 Ita-

192 1787 290 1840 que
309 1771 630 1841 relinquitur
646 1769 1003 1824 sabbatismus
1021 1771 1216 1840 populo
1240 1772 1352 1826 Dei.
1370 1773 1552 1829 Unde?
1570 1774 1644 1829 Ex
1661 1791 1799 1846 prte-

193 1870 375 1932 cepto,
404 1859 588 1917 Nolite
614 1862 878 1917 obdurare
902 1862 1067 1918 corda
1098 1875 1291 1918 vestra.
1309 1864 1443 1919 Nam
1467 1868 1512 1920 si
1530 1882 1636 1921 non
1652 1876 1800 1923 esset

193 1955 597 2021 sabbatismus,
615 1970 722 2009 non
748 1956 827 2010 eis
854 1957 1263 2027 prazciperetur,
1280 1973 1381 2012 nec
1393 1958 1800 2029 juberenturne

204 2046 396 2093 eadem
426 2038 683 2102 iacerent,
702 2050 759 2094 ut
779 2056 845 2096 ne
866 2043 1053 2097 eadem
1071 2055 1406 2114 paterentur,
1428 2050 1473 2104 si
1494 2066 1597 2105 non
1619 2054 1807 2107 eadem

203 2136 391 2184 essent
422 2130 650 2198 passuri.
682 2130 966 2198 Quomodo
995 2147 1176 2190 autem
1207 2140 1396 2194 eadem
1424 2153 1578 2196 erant
1602 2147 1806 2212 passuri

200 2222 295 2294 qui
329 2222 588 2277 tenebant
615 2223 979 2289 Palmstinam,
1019 2228 1066 2282 si
1110 2243 1212 2282 non
1242 2243 1385 2286 esset
1412 2234 1514 2287 alia
1543 2237 1757 2305 requies
1785 2240 1809 2293 ?

274 2313 330 2368 3.
366 2312 597 2368 Pulchre
628 2324 808 2371 autem
841 2319 1107 2373 conclusit
1156 2324 1478 2378 oralionem.
1530 2326 1645 2380 Non
1672 2327 1809 2384 dixit
1842 2384 1845 2390 ,

199 2406 370 2465 enim,
407 2405 671 2475 lieqtties,
709 2409 835 2461 s--d.
871 2409 1242 2475 Solliatismus,
1279 2430 1473 2470 nomen
1510 2422 1803 2488 preprinm,

200 2516 256 2561 et
284 2520 394 2575 quo
433 2504 752 2560 lauabantur
774 2548 789 2571 ,
823 2517 877 2559 et
911 2506 976 2558 ad
1021 2507 1164 2575 quod
1214 2506 1539 2573 currebant,
1574 2507 1815 2563 saiiliati-

204 2611 385 2649 smnm
418 2611 639 2664 regnum
662 2611 879 2650 vocans.
898 2596 1046 2652 Sicut
1070 2598 1214 2652 enim
1239 2599 1289 2652 in
1307 2598 1533 2654 sabbato
1553 2598 1621 2654 ab
1642 2600 1819 2655 omni-

203 2688 305 2738 bus
356 2686 569 2755 quidem
617 2689 772 2741 malis
808 2688 961 2757 juhet
1002 2689 1299 2753 abstinere,
1336 2689 1427 2743 illa
1472 2699 1654 2745 autem
1699 2692 1813 2746 sola

202 2764 319 2824 libri
354 2786 472 2839 qua:
508 2772 775 2840 pertinent
810 2773 874 2825 ad
908 2773 1113 2827 cultum
1160 2774 1287 2837 Dei,
1324 2790 1441 2843 qute
1467 2774 1683 2843 quidem
1713 2790 1811 2846 pe-

198 2862 462 2933 ragebant.
492 2863 804 2918 sacerdotes
826 2906 840 2925 ,
869 2873 923 2918 et
951 2880 1307 2935 qumrumque
1335 2866 1524 2933 juvant
1549 2868 1808 2935 animam,

196 2963 253 3005 rt
285 2952 423 3008 nihil
470 2952 615 3005 aliud
654 2972 664 3005 :
712 2954 781 3007 ita
814 2965 939 3007 tunc
967 2969 1201 3024 quoque.
1253 2955 1361 3010 Sed
1394 2971 1499 3009 non
1529 2958 1608 3011 sic
1633 2956 1811 3024 dixit,

196 3045 293 3098 sed
348 3043 523 3113 quid?
568 3044 657 3100 10.
710 3044 809 3110 Qui
857 3046 994 3099 enim
1048 3046 1306 3116 ingressus
1360 3058 1434 3102 est
1481 3049 1535 3102 in
1589 3050 1815 3117 requiem

195 3144 332 3210 ejus,
362 3139 515 3192 etiam
542 3138 648 3208 ipse
682 3142 917 3206 requievit
944 3141 1007 3192 ab
1039 3141 1271 3209 operibus
1297 3141 1424 3206 suis,
1456 3140 1585 3193 sicut
1616 3140 1755 3194 Deus
1782 3158 1816 3194 a

196 3230 448 3299 propriis.
480 3229 633 3284 Sicut
686 3231 825 3284 Deus
872 3233 1169 3300 requievit,
1205 3234 1375 3302 inquit
1401 3274 1414 3297 ,
1442 3233 1509 3287 ab
1557 3232 1815 3302 operibus

194 3324 332 3386 suis,
367 3321 440 3375 ita
466 3321 556 3391 qui
588 3331 672 3376 est
698 3322 973 3391 ingressus
1001 3325 1054 3391 in
1087 3326 1324 3392 requiem
1348 3326 1483 3394 ejus.
1519 3324 1652 3379 Nam
1680 3342 1815 3395 quo-

197 3417 349 3469 niam
396 3416 477 3469 eis
521 3415 844 3486 loquebatur
892 3418 961 3469 de
1003 3418 1231 3487 requie,
1276 3428 1331 3472 et
1374 3418 1478 3472 hoc
1527 3419 1815 3488 cupiebant

195 3506 390 3560 audire
433 3505 651 3575 quando
681 3517 829 3561 esset
862 3510 1121 3575 futurum,
1158 3510 1208 3564 in
1254 3512 1355 3566 hoc
1394 3512 1658 3567 conclusit
1687 3529 1809 3568 ora-

195 3599 428 3651 tionem.

278 3689 413 3759 Spes
457 3706 658 3760 semper
704 3692 992 3761 servanda,
1036 3696 1285 3764 quamdiu
1328 3698 1812 3754 viviutus.—lllud

195 3796 406 3851 autem,
444 3782 614 3838 Hodie
635 3828 650 3851 ,
681 3786 882 3841 dicitur
905 3830 919 3852 ,
946 3803 1017 3843 ne
1046 3788 1359 3859 desperent.
1392 3793 1767 3847 Adhortamini
1794 3836 1809 3861 ,

198 3868 413 3938 inquit,
445 3884 541 3925 vos
585 3871 850 3940 quotidie,
887 3872 1063 3928 donec
1103 3874 1263 3930 hodie
1303 3876 1519 3933 dicitur.
1550 3877 1662 3933 Hoc
1692 3889 1809 3945 est,

194 3962 417 4016 etiamsi
442 3963 564 4032 quis
590 3965 919 4034 peccaverit,
945 3966 1204 4037 quamdiu
1233 3977 1318 4024 est
1344 3970 1472 4025 illud
1506 3970 1686 4038 hodie,
1719 3973 1813 4027 lia.

198 4054 290 4107 bet
316 4068 490 4123 spem.
526 4053 697 4110 Nemo
727 4072 857 4128 ergo
889 4060 1142 4128 desperet
1171 4062 1426 4131 quamdiu
1457 4063 1612 4120 vivit.
1637 4068 1813 4137 Atque

199 4148 442 4200 maxime
468 4146 710 4216 quidem,
737 4148 926 4217 inquit,
953 4166 1021 4205 ne
1045 4152 1115 4206 sit
1142 4152 1357 4221 quidem
1383 4170 1479 4210 cor
1508 4158 1705 4212 malum
1733 4162 1813 4213 iu-

193 4235 541 4292 credulitatis
566 4255 579 4292 :
607 4239 751 4308 quod
775 4240 820 4295 si
848 4242 1009 4296 etiam
1036 4242 1214 4309 fuerit,
1244 4261 1401 4301 nemo
1421 4248 1694 4319 desperet,
1715 4252 1810 4308 sed

193 4342 257 4381 se
284 4337 498 4381 recreet
528 4344 542 4382 :
572 4345 695 4383 nam
726 4332 980 4397 quamdiu
1007 4349 1195 4390 sumus
1222 4337 1272 4390 in
1300 4336 1400 4392 hoc
1428 4342 1650 4405 mundo,
1680 4343 1809 4399 illud

196 4419 388 4483 hodie.
416 4419 579 4475 habet
622 4432 854 4491 tempus.
900 4425 996 4481 llic
1024 4438 1203 4481 autem
1236 4445 1340 4483 non
1374 4434 1544 4486 solum
1574 4434 1704 4490 dicit
1733 4438 1811 4489 in-

192 4512 613 4577 credulilatem,
654 4515 747 4569 sed
802 4518 965 4571 etiam
1014 4525 1494 4579 murmurationes.
1554 4528 1806 4597 Quorum,

196 4606 398 4675 inquit,
419 4607 670 4661 cadavera
692 4620 944 4678 prostrata
965 4622 1081 4664 sunt
1103 4613 1156 4667 in
1177 4614 1372 4670 deserto
1397 4617 1473 4686 (11
1480 4619 1584 4674 ebr.
1613 4625 1665 4677 3.
1692 4625 1805 4697 17).

198 4690 410 4745 Deinde
439 4708 506 4744 ne
536 4693 658 4759 quis
681 4694 955 4749 existimet
980 4698 1123 4765 quod
1152 4701 1491 4757 solummodo
1516 4690 1810 4775 privahitur

198 4784 411 4853 requie,
441 4786 716 4855 snbjungit
746 4781 909 4842 etiam
941 4792 1287 4859 supplicium,
1315 4797 1502 4853 dicens
1535 4820 1546 4853 :
1586 4804 1675 4859 12.
1720 4806 1809 4860 ι”ἱ-

194 4892 291 4928 tus
328 4877 465 4929 enim
494 4886 564 4931 est
589 4895 753 4932 sermo
784 4878 879 4933 Dei
907 4890 953 4933 et
984 4882 1179 4952 efﬁcax,
1214 4895 1260 4939 et
1286 4892 1645 4959 penetrabilior
1669 4902 1809 4955 omni

193 4967 377 5037 gladio
435 4969 684 5040 ancipiti,
735 4981 781 5025 et
832 4975 1121 5044 pertingens
1177 4996 1339 5049 usque
1387 4986 1456 5038 ad
1510 4987 1807 5049 divisionem

201 5072 393 5123 anima:
419 5086 480 5123 at:
507 5073 719 5136 spiritus
745 5117 759 5139 ,
792 5092 1095 5148 compagum
1114 5091 1317 5149 quoque
1342 5097 1405 5133 ac
1431 5082 1807 5156 medullarum,

189 5176 246 5217 et
275 5163 527 5215 discretor
552 5166 917 5233 cogitationum
948 5178 992 5221 et
1017 5169 1355 5225 intentionum
1383 5174 1575 5230 cordis.
1606 5176 1703 5232 llic
1736 5180 1812 5232 lo-

191 5253 385 5324 quitur
416 5254 481 5308 de
512 5256 760 5326 gehenna
793 5268 847 5313 et
876 5260 945 5314 de
975 5264 1267 5332 supplicio.
1301 5266 1581 5329 Pervadit.
1614 5273 1806 5340 inquit,

195 5347 254 5399 in
278 5346 492 5407 occulta
521 5349 701 5403 cordis
731 5354 924 5416 nostri,
952 5362 1007 5407 et
1032 5354 1267 5411 dissecat
1293 5360 1552 5415 animam.
1580 5362 1678 5417 ilic
1703 5382 1807 5417 ltmt

190 5447 302 5501 est,
339 5441 581 5493 membra
614 5456 737 5498 esse
769 5455 1058 5514 prostrata,
1091 5464 1266 5515 neque
1302 5460 1444 5506 terra
1476 5470 1598 5509 esse
1630 5459 1810 5525 priva-

206 5542 319 5595 tos,
355 5532 499 5592 sicut
530 5534 657 5598 illic,
687 5537 781 5590 sed
812 5553 981 5609 regno
1012 5542 1269 5597 caelorum
1294 5587 1308 5609 ,
1342 5558 1396 5599 et
1432 5557 1647 5602 teternae
1678 5551 1808 5605 tradi

192 5625 486 5694 gehennae,
512 5638 567 5681 et
587 5628 876 5686 immortali
905 5649 1076 5702 pinna:
1097 5652 1160 5690 ac
1184 5653 1261 5707 sui
1286 5639 1466 5709 plieio.
1495 5641 1602 5697 Sed
1622 5645 1811 5697 art/tor-

194 5718 381 5771 Matini
408 5718 738 5789 vosmetipsos
766 5723 963 5806 (Hebr.
1008 5729 1059 5783 5.
1115 5729 1236 5801 l5).
1278 5732 1408 5789 Vide
1444 5739 1804 5793 mansuetudi-

1660 5848 1687 5881 \

1894 382 2017 421 nem
2047 376 2102 421 et
2122 367 2421 421 lenitatem.
2446 363 2559 419 Non
2581 362 2739 429 dixit,
2767 363 3065 434 lncrcpate,
3095 363 3213 430 sed,
3242 365 3502 419 Adhorta-

1893 460 2039 513 mini.
2072 456 2147 513 lta
2188 472 2287 512 nos
2330 464 2544 526 oportet
2587 469 2781 526 gerere
2824 455 2877 510 in
2915 471 3013 512 eos
3052 456 3142 526 qui
3187 469 3499 528 premuntur

1895 553 2203 608 afﬂictione.
2227 550 2341 605 lloe
2362 550 2525 604 etiam
2548 547 2679 604 dicit
2699 547 2946 604 scribens
2966 548 3035 604 ad
3057 548 3501 605 Thessalonicen-

1896 661 2019 701 ses:
2046 623 2321 699 Atiniam-te
2360 643 2628 713 inquietos.
2654 640 3032 696 Pusillanimes
3054 653 3231 696 autem
3266 656 3373 698 non
3405 644 3504 707 sic,

1897 738 2191 810 sed_quid?
2244 726 2596 791 ('onsolamini
2645 732 3037 803 pusilL'mimes,
3084 733 3331 803 suscipite
3355 733 3505 801 inﬁr-

1899 850 2027 895 nios,
2051 833 2301 901 patientes
2326 838 2481 884 estote
2506 828 2575 881 ad
2600 845 2776 883 onmes
2800 827 2892 901 (1.
2923 827 3098 882 Thess.
3127 829 3180 884 5.
3212 830 3279 884 Η
3302 830 3343 899 ).
3368 827 3508 895 Quid

1899 940 2002 990 est,
2022 922 2419 981 Cousotumiui?
2449 921 2561 977 Hoc
2590 931 2695 985 est,
2721 936 2789 977 ne
2814 921 3155 991 desperetis;
3182 936 3249 977 ne
3270 921 3508 976 animum

1900 1015 2287 1087 despondeatis
2314 1032 2328 1069 :
2361 1029 2487 1069 nam
2520 1013 2613 1085 qui
2644 1030 2753 1069 non
2776 1013 3093 1070 consolatur
3118 1029 3242 1070 eum
3270 1016 3360 1085 qui
3390 1029 3505 1085 pre-

1903 1110 2065 1162 mitur
2090 1105 2403 1173 amictione,
2428 1121 2551 1160 eum
2580 1104 2759 1161 reddit
2785 1104 3083 1161 duriorem.
3108 1103 3180 1162 Ut
3206 1121 3314 1161 non
3340 1105 3510 1161 obdu-

1905 1212 2078 1263 retur,
2110 1200 2311 1271 inquit,
2336 1200 2458 1269 quis
2486 1214 2549 1253 ex
2581 1198 2733 1254 vobis
2759 1196 2973 1253 fallacia
3003 1200 3227 1269 peccati.
3254 1200 3361 1254 Aut
3384 1198 3512 1254 dicit

1904 1294 2167 1350 lailuciam
2196 1291 2397 1346 diaboli
2432 1308 2443 1345 :
2478 1290 2725 1361 deceptio
2748 1290 2894 1346 enim
2920 1300 3003 1345 est
3031 1289 3165 1345 nihil
3196 1298 3513 1361 exspectare

1903 1388 1972 1442 de
2001 1384 2193 1440 l'uturis
2216 1427 2229 1449 ,
2264 1385 2587 1440 CXISliiilal‘e
2625 1400 2731 1437 non
2772 1398 2895 1440 esse
2939 1382 3269 1440 reddendam
3299 1400 3330 1439 a
3361 1382 3515 1439 nobis

1907 1478 2170 1532 rationem
2199 1519 2214 1541 ,
2251 1486 2306 1531 et
2337 1490 2527 1530 eormn
2558 1491 2680 1546 qua:
2710 1474 2798 1530 hic
2825 1492 2853 1527 ει
2885 1475 3041 1530 nobis
3068 1485 3219 1546 gesta
3249 1482 3379 1531 sunt
3407 1491 3515 1531 nou

1905 1579 2130 1623 daturos
2180 1582 2404 1638 poenas,
2457 1582 2558 1623 nec
2605 1567 2837 1622 futuram
2896 1567 3372 1623 resurrectionem.
3416 1572 3517 1624 Aut

1907 1662 2093 1724 aliter,
2126 1661 2374 1730 deccptio
2404 1669 2483 1715 est
2508 1660 2641 1715 nihil
2670 1660 2860 1717 dolere
2882 1703 2897 1729 ,
2925 1670 3019 1716 aut
3040 1660 3354 1732 desperatio
3388 1679 3402 1715 :
3435 1661 3518 1717 di-

1908 1768 2034 1806 cere
2060 1752 2228 1812 t‘Biltl,
2262 1750 2399 1817 Quid
2431 1750 2593 1806 vero?
2626 1752 2796 1807 semel
2828 1752 3070 1824 peccavi,
3094 1753 3241 1807 nulla
3274 1762 3358 1809 est
3387 1753 3529 1817 mihi

1912 1862 2038 1915 spes
2064 1862 2150 1899 nte
2179 1845 2487 1913 recreandi,
2508 1854 2591 1899 est
2617 1845 2887 1916 dereptio.
2919 1846 3121 1902 Deinde
3147 1848 3228 1904 eis
3251 1862 3401 1918 spem
3428 1849 3520 1900 im.

1911 1938 2092 2000 mittit,
2125 1938 2313 1992 dicens
2345 1956 2357 1990 ε
2397 1936 2683 2008 Participes
2715 1936 2903 1994 Christi
2930 1938 3098 2007 effecti
3118 1957 3297 1995 sumus
3326 1939 3521 2012 (Hebr.

1912 2030 1967 2085 5.
2001 2030 2068 2082 14
2094 2030 2145 2094 );
2176 2029 2568 2099 propemodum
2616 2032 2806 2087 dicens
2837 2050 2849 2085 ε
2882 2031 2984 2101 Qui
3035 2050 3133 2089 nos
3181 2035 3251 2087 ita
3298 2032 3486 2088 dilexit
3512 2075 3524 2097 ,

1911 2120 2003 2190 qui
2034 2136 2133 2174 nos
2161 2122 2295 2174 tanti
2325 2120 2450 2175 fecit
2473 2130 2528 2174 ut
2551 2136 2705 2176 suum
2731 2137 2929 2193 Corpus
2953 2123 3182 2188 laceret,
3210 2140 3316 2178 non
3347 2123 3523 2193 despi-

1915 2210 2021 2264 ciet
2051 2218 2359 2278 pereuntes.
2386 2209 2723 2282 Cogitemus,
2750 2214 2945 2285 inquit,
2972 2217 3295 2288 quibusnam
3323 2217 3524 2291 dignati

1915 2317 2102 2358 sumus
2130 2322 2144 2357 ε
2176 2320 2274 2359 nos
2300 2315 2353 2359 et
2378 2305 2628 2361 Christus
2654 2325 2821 2363 unum
2844 2324 3054 2367 sumus.
3080 2310 3163 2367 Ne
3184 2326 3317 2383 ergo
3341 2312 3393 2369 ei
3416 2328 3528 2367 non

1915 2394 2217 2451 credamus.
2266 2397 2328 2451 Et
2365 2414 2554 2454 rursus
2584 2401 2743 2456 tacite
2771 2402 3040 2473 signiﬁcat
3068 2403 3202 2459 illud
3229 2403 3374 2475 quod
3399 2404 3525 2459 alibi

1915 2485 2116 2542 dictum
2145 2498 2251 2554 est,
2276 2488 2337 2543 Si
2365 2493 2694 2557 sustinemus,
2728 2504 2773 2548 et
2802 2496 3225 2567 conregnabimus
3255 2495 3349 2569 (2.
3384 2494 3529 2550 Tim.

1915 2580 1968 2634 2.
2005 2581 2131 2652 12),
2159 2581 2272 2638 Hoc
2295 2584 2441 2638 enim
2464 2594 2567 2650 est,
2596 2582 2748 2639 Facti
2769 2602 2946 2641 sumus
2971 2588 3249 2659 participes
3270 2604 3289 2642 :
3313 2603 3531 2643 eorum-

1914 2672 2038 2727 dem
2068 2688 2254 2729 sumus
2285 2676 2595 2746 participes,
2626 2693 2859 2749 quorum
2891 2692 2972 2734 eSt
3004 2677 3274 2735 Christus.
3310 2681 3530 2735 Adhor-

1919 2774 2060 2817 tatus
2091 2775 2175 2820 est
2201 2764 2270 2820 ab
2303 2767 2367 2820 iis
2402 2784 2521 2837 qua:
2564 2780 2692 2823 sunt
2740 2769 2878 2824 bona
2915 2779 2969 2825 et
3011 2772 3158 2825 utilia
3194 2792 3208 2826 :
3241 2770 3531 2841 Participes

1918 2857 2066 2916 enim,
2102 2856 2294 2926 inquit,
2328 2874 2505 2912 sumus
2536 2857 2752 2913 Christi.
2785 2861 2989 2916 Deinde
3020 2876 3207 2915 lUl’SuS
3230 2878 3259 2917 a
3284 2863 3531 2916 tristibus

1916 2959 1970 3000 et
2008 2948 2252 3003 inolestis
2286 2970 2299 3004 :
2336 2948 2626 3007 Timeamus
2673 2971 2735 3007 ne
2773 2954 2909 3024 forte
2951 2956 3125 3009 relicta
3160 2955 3533 3027 pollicitatione

1916 3038 2209 3093 introeundi
2237 3043 2287 3095 in
2319 3044 2539 3115 requiem
2567 3046 2677 3115 ejus
2697 3088 2712 3109 ,
2743 3048 3059 3101 existimetur
3086 3050 3272 3118 aliquis
3299 3067 3362 3104 ex
3388 3049 3532 3104 nobis

1917 3132 2104 3186 det-sse.
2136 3133 2269 3187 illud
2299 3134 2443 3188 enim
2475 3147 2559 3191 est
2586 3140 2952 3208 perSpicuum,
2981 3150 3034 3195 et
3064 3142 3131 3196 de
3161 3156 3269 3211 quo
3296 3153 3529 3196 constat.

1922 3219 2273 3277 Probat-erunt
2318 3242 2419 3293 me,
2454 3236 2499 3280 et
2550 3228 2781 3282 viderunt
2832 3247 2993 3300 opera
3034 3248 3144 3285 mea
3186 3233 3533 3305 quadraginta

1916 3317 2085 3371 annis.
2117 3316 2306 3386 Viden,
2331 3319 2472 3390 quod
2509 3336 2614 3376 non
2644 3332 2890 3393 oporteat
2918 3342 2943 3378 ιι
2982 3325 3091 3381 Deo
3119 3328 3337 3397 exigere
3364 3330 3533 3384 ratio-

1919 3424 2041 3462 nem
2068 3453 2081 3474 ,
2112 3410 2206 3465 sed
2234 3413 2350 3467 sive
2381 3428 2480 3468 nos
2510 3414 2797 3483 defendat,
2832 3418 2948 3473 sive
2995 3432 3104 3473 non
3127 3460 3142 3485 ,
3175 3422 3225 3475 ei
3264 3422 3534 3479 credere?

1917 3515 2061 3555 nunc
2104 3504 2248 3556 enim
2296 3518 2392 3559 eos
2440 3505 2745 3570 insimulat,
2780 3509 2925 3578 quod
2970 3511 3137 3565 Deum
3182 3516 3529 3573 tentaverinl.

1918 3592 2050 3648 Nam
2079 3598 2170 3666 qui
2194 3598 2307 3652 vult
2330 3601 2577 3671 accipere
2601 3605 2947 3672 probationes
2970 3607 3089 3678 ejus
3111 3619 3205 3664 aut
3228 3616 3532 3680 potestatis,

1917 3698 2009 3742 aut
2039 3690 2413 3760 providentire,
2449 3704 2542 3749 aut
2568 3711 2714 3752 cura:
2735 3740 2749 3762 ,
2781 3698 3020 3754 nondum
3052 3702 3228 3757 credit
3256 3718 3379 3758 eum
3410 3721 3535 3766 esse

1920 3787 2193 3846 potentem
2224 3823 2239 3845 ,
2274 3798 2374 3838 nec
2403 3787 2455 3839 in
2488 3786 2737 3842 homines
2771 3788 3064 3861 benignum
3097 3804 3152 3847 et
3183 3794 3530 3851 clementem.

1922 3871 2036 3926 lloe
2065 3876 2225 3929 etiam
2262 3875 2330 3931 ad
2363 3876 2464 3933 hos
2494 3880 2739 3935 scribens
2766 3883 3073 3940 subindieat
3098 3930 3113 3952 ,
3140 3888 3254 3956 jam
3291 3888 3535 3947 volentes

1920 3966 2149 4023 fortasse
2169 3969 2285 4038 ejus
2305 3972 2613 4040 potestatis,
2631 3990 2882 4047 cornaque
2904 3993 2968 4032 ac
2994 3981 3347 4048 providentia:
3369 3999 3533 4051 quam

1920 4073 2106 4113 eorum
2143 4062 2281 4130 gerit
2313 4065 2768 4123 examinationem
2798 4078 2852 4123 et
2884 4071 3257 4140 probationem
3288 4077 3535 4146 accipere

1924 4150 1974 4203 in
2008 4153 2416 4209 tentationibus.
2451 4156 2609 4212 Vides
2640 4160 2782 4229 quod
2816 4177 2881 4216 ex
2914 4162 3289 4221 incredulitate
3318 4182 3535 4239 semper

1922 4255 2005 4299 est
2039 4246 2267 4302 irritatio
2295 4258 2349 4304 et
2379 4250 2447 4305 ad
2474 4252 2606 4305 iram
2655 4257 3006 4324 provocatio?
3041 4257 3180 4325 Quid
3209 4275 3337 4330 ergo
3362 4248 3535 4317 dicit?

1924 4335 2105 4410 Itaque
2132 4341 2436 4413 relinquitur
2460 4345 2796 4402 sabbatismus
2824 4350 3014 4421 populo
3050 4352 3161 4405 Dei.
3194 4351 3325 4407 Vide
3351 4364 3532 4410 autem

1923 4433 2199 4501 quomodo
2231 4444 2396 4489 totam
2430 4439 2735 4495 orationem
2776 4454 3114 4514 perspectam
3160 4448 3534 4508 ratiocinando

1928 4525 2168 4596 collegit.
2206 4526 2435 4595 Juravit,
2464 4532 2653 4602 inquit,
2685 4536 2975 4604 prioribus,
3001 4555 3097 4593 eos
3125 4556 3229 4594 non
3259 4543 3531 4613 ingressu-

1928 4634 2017 4672 ros
2046 4620 2097 4673 in
2130 4624 2391 4692 requiem,
2421 4636 2474 4681 et
2504 4643 2611 4681 non
2644 4630 2872 4699 ingressi
2901 4644 3049 4687 sont.
3085 4634 3289 4691 Deinde
3317 4647 3433 4707 post
3463 4639 3533 4693 il-

1928 4710 2011 4767 los
2040 4713 2202 4785 longo
2231 4724 2476 4785 tempore
2512 4719 2738 4790 loquens
2769 4737 2891 4776 eum
2919 4720 3141 4791 Juda-is,
3176 4728 3321 4793 dicit,
3360 4728 3536 4786 Nolite

1924 4804 2169 4861 indurare
2193 4810 2349 4862 corda
2376 4822 2561 4876 vestra,
2586 4814 2716 4868 sicut
2744 4826 2915 4885 patres
2943 4821 3113 4875 uestri.
3142 4820 3293 4877 Unde
3321 4826 3531 4895 perspi-

1924 4909 2081 4950 cuum
2107 4909 2189 4951 est
2213 4899 2355 4969 quod
2381 4902 2447 4954 sit
2476 4904 2576 4957 alia
2608 4907 2841 4975 requies.
2872 4908 3001 4961 Nam
3025 4909 3093 4965 de
3119 4912 3398 4970 Paltestina
3424 4933 3533 4973 non

1926 5005 2211 5059 possumus
2237 4994 2453 5058 dicere:
2480 5012 2598 5051 eam
2626 5001 2824 5070 quippe
2854 5003 3123 5058 habebant
3160 5024 3172 5059 :
3204 5007 3272 5059 de
3300 5011 3534 5077 septimo

1922 5090 2011 5144 die
2040 5101 2222 5145 autem
2254 5091 2359 5146 dici
2390 5108 2497 5147 non
2528 5102 2732 5162 potest;
2778 5109 2885 5149 non
2914 5097 3058 5152 enim
3086 5097 3154 5153 de
3180 5115 3246 5155 eo
3275 5102 3532 5172 loqueba-

1926 5190 2044 5245 tur,
2078 5184 2169 5252 qui
2198 5184 2323 5238 olim
2356 5186 2474 5240 luit.
2509 5188 2685 5242 Aliam
2729 5204 2859 5260 ergo
2904 5191 3107 5259 innuit,
3142 5208 3261 5264 qua:
3294 5211 3420 5251 vere
3452 5209 3534 5253 est

1928 5275 2160 5344 requies.

1998 5369 2048 5421 4.
2087 5368 2249 5440 Regni
2273 5374 2518 5426 (telorum
2546 5374 2785 5443 felicitas.
2806 5407 2878 5417 -—
2901 5376 3107 5433 Revera
3151 5381 3296 5435 enim
3328 5392 3412 5437 est
3446 5384 3532 5437 illa

1928 5461 2144 5527 requies
2167 5503 2180 5525 ,
2216 5463 2304 5517 tibi
2335 5463 2542 5534 aufugit
2569 5466 2727 5520 dolor
2749 5508 2762 5531 ,
2797 5467 3011 5522 tristitia
3042 5482 3097 5525 et
3122 5474 3391 5541 gemitus;
3446 5479 3531 5529 niti

1930 5566 2102 5621 neque
2137 5569 2311 5622 curae,
2370 5573 2543 5627 neque
2596 5561 2842 5626 labores,
2892 5579 3068 5633 neque
3110 5581 3313 5637 angor,
3360 5588 3536 5642 neque

1930 5654 2105 5699 metus
2135 5648 2371 5702 animam
2406 5651 2706 5719 percellens
2737 5662 2791 5708 et
2821 5656 3099 5723 quatiens,
3132 5659 3226 5713 sed
3258 5662 3407 5715 stilus
3446 5664 3534 5717 l‘a-i

1931 5746 2105 5794 metus
2134 5737 2324 5811 plenus
2359 5743 2652 5813 voluptate.
2677 5744 2790 5802 Non
2817 5748 2925 5805 illic
2956 5750 3227 5822 audietur,
3257 5752 3321 5807 In
3350 5760 3536 5808 antth
