4020 6400
581 281 650 332 S9
1347 268 1402 321 5.
1442 263 1714 320 JOANNIS
1751 259 2140 315 ειιιιγδυδϊυ

2253 256 2562 310 AllClllEl’.
2607 256 3131 312 (ZONSTANTINOP.
3786 261 3854 313 ϐυ

568 370 734 416 iullus
755 365 827 416 tui
855 366 1059 418 vesceris
1084 382 1214 433 pane
1233 375 1338 429 tuo,
1367 382 1536 436 neque
1558 368 1740 434 spinas
1765 411 1778 434 ,
1823 385 1999 440 neque
2044 372 2139 426 tri-

572 455 726 509 bulos
747 457 1066 525 gerininabit
1101 454 1213 511 tibi.
1247 458 1360 512 Non
1388 468 1472 512 est
1499 459 1727 529 amplius
1749 503 1764 526 ,
1794 460 1859 516 In
1887 463 2144 519 doloribus

572 547 734 608 paries
759 546 893 613 ﬁlios
919 560 1049 610 tuos,
1083 558 1158 610 et,
1190 548 1270 600 Ad
1298 548 1459 601 virum
1483 559 1624 603 tuum
1655 553 1910 607 conversio
1941 565 2027 608 tua
2047 597 2061 621 ,
2095 567 2140 609 et

571 651 675 702 ipse
695 637 783 689 tibi
803 637 1143 690 dominabitur
1170 635 1334 706 (Gen.
1370 640 1423 693 5.
1460 641 1544 694 19.
1579 642 1665 696 18.
1696 641 1800 713 16)
1825 658 1842 702 ;
1866 659 2041 698 omnia
2070 648 2140 700 ibi

571 739 691 783 sunt
716 743 844 798 pax,
872 731 1144 799 gaudium,
1179 730 1381 794 lietitia,
1414 732 1678 800 voluptas,
1709 734 1919 788 bonitas
1945 778 1958 801 ,
1991 753 2140 791 man-

569 819 819 883 snetudo’,
851 820 1097 888 aequitas,
1128 821 1344 875 caritas.
1378 821 1492 876 Non
1521 833 1600 876 est
1631 823 1740 877 illic
1769 826 2040 881 annulatio
2087 838 2141 882 et

572 911 786 978 invidia,
819 927 923 966 non
950 913 1168 967 morbus
1191 955 1204 976 ,
1237 929 1340 968 non
1370 914 1482 969 lure
1528 930 1672 969 mors
1715 918 1987 984 corporis,
2037 935 2142 974 non

569 1007 658 1058 illa
707 1018 853 1059 mors
899 1005 1128 1071 animm,
1180 1020 1284 1060 non
1334 1017 1458 1061 sunt
1503 1011 1734 1063 tenebras
1782 1025 1953 1081 neque
2000 1029 2142 1069 nux:

569 1095 746 1148 omnia
774 1105 899 1149 sunt
925 1095 1064 1160 dies,
1097 1097 1272 1150 omnia
1304 1098 1389 1151 lux
1412 1140 1425 1162 ,
1458 1099 1637 1153 omnia
1678 1101 1854 1170 quies.
1897 1102 2013 1156 Non
2063 1120 2147 1165 est

571 1188 676 1242 illis
705 1187 1037 1258 defatigatio,
1066 1204 1170 1243 non
1201 1191 1452 1246 satietas:
1482 1206 1696 1263 semper
1720 1196 1925 1252 erimus
1953 1196 2005 1251 in
2027 1213 2148 1268 per-

569 1291 732 1349 petuo
763 1280 1025 1336 bonorum
1057 1281 1350 1337 desiderio.
1385 1282 1629 1340 Vultisne
1677 1285 1796 1341 dem
1846 1289 2005 1342 etiam
2052 1290 2148 1344 ali-

568 1388 727 1440 quam
761 1373 1043 1443 imaginem
1074 1375 1191 1442 ejus
1217 1377 1304 1444 qui
1343 1375 1451 1430 illic
1493 1389 1574 1431 est
1616 1381 1824 1433 status?
1859 1380 1996 1436 Fieri
2043 1400 2145 1436 non

572 1473 782 1533 potest;
814 1475 1179 1520 verumtamen
1201 1510 1216 1533 ,
1244 1468 1416 1537 quoad
1440 1470 1557 1540 ejus
1585 1471 1696 1525 ﬁeri
1730 1475 1922 1542 poterit
1947 1516 1961 1538 ,
2011 1476 2115 1530 ima

570 1559 750 1626 ginem
776 1558 926 1613 vobis
953 1558 1186 1628 aliquam
1216 1561 1431 1618 tentabo
1461 1563 1766 1621 ostendere.
1787 1567 2150 1638 Snspieiamus

570 1648 789 1714 celum,
820 1649 1035 1718 quando
1066 1649 1211 1704 nulla
1244 1652 1385 1708 nube
1428 1655 1814 1713 interturbante
1861 1675 2009 1714 suam
2057 1675 2147 1716 os-

574 1740 742 1794 tendit
786 1756 1039 1796 coroaam
1066 1759 1081 1795 :
1111 1743 1306 1800 deinde
1341 1760 1462 1800 cum
1494 1746 1656 1818 longo
1689 1761 1929 1819 tempore
1958 1753 2148 1810 immo-

573 1832 675 1885 rati
706 1831 964 1888 fuerimus
995 1835 1045 1888 in
1073 1836 1471 1904 pulchritudine
1500 1839 1618 1910 ejus
1647 1853 1897 1912 aspectus
1923 1886 1936 1909 ,
1970 1850 2148 1902 consi-

572 1923 824 1978 deremus
851 1921 991 1994 quod
1017 1926 1200 1982 solum
1228 1944 1438 2001 quoque
1468 1932 1784 1992 habebimus
1805 1979 1819 2003 ,
1854 1955 1958 1993 non
1995 1942 2152 2010 quale

576 2013 857 2076 habemus.
887 2015 980 2070 sed
1008 2018 1152 2086 quod
1181 2028 1262 2073 est
1286 2030 1430 2076 tanto
1459 2024 1749 2092 pulchrius,
1781 2039 1979 2098 quanto
2000 2035 2154 2088 tectis

582 2106 740 2159 luteis
766 2115 850 2160 est
879 2122 1065 2161 aurum
1105 2110 1378 2178 pulchrius
1403 2155 1417 2178 ,
1467 2123 1522 2169 et
1560 2126 1683 2186 post
1729 2119 1857 2173 illud
1882 2162 1896 2183 ,
1958 2131 2152 2179 tectum

577 2210 765 2252 rursus
797 2198 1067 2268 superius.
1105 2200 1310 2256 Deinde
1335 2205 1555 2274 angelos
1580 2247 1595 2270 ,
1626 2209 1996 2280 archangelns,
2035 2215 2153 2268 infi-

577 2288 718 2343 nitos
748 2290 973 2358 pOpttlos
1000 2291 1432 2360 incorporearum
1462 2297 1789 2354 Potestatam
1817 2344 1830 2364 ,
1865 2303 2029 2372 ipsam
2063 2308 2151 2363 liei

579 2381 774 2448 regiam
800 2421 814 2442 ,
847 2381 1094 2436 thronum
1121 2383 1431 2441 Paternum.
1462 2387 1566 2443 Sed
1597 2405 1701 2444 non
1727 2403 1917 2460 potest.
1946 2406 2000 2449 ut
2022 2397 2150 2465 dixi,

582 2478 754 2532 oratio
797 2481 1097 2532 universum
1149 2493 1530 2549 repraesentare
1571 2493 1625 2536 et
1669 2481 1981 2550 explicare:
2015 2497 2150 2552 opus

582 2577 666 2620 est
693 2569 1052 2636 experientia,
1083 2579 1133 2623 et
1159 2571 1459 2639 Cognitione
1485 2587 1601 2641 quae
1632 2582 1714 2626 est
1745 2587 1838 2642 per
1865 2575 2151 2641 experien-

587 2661 735 2711 tiam.
763 2658 1062 2723 Quomodo,
1089 2659 1173 2714 die
1199 2661 1348 2728 mibi,
1373 2662 1687 2717 existimatis
1705 2663 1966 2717 Adamum
1991 2662 2155 2719 fuisse

584 2750 635 2801 in
686 2751 974 2818 paradiso?
1014 2751 1184 2806 Tanto
1232 2755 1422 2808 melior
1465 2770 1625 2826 quam
1659 2756 1746 2809 illa
1778 2766 1857 2810 est
1887 2757 2001 2811 haec
2030 2757 2152 2813 vita:

581 2838 836 2907 degenda:
874 2842 1028 2904 ratio,
1059 2854 1255 2911 quanto
1287 2845 1472 2898 crelum
1491 2855 1571 2898 est
1588 2854 1730 2900 terra
1748 2847 1957 2902 melius.
1980 2847 2153 2903 Ctete-

593 2945 708 2982 rum
740 2930 894 2984 aliam
926 2948 1134 3002 quoque
1175 2935 1498 3004 inquiramus
1524 2937 1827 3005 imaginem.
1861 2938 1914 2992 Si
1942 2941 2151 2994 contin-

580 3030 732 3087 geret
773 3035 892 3073 eum
916 3022 1001 3089 qui
1035 3038 1174 3077 nunc
1216 3025 1422 3079 obtinet
1465 3025 1742 3094 imperium
1764 3069 1778 3094 ,
1809 3031 1970 3083 totius
1997 3031 2144 3084 orbis

583 3119 739 3163 terra:
767 3119 947 3164 tenere
972 3112 1330 3180 dominatum;
1363 3117 1554 3173 deinde
1585 3135 1681 3174 nec
1722 3121 1874 3175 bellis
1923 3124 2100 3176 \‘BXari
2125 3164 2140 3189 ,

577 3215 676 3252 nec
705 3201 1163 3264 sollicitudinibus.
1198 3207 1289 3259 sed
1321 3207 1493 3261 solum
1538 3208 1786 3264 honorari
1840 3221 1895 3265 et
1942 3212 2146 3281 degere

573 3288 630 3340 in
658 3287 882 3350 deliciis,
915 3299 967 3342 et
998 3294 1189 3347 inultos
1217 3295 1432 3362 quidem
1462 3297 1659 3352 habere
1702 3300 1958 3354 satellites
1988 3342 2001 3365 ,
2049 3317 2145 3355 au-

580 3395 694 3432 rum
726 3391 900 3435 autem
931 3383 1159 3453 undique
1187 3387 1250 3438 ad
1279 3402 1398 3440 eum
1425 3387 1672 3454 affluere,
1703 3399 1757 3445 et
1802 3406 1919 3445 esse
1967 3395 2142 3462 suSpi-

581 3471 847 3537 ciendum,
881 3475 1085 3542 qualem
1116 3479 1227 3544 ejus
1255 3480 1484 3533 animum
1518 3482 1747 3537 futurum
1779 3500 1895 3538 esse
1926 3487 2138 3552 putatis,

573 3562 615 3614 si
650 3561 843 3631 ubique
875 3573 1138 3620 terrarum
1171 3569 1368 3622 videret
1395 3570 1530 3624 bella
1555 3575 1832 3627 cessasse?
1857 3575 1982 3629 Tale
2017 3578 2139 3645 quid

573 3661 697 3704 tunc
722 3652 857 3706 erit:
892 3655 1002 3708 imo
1026 3672 1151 3709 vero
1178 3660 1402 3712 necdum
1453 3662 1593 3715 illam
1640 3668 1906 3733 asseqnuti
1956 3683 2140 3722 sumus

571 3741 849 3811 imaginem
885 3762 897 3796 :
927 3748 1273 3814 quamobrem
1305 3763 1515 3819 Oportet
1545 3754 1718 3808 adhuc
1761 3757 1916 3810 aliam
1965 3760 2137 3828 inqui-

569 3849 708 3887 rere.
739 3834 917 3906 Itaque
948 3840 1118 3908 cogita
1148 3843 1272 3895 mihi
1306 3843 1560 3898 infantem
1591 3847 1930 3915 Imperatoris
1951 3893 1963 3914 ,
1996 3853 2134 3921 quod

567 3924 821 3991 quamdiu
863 3927 1076 3996 quidem
1111 3931 1265 3985 fuerit
1314 3933 1365 3987 in
1410 3945 1589 4002 utero,
1642 3938 1768 3991 nihil
1815 3943 2005 4006 sentit;
2053 3945 2132 3997 sin

566 4026 742 4070 autem
771 4022 1051 4089 contigerit
1080 4023 1224 4076 illum
1258 4037 1476 4094 repente
1509 4044 1809 4098 engSsum,
1843 4034 2133 4090 ascendere

567 4110 814 4164 tiu-onum
837 4113 1258 4181 imperatorium,
1295 4129 1349 4172 et
1376 4137 1478 4174 non
1507 4124 1795 4191 paulatim,
1839 4129 1931 4180 sed
1979 4131 2130 4184 simul

1865 4293 2210 4360 HOMILIA.

556 4399 682 4452 Car.
716 4401 765 4452 .i.
807 4417 856 4454 ν.
893 4403 975 4456 ll.
1035 4401 1350 4460 It‘estincmus
1395 4425 1510 4477 ergo
1559 4411 1756 4481 ingredi
1792 4414 1843 4466 in
1879 4417 2019 4469 illaut
2057 4435 2138 4472 re-

626 4493 789 4557 quiem
814 4532 828 4554 ,
871 4503 922 4543 ut
970 4510 1032 4546 ne
1081 4497 1131 4546 in
1169 4498 1384 4565 idipsnin
1416 4501 1526 4566 quis
1555 4504 1744 4556 incidat
1770 4507 2136 4563 incredulitatis

625 4581 931 4648 cxcntplum.
964 4583 1050 4636 12.
1095 4583 1245 4637 Vivus
1276 4597 1348 4639 est
1381 4591 1510 4641 enim
1537 4609 1700 4645 sermo
1730 4593 1824 4648 Dei
1850 4607 1897 4649 et
1938 4600 2128 4668 efﬁcax,

624 4682 671 4724 et
698 4673 1052 4740 peuetrabilior
1099 4679 1234 4729 omni
1263 4680 1434 4747 gladio
1466 4685 1670 4750 ancipiti
1698 4727 1710 4746 ,
1760 4696 1805 4739 et
1851 4693 2133 4760 pertingens

622 4781 779 4830 usque
803 4767 869 4816 ad
893 4765 1184 4820 divisionem
1208 4773 1390 4824 anima’
1415 4783 1459 4825 et
1481 4775 1704 4842 spiritus,
1731 4794 2131 4850 compagumque

624 4871 683 4905 ac
709 4855 1042 4910 medullarum
1069 4901 1083 4924 ,
1117 4869 1160 4912 et
1193 4862 1435 4915 discretor
1471 4866 1826 4934 cogitationum
1869 4879 1912 4920 et
1964 4871 2130 4925 inten-

626 4952 818 5002 tionum
845 4954 1044 5005 cordis:
1067 4955 1148 5008 l5.
1184 4966 1227 5008 et
1256 4973 1354 5009 non
1377 4970 1446 5010 est
1473 4960 1579 5012 ulla
1609 4972 1840 5015 creatura
1866 4965 2130 5020 invisibilis

621 5042 672 5091 in
704 5054 967 5108 conspectu
993 5046 1142 5112 ejus;
1172 5049 1340 5100 omnia
1370 5062 1535 5102 autem
1565 5053 1699 5106 nuda
1724 5065 1769 5108 et
1797 5067 1972 5124 aperta
2010 5069 2126 5112 sunt

619 5134 774 5186 oculis
797 5137 925 5204 ejus,
947 5139 1015 5190 ad
1035 5155 1181 5206 quem
1207 5141 1345 5194 nobis
1372 5161 1555 5198 sermo.

623 5330 670 5381 Ι.
719 5329 874 5382 Fides
921 5349 1004 5386 res
1049 5345 1131 5388 est
1173 5354 1355 5403 magna
1411 5352 1462 5393 et
1503 5342 1771 5408 salutaris,
1827 5359 1878 5400 et
1925 5350 2123 5418 absque

547 5437 606 5471 ea
653 5420 765 5473 fieri
808 5439 910 5475 non
961 5433 1134 5493 potest
1172 5439 1224 5479 ut
1261 5432 1387 5483 salvi
1438 5433 1622 5486 simus.
1678 5438 1745 5488 Λι
1796 5454 1898 5490 non
1942 5451 2115 5507 potest

547 5523 643 5577 per
669 5525 726 5563 se
750 5512 860 5566 sola
889 5513 936 5566 id
960 5514 1196 5581 efﬁcere,
1233 5519 1322 5572 sed
1353 5522 1511 5588 proba
1538 5527 1693 5577 etiam
1742 5527 1843 5580 vita
1891 5532 2119 5598 requiri-

546 5610 652 5652 tur.
689 5600 810 5653 ideo
842 5603 1034 5660 Paulus
1061 5623 1270 5677 quoque
1302 5627 1392 5665 eos
1421 5614 1668 5668 adut-met
1713 5619 1798 5686 qui
1840 5620 1945 5687 jam
1997 5634 2121 5678 sunt

544 5689 742 5757 dignati
770 5697 1053 5764 mysteriis,
1084 5698 1262 5756 dicens
1294 5720 1304 5754 :
1337 5701 1645 5759 ("cstiricmus
1675 5709 1864 5776 ingrati
1897 5707 1944 5763 iu
1974 5713 2114 5766 illaut

2255 371 2306 418 et
2333 371 2555 432 repente
2584 362 2761 417 omnia
2791 362 3071 432 accipere:
3097 363 3175 418 sic
3197 367 3298 418 erit
3322 363 3405 417 hic
3427 373 3481 418 et
3505 362 3594 419 ille
3626 374 3848 417 status:

2254 465 2345 510 aut
2373 466 2429 509 ut
2454 455 2498 509 si
2529 455 2646 525 quis
2671 455 2758 524 qui
2792 453 2948 509 fuerit
2976 456 3026 510 in
3056 456 3278 511 vinculis
3298 497 3314 520 ,
3345 456 3481 510 mala
3515 471 3716 525 passus
3762 457 3844 509 in-

2256 546 2626 611 numerabilia,
2661 556 2881 616 repente
2907 546 2973 599 ad
3005 546 3187 601 sedem
3217 556 3397 616 raptus
3426 557 3571 601 esset
3603 547 3844 616 regiam.

2253 636 2358 692 Sed
2385 654 2556 709 neque
2585 639 2661 692 sic
2679 638 2961 707 imaginem
2982 654 3098 692 sum
3123 649 3309 695 exacte
3334 647 3678 709 assequutus.
3708 638 3846 693 Nam

2258 728 2346 785 hic
2373 731 2586 801 quidem
2617 731 2877 786 bonorum
2900 747 3021 801 qua:
3055 730 3217 786 fuerit
3238 742 3554 802 asseqnutus
3577 774 3591 798 ,
3622 733 3847 787 etiamsi

2253 822 2422 892 ipsum
2447 822 2646 878 dixeris
2670 839 2912 890 regnum,
2938 823 3111 892 primo
3133 825 3222 878 die
3251 835 3304 880 et
3325 825 3558 881 secundo
3584 826 3642 880 'ct
3677 825 3848 880 tertio

2252 913 2434 982 vigens
2456 911 2610 967 habet
2630 911 2953 968 desiderium
2981 931 2994 978 ;
3022 915 3343 984 procedente
3365 927 3542 972 autem
3566 928 3842 987 tempore.

2249 1014 2430 1058 manet
2455 1005 2665 1073 quidem
2695 1006 2746 1058 in
2774 1005 3043 1075 voluptate
3071 1048 3086 1072 ,
3117 1007 3213 1062 sed
3259 1023 3362 1062 non
3409 1019 3553 1062 tanta
3589 1028 3601 1062 :
3633 1010 3848 1064 desinit

2249 1111 2374 1151 vero
2403 1111 2615 1165 semper
2658 1096 2727 1151 ob
2762 1097 3203 1152 consuetudinem
3251 1099 3662 1169 qualiscumque
3714 1102 3794 1154 sit
3825 1116 3841 1156 :

2250 1188 2359 1244 illic
2384 1201 2560 1244 autem
2593 1207 2696 1246 non
2724 1191 2894 1246 solum
2929 1209 3032 1247 non
3061 1191 3317 1246 minuitur
3337 1234 3352 1258 ,
3397 1191 3491 1246 sed
3520 1193 3684 1246 etiam
3719 1207 3848 1247 crc-

2248 1282 2368 1336 scit.
2401 1280 2587 1352 Cogita
2613 1278 2755 1336 enim
2783 1295 3041 1352 quantum
3090 1285 3161 1338 sit
3206 1286 3476 1351 animam,
3529 1301 3654 1340 cum
3707 1286 3845 1341 illuc

2247 1374 2459 1438 abierit,
2493 1389 2598 1428 non
2628 1375 2856 1442 amplius
2886 1386 3200 1445 exspectare
3229 1377 3389 1431 finem
3419 1377 3626 1433 illorum
3662 1378 3848 1432 bono-

2247 1479 2364 1530 rum
2385 1504 2401 1530 ,
2437 1479 2535 1519 nec
2561 1465 2906 1519 mutationem
2933 1506 2948 1532 ,
2980 1466 3074 1520 sed
3104 1467 3490 1524 incrementum
3519 1510 3533 1532 ,
3567 1479 3620 1524 et
3666 1471 3844 1522 vitam

2248 1568 2368 1623 qua:
2397 1568 2502 1607 non
2539 1554 2698 1609 habet
2725 1555 2881 1609 linem
2903 1597 2916 1620 ,
2948 1557 3016 1610 ab
3043 1558 3188 1611 omni
3218 1558 3428 1626 quidem
3474 1560 3719 1629 periculo
3775 1562 3844 1616 li-

2248 1643 2458 1711 beram,
2487 1648 2632 1701 etab
2663 1647 2807 1701 omni
2833 1649 2995 1702 animi
3023 1650 3335 1718 :rgritudine
3359 1660 3412 1706 et
3441 1651 3841 1718 sollicitudine,

2249 1735 2646 1804 plenamanimi
2672 1737 2866 1807 gaudio
2891 1749 2943 1791 ct
2979 1739 3131 1794 bonis
3158 1740 3471 1795 innumeris.
3503 1742 3557 1797 Si
3587 1744 3738 1798 enim
3789 1744 3845 1798 in

2247 1841 2494 1895 campum
2525 1841 2780 1884 exeuntes
2799 1873 2813 1896 ,
2849 1831 2934 1885 ubi
2961 1831 3200 1888 videmus
3229 1834 3458 1889 militum
3487 1835 3844 1893 tabernacula

2249 1918 2515 1986 tapetibus
2535 1919 2741 1973 confixa
2761 1962 2775 1984 ,
2808 1930 2862 1976 et
2901 1921 3110 1976 lanceas
3137 1933 3192 1978 et
3229 1925 3410 1994 galeas
3435 1934 3488 1980 et
3515 1927 3843 1997 clypeorum

2249 2007 2506 2062 umbones
2527 2009 2950 2079 resplendentes,
2978 2024 3251 2082 smpentes
3293 2025 3348 2070 et
3391 2031 3683 2087 suspensos
3735 2035 3844 2075 nos

2250 2107 2394 2154 tenet
2426 2099 2737 2166 admiratio;
2764 2103 2807 2156 si
2833 2114 3011 2158 autem
3040 2107 3323 2176 contigerit
3351 2109 3534 2165 videre
3559 2126 3746 2181 regem
3785 2115 3838 2166 in

2248 2190 2421 2246 media
2447 2203 2770 2258 currentem,
2799 2204 2891 2249 aut
2918 2197 3076 2250 etiam
3101 2213 3219 2252 cum
3251 2202 3413 2254 armis
3435 2205 3609 2258 aureis
3629 2220 3840 2276 equum

2246 2294 2511 2352 agentem,
2537 2285 2667 2339 nihil
2689 2286 2840 2341 nobis
2860 2287 3048 2344 deesse
3072 2293 3474 2347 existimamus:
3497 2298 3620 2366 quid
3650 2309 3838 2368 putas,

2246 2375 2458 2444 quando
2485 2376 2774 2431 viderimus
2802 2391 3001 2435 mterna
3026 2392 3331 2439 sanctorum
3360 2386 3700 2445 tabernacula
3727 2395 3839 2447 lixa

2248 2467 2299 2520 in
2326 2468 2467 2522 cadis
2490 2467 2512 2521 ?
2540 2467 2832 2538 Suscipient
2862 2473 3028 2537 enim,
3053 2474 3238 2545 inquit,
3266 2492 3351 2532 vos
3379 2481 3638 2536 in‘tetema
3665 2485 3842 2540 taber-

2246 2561 2430 2614 nacula
2457 2559 2624 2629 (Luc.
2657 2561 2744 2617 16.
2778 2562 2848 2634 9)
2876 2582 2888 2617 :
2918 2566 3129 2634 quando
3158 2568 3840 2648 viderisunumquemque

2247 2652 2672 2719 resplendentem
2703 2655 2821 2723 plus
2850 2671 3010 2726 quam
3042 2658 3174 2712 radii
3199 2661 3328 2715 solis
3351 2703 3364 2725 ,
3394 2679 3499 2718 non
3528 2681 3592 2720 ex
3624 2682 3737 2724 aere
3782 2683 3840 2726 et

2246 2742 2410 2805 ferro,
2440 2742 2533 2798 sed
2561 2759 2627 2800 ex
2654 2746 2741 2799 illa
2768 2747 2957 2816 gloria,
2981 2749 3132 2816 cujus
3154 2748 3388 2821 fulgores
3411 2769 3517 2808 non
3547 2767 3726 2825 potest
3749 2763 3839 2816 vi-

2245 2832 2374 2888 dere
2402 2833 2664 2889 humanus
2696 2837 2920 2891 oculus?
2949 2839 3013 2892 Et
3036 2839 3149 2893 haec
3167 2842 3378 2910 quidem
3408 2844 3462 2898 in
3483 2845 3832 2906 hominibus:

2244 2926 2370 2996 quid
2399 2942 2526 2982 vero
2557 2927 2754 2982 dixeris
2783 2929 2945 2983 multa
2987 2932 3296 3001 angelorum
3346 2937 3509 2992 millia
3534 2979 3551 3006 ,
3596 2931 3839 2997 archani-

2245 3019 2504 3087 gelorum,
2527 3019 2831 3085 Cherubim,
2858 3023 3159 3091 Seraphim,
3188 3025 3543 3094 Thronorum,
3575 3032 3840 3088 Domina-

2248 3097 2482 3178 tionum,"
2504 3113 2935 3183 Principatuum,‘
2957 3115 3310 3189 Potcslalum,
3337 3136 3561 3190 quorum
3593 3125 3838 3192 pulchri-

2249 3205 2373 3259 tudo
2400 3220 2609 3260 omnem
2636 3215 2852 3275 superat
2876 3207 3282 3278 intelligen’tiam
3305 3212 3329 3265 ?
3349 3213 3455 3267 Sed
3503 3217 3643 3269 enim
3686 3234 3830 3287 quo-

2248 3312 2412 3365 usque
2445 3313 2546 3350 non
2594 3297 2845 3350 desistam
2893 3313 2953 3351 ea
3003 3301 3246 3370 persequi
3289 3318 3409 3371 qua:
3449 3321 3554 3361 non
3605 3321 3836 3375 possant

2244 3387 2666 3454 comprehendi?
2695 3385 2873 3457 Neque
2901 3389 3044 3443 enim
3069 3392 3243 3446 oculus
3269 3394 3410 3461 vidit,
3449 3395 3638 3466 inquit,
3671 3416 3838 3470 neque

2244 3481 2383 3533 auris
2422 3481 2647 3546 audivit,
2683 3497 2838 3547 neque
2865 3482 3021 3535 incor
3073 3484 3290 3538 hominis
3336 3489 3668 3544 ascenderunt
3716 3512 3838 3561 quae

2246 3569 2384 3624 Dens
2408 3572 2708 3640 praiparavit
2729 3573 2789 3625 iis
2815 3574 2898 3642 qui
2925 3574 3092 3641 ipsum
3131 3575 3348 3649 diligunt
3378 3577 3396 3648 (
3420 3579 3467 3632 1.
3497 3579 3613 3636 Car.
3641 3581 3696 3635 2.
3730 3585 3832 3654 9).

2245 3661 2382 3716 Nihil
2414 3672 2494 3716 est
2520 3679 2645 3732 ergo
2673 3664 3026 3718 miserabilius
3058 3666 3121 3719 iis
3150 3667 3237 3736 qui
3281 3683 3388 3721 non
3433 3685 3830 3740 assequuntur,

2246 3769 2419 3823 neque
2449 3757 2653 3812 beatius
2675 3759 2740 3814 iis
2760 3759 2849 3830 qui
2876 3770 3254 3830 assequuntur.
3287 3761 3464 3817 Simus
3492 3779 3621 3834 ergo
3640 3781 3743 3819 nos
3768 3782 3842 3822 ex

2245 3845 2433 3911 beatis,
2466 3857 2521 3901 ut
2551 3861 2750 3904 aeterna
2780 3866 3171 3921 consequamur
3198 3853 3356 3921 bona,
3384 3853 3438 3907 in
3462 3852 3674 3909 Christo
3705 3856 3842 3912 Jesu

2249 3936 2473 3990 Domino
2503 3950 2693 3995 nostro
2712 3982 2727 4005 ,
2755 3943 2968 4011 quicum
2992 3943 3133 3998 Patri
3156 3959 3258 3999 una
3279 3959 3398 3998 cum
3421 3957 3606 3999 sancto
3629 3948 3841 4016 Spiritu

2247 4051 2434 4120 gloria,
2465 4049 2769 4120 imperium,
2789 4049 2979 4111 honor,
3009 4062 3152 4102 nunc
3175 4056 3228 4103 et
3250 4061 3483 4118 semper,
3506 4056 3560 4103 et
3577 4051 3629 4103 in
3656 4064 3805 4106 sa-cu
3822 4083 3845 4104 .

2245 4143 2293 4195 la
2323 4139 2662 4196 saeculorum.
2693 4140 2885 4193 Amen.

2543 4249 3838 4291 _.~.._.__.._.__________,______

2250 4300 2382 4362 νη.

2245 4419 2483 4486 requiem.
2505 4417 2838 4484 Festinamus.
2870 4423 3059 4493 inquit,
3090 4441 3150 4482 ac
3175 4429 3484 4486 Studeamus
3509 4441 3692 4500 utpote
3709 4450 3836 4495 cum

2239 4507 2370 4560 fides
2397 4524 2498 4561 non
2537 4511 2784 4575 sufficiat,
2804 4514 2895 4568 sed
2928 4516 3086 4569 etiam
3107 4516 3297 4572 debeat
3317 4519 3420 4574 vita
3439 4521 3615 4590 adjici,
3641 4535 3690 4577 et
3710 4544 3834 4581 ma-

2239 4613 2396 4668 gnum
2426 4602 2665 4657 adhiberi
2697 4606 2948 4660 studium.
2983 4607 3187 4663 Revera
3207 4613 3348 4667 enim
3387 4613 3553 4669 multo
3583 4630 3718 4685 Opus
3747 4633 3839 4672 est

2238 4690 2416 4744 studio
2435 4701 2487 4746 ut
2503 4695 2850 4750 ascendamus
2869 4697 2918 4751 in
2938 4700 3147 4753 caelum.
3167 4701 3218 4756 Si
3243 4704 3383 4757 enim
3405 4713 3544 4760 terra
3562 4724 3667 4760 non
3696 4723 3828 4766 sunt

2237 4780 2432 4850 dignati
2457 4784 2542 4852 qui
2575 4794 2747 4840 tantas
2765 4789 3005 4842 miserias
3022 4801 3074 4844 et
3094 4792 3421 4849 calamitates
3439 4801 3671 4868 perpessi
3702 4815 3834 4858 sunt

2239 4873 2290 4926 in
2311 4875 2542 4944 deserto,
2575 4888 2628 4933 et
2659 4889 2852 4934 terram
2885 4898 2990 4935 non
3013 4892 3545 4959 potucruntassequi,
3569 4897 3829 4962 quoniam

2241 4980 2705 5027 murmuraruntet
2729 4976 2978 5045 quoniam
3002 4990 3122 5031 sunt
3140 4979 3411 5036 fornicati:
3434 4990 3700 5053 quomodo
3723 5009 3828 5048 nos

2233 5073 2397 5127 regno
2423 5064 2669 5119 carlorum
2688 5067 2830 5138 digni
2856 5067 3188 5138 habebimnr,
3210 5075 3296 5143 qui
3327 5075 3487 5131 vitam
3515 5079 3826 5139 inconside-

2234 5163 2344 5205 rate
2370 5155 2659 5227 ignaveque
2686 5168 2740 5214 et
2781 5163 3014 5230 segniter
3043 5165 3282 5234 agimus?
3303 5168 3465 5224 Multo
3501 5188 3627 5243 ergo
3664 5181 3826 5236 nobis

2230 5260 2364 5314 Opus
2402 5257 2485 5303 est
2511 5251 2704 5306 studio.
2754 5251 2882 5310 Vide
2908 5267 3084 5312 autem
3121 5261 3260 5329 quod
3293 5277 3399 5316 non
3431 5264 3680 5324 damnum
3730 5293 3825 5327 eo-

2234 5352 2398 5406 urque
2420 5343 2770 5410 constituerit,
2802 5347 2942 5415 quod
2976 5366 3077 5403 non
3102 5351 3462 5423 ingrediantur
3494 5377 3507 5413 :
3538 5375 3640 5415 non
3671 5368 3820 5421 enini
3871 5381 3873 5385 '

2235 5441 2387 5502 dixit,
2414 5443 2733 5498 Studeamus
2760 5447 2962 5516 ingredi
2997 5450 3044 5502 in
3081 5450 3222 5505 illam
3253 5455 3512 5522 requiem,
3545 5475 3610 5510 ne
3640 5477 3666 5513 a
3699 5471 3822 5516 tan-

2238 5535 2306 5587 tis
2351 5535 2504 5588 bonis
2545 5537 2884 5604 cxcidamus;
2918 5541 3010 5595 sed
3053 5542 3104 5596 id
3149 5545 3352 5599 addidit
3393 5549 3530 5616 quod
3567 5550 3821 5611 homines

2233 5645 2554 5696 magnOpei-c
2596 5633 2817 5686 excitat.
2846 5636 3107 5702 Quidnam
3146 5647 3226 5692 est
3267 5639 3414 5696 hoc?
3451 5642 3518 5696 οἰ
3547 5663 3607 5698 ne
3646 5648 3696 5700 in
3730 5652 3815 5705 id-

2233 5725 2394 5790 ipsuui
2427 5730 2535 5793 quis
2569 5727 2756 5783 incidat
2802 5730 3166 5786 i.'.'crc.'lulitatis
3205 5736 3528 5806 t'.t‘cnipluiu;
3566 5741 3663 5796 Loc
3695 5757 3774 5800 est
3807 5789 3820 5810 ι
