4020 6402
972 292 1037 349 IN
1078 290 1297 349 EPIST.
1339 287 1430 343 AD
1472 280 1844 340 ιιιίωὶιεοδ.
1884 278 2042 337 CAP.
2083 279 2173 335 IV.
2215 276 2453 335 HOMIL.
2502 274 2612 334 \‘il.

160 349 219 405 6|

164 445 219 488 ut
267 429 373 486 illic
417 426 711 482 bal-eamus
754 427 1025 481 mentem,
1067 411 1753 486 spem.exspectationem,

165 544 231 581 ne
258 521 511 578 similiter
537 517 866 573 exeidnmus.
899 510 1032 566 Nam
1056 507 1198 578 quod
1226 504 1559 566 excidemus,
1588 501 1757 571 signi-

167 619 287 672 ficat
316 611 622 682 exemplum
653 626 667 664 :
703 605 770 661 Ut
798 621 860 659 nc
884 606 936 657 in
960 602 1206 672 idipsum,
1242 598 1433 668 inquit.
1465 594 1667 652 Deinde
1689 609 1756 650 ne

166 709 412 772 audiens,
445 703 510 757 In
536 702 782 771 idipsum,
805 696 1082 753 existimes
1106 692 1245 747 idem
1264 705 1387 745 esse
1407 688 1753 759 supplicium,

166 798 289 853 audi
338 760 464 868 qiiid
517 760 801 861 subiungat
835 806 849 843 :
892 784 1048 840 Vivus
1090 794 1161 838 est
1206 782 1339 836 enim
1380 797 1545 835 sermo
1593 779 1684 832 Dei
1716 760 1767 831 cl

168 891 367 961 cﬁicax,
406 882 765 958 penetrabilior
786 879 925 933 ontni
944 877 1117 949 gladio
1135 874 1370 944 ancipiti,
1397 886 1444 927 et
1472 874 1763 942 pertingens

167 996 324 1051 usque
359 978 428 1031 ad
462 974 759 1029 divisionem
786 971 973 1024 animi:
999 978 1043 1022 et
1073 968 1281 1033 spiritus
1307 1006 1321 1027 ,
1364 978 1765 1035 compngumque

168 1082 215 1125 et
255 1067 636 1130 medullarum,
683 1075 731 1118 et
775 1064 1023 1118 discretor
1049 1060 1414 1130 cogitationum
1442 1058 1629 1111 cordis.
1666 1055 1764 1110 llic

168 1178 383 1235 quoque
409 1159 648 1215 ostendit
683 1156 823 1227 quod
847 1155 935 1209 illa
959 1154 1121 1209 etiam
1145 1152 1270 1206 fet-it
1300 1153 1414 1222 ipse
1446 1150 1539 1205 Dei
1561 1164 1763 1215 sermo,

170 1265 225 1312 et
252 1254 422 1319 vivit,
456 1267 557 1306 nec
586 1250 886 1306 exstinctus
915 1256 1016 1300 est.
1068 1244 1147 1300 Ne
1170 1258 1304 1314 ergo
1332 1243 1587 1314 quoniam
1618 1240 1767 1296 andi-

172 1348 297 1403 visti
342 1361 684 1408 sermonem,
732 1341 782 1395 id
823 1338 1165 1395 solummodo
1204 1336 1392 1392 audias
1422 1355 1433 1390 :
1463 1346 1546 1389 est
1588 1336 1768 1400 enim,

173 1440 370 1511 inquit,
400 1435 787 1509 penetrabilior
812 1431 1013 1503 gladio.
1039 1428 1173 1484 Vide
1196 1427 1467 1499 quomodo
1496 1442 1555 1482 se
1576 1426 1773 1481 demit-

175 1543 287 1597 tat,
320 1541 375 1587 et
421 1531 545 1585 hinc
588 1527 867 1583 considera
910 1538 1139 1594 quanam
1182 1522 1250 1576 de
1291 1536 1452 1576 causa
1500 1536 1635 1591 opus
1681 1520 1775 1574 fuit

173 1630 342 1685 etiam
391 1623 667 1697 prephetis
710 1632 768 1675 ut
793 1620 1034 1675 dicerent
1072 1616 1342 1687 gladium,
1374 1627 1430 1671 et
1468 1629 1652 1669 arcum
1675 1655 1691 1679 ,
1722 1621 1779 1669 et

176 1718 570 1790 rhomphmatn.
608 1713 729 1769 Nisi
754 1711 1002 1777 conversi,
1035 1709 1229 1779 inquit,
1263 1707 1498 1780 fueritis,
1547 1706 1777 1777 gladium

176 1829 330 1868 suum
358 1807 607 1873 vibrabit,
636 1820 814 1859 arcum
837 1820 990 1858 suum
1032 1800 1280 1866 tetendit,
1312 1810 1361 1853 et
1390 1798 1591 1869 paravit
1629 1797 1778 1850 illum

178 1905 359 1978 (Psat.
393 1904 444 1957 7.
477 1902 593 1969 15).
624 1898 757 1953 Nam
785 1896 831 1952 si
861 1910 1001 1950 nunc
1028 1936 1043 1961 ,
1092 1902 1214 1962 post
1242 1900 1450 1946 tantum
1492 1900 1703 1960 tempus
1727 1897 1783 1945 et

179 1994 705 2056 consummationem
727 2032 742 2056 ,
779 2002 885 2043 non
915 1996 1091 2057 potest
1117 1984 1335 2039 nomine
1361 1982 1631 2039 sermonis
1661 1991 1783 2037 tan-

183 2105 296 2148 tum
322 2100 556 2152 terrere,
589 2084 684 2140 sed
710 2082 793 2137 his
814 2081 975 2135 etiam
1004 2078 1184 2133 verbis
1213 2077 1440 2148 indiget,
1475 2084 1531 2129 ut
1556 2089 1782 2145 compa.

181 2184 414 2241 rationis
433 2176 690 2235 ostendat
710 2171 1179 2242 exsuperationcm
1204 2188 1217 2222 :
1251 2169 1422 2222 multo
1445 2167 1613 2237 magis
1634 2179 1783 2220 tunc.

187 2275 495 2345 Pertingens
516 2285 672 2338 usque
700 2266 767 2320 ad
793 2265 1091 2319 divisionem
1114 2262 1300 2315 animce
1325 2271 1371 2314 et
1394 2262 1624 2331 spiritus.
1648 2260 1784 2326 Quid

186 2372 289 2425 hoc
336 2366 463 2422 est?
504 2359 837 2435 Significavit
876 2355 1083 2427 aliquid
1133 2353 1426 2409 terribilius
1458 2372 1471 2408 :
1504 2362 1597 2406 aut
1636 2353 1776 2422 quod

187 2472 438 2543 Spiritum
465 2464 653 2519 dividit
684 2464 749 2514 ab
771 2460 952 2512 anima
982 2474 995 2509 :
1024 2464 1116 2509 aut
1144 2451 1288 2521 quod
1322 2450 1481 2504 etiam
1514 2446 1626 2514 ipsa
1658 2456 1782 2513 per-

188 2564 340 2619 vadit
369 2563 684 2627 incorporea
707 2596 722 2618 ,
753 2567 859 2605 non
891 2544 1345 2620 quemadmodum
1377 2539 1585 2611 gladius
1611 2534 1784 2590 solum

190 2667 444 2721 corpora.
489 2647 589 2703 llic
618 2642 852 2699 ostendit
889 2639 1031 2711 quod
1075 2648 1131 2692 et
1174 2636 1354 2689 anima
1402 2631 1655 2702 puniatur
1687 2668 1702 2692 ,
1735 2635 1790 2681 et

192 2742 339 2814 quod
372 2754 491 2810 qua:
518 2748 642 2791 sunt
671 2736 856 2789 intima
886 2737 1176 2792 scrutetur,
1211 2736 1382 2779 totum
1416 2722 1629 2792 penitus
1661 2733 1785 2789 per-

192 2836 403 2890 vadens
432 2832 725 2886 hominem.
771 2825 835 2880 Et
877 2824 1126 2878 discretor
1155 2819 1517 2889 cogitationum
1548 2824 1594 2868 et
1623 2813 1791 2865 inten-

195 2928 397 2981 tionum
434 2922 626 2976 cordis.
659 2917 725 2971 Et
758 2932 859 2970 non
900 2923 974 2968 est
1016 2912 1125 2965 ul-la
1164 2917 1400 2962 creatura
1438 2903 1703 2959 invisibilis
1743 2901 1794 2953 in

196 3024 472 3085 conspectu
502 3013 633 3078 eius.
668 3010 763 3062 llic
806 3019 901 3060 eos
943 3003 1177 3058 maxime
1206 2998 1418 3053 terruit.
1465 2995 1582 3049 Non
1615 2991 1794 3055 enim,

194 3109 241 3163 si
274 3105 477 3171 adhuc,
507 3102 696 3173 inquit,
738 3100 791 3153 in
825 3096 928 3151 ﬁde
954 3094 1132 3159 statis,
1163 3090 1257 3147 sed
1290 3106 1395 3144 non
1424 3104 1547 3143 eum
1575 3093 1721 3140 certa
1747 3091 1801 3137 et

200 3202 361 3270 plena
414 3194 761 3266 persuasione
786 3231 800 3257 ,
842 3186 1132 3243 confidatis
1162 3203 1174 3236 :
1210 3185 1325 3252 ipse
1368 3178 1635 3250 judicabit
1676 3192 1799 3247 qua:

199 3302 329 3347 sunt
367 3292 420 3344 in
447 3288 611 3344 corde
642 3308 655 3342 :
687 3301 753 3341 eo
781 3284 924 3338 enim
950 3278 1195 3351 pervadit
1230 3287 1285 3332 et
1312 3275 1540 3345 puniens
1571 3280 1628 3326 et
1669 3285 1804 3325 exa-

201 3388 438 3439 nimans.
470 3381 541 3435 Et
586 3378 713 3447 quid
750 3376 892 3438 dico,
929 3372 1139 3443 inquit,
1186 3369 1253 3423 de
1298 3363 1651 3421 horninibus?
1680 3375 1802 3414 nam

201 3476 305 3530 etsi
362 3474 513 3528 dicas
538 3471 758 3540 angelos
801 3475 858 3521 et
894 3461 1245 3532 archangelos
1272 3500 1289 3527 ,
1328 3466 1384 3513 et
1417 3454 1710 3512 Cherubim
1751 3461 1806 3505 et

204 3565 532 3635 Seraphim,
581 3570 638 3617 et
680 3570 1081 3630 quamcumque
1127 3560 1470 3613 creaturam,
1504 3545 1687 3601 omnia
1730 3543 1804 3597 illi

204 3658 367 3714 oculo
394 3663 520 3709 sunt
548 3659 730 3721 aperta
754 3691 770 3717 ,
806 3646 987 3703 omnia
1029 3644 1175 3699 clara
1221 3651 1275 3697 et
1316 3637 1599 3694 manifesta
1622 3678 1639 3704 ,
1672 3634 1806 3689 nihil

206 3760 292 3805 est
341 3746 486 3817 quod
531 3743 705 3813 possit
749 3755 875 3795 eum
925 3738 1138 3792 latere:
1174 3732 1361 3787 Omnia
1409 3738 1526 3785 sunt
1572 3726 1714 3781 nuda
1760 3734 1806 3780 et

206 3851 388 3911 aperta
418 3838 577 3892 oculis
607 3837 742 3906 ejus,
777 3832 845 3887 ad
874 3846 1021 3901 quem
1045 3828 1189 3882 nobis
1215 3840 1379 3882 sermo
1403 3824 1444 3876 ί.
1478 3824 1679 3891 Aperta
1710 3833 1806 3873 au-

209 3948 320 3991 tem
348 3933 535 3990 Gra'ce
566 3928 761 3983 dicitur
786 3930 1217 3995 τετραχηλισμένα,
1252 3917 1305 3971 id
1337 3924 1441 3982 est,
1472 3912 1805 3982 resupinata,

208 4046 238 4082 a
270 4023 595 4094 metaphora
624 4019 845 4089 pellium
871 4031 991 4086 qua:
1020 4011 1378 4068 extrahuntur
1402 4022 1431 4061 a
1459 4004 1714 4061 victimis.
1741 4002 1813 4057 Ut

212 4121 362 4175 enim
394 4114 611 4188 quando
637 4112 904 4184 quispiam
938 4107 1045 4163 illis
1072 4104 1328 4176 iugulatis
1358 4101 1554 4172 pellem
1584 4114 1614 4153 a
1643 4112 1813 4152 carne

210 4208 560 4271 ahstraxcrit,
609 4204 789 4260 omnia
834 4218 954 4272 quae
1000 4207 1127 4253 sunt
1174 4198 1319 4251 intus
1371 4194 1584 4265 aperit,
1613 4200 1667 4247 et
1709 4205 1814 4245 no-

214 4306 345 4360 stris
387 4300 557 4355 oculis
596 4295 773 4353 reddit
811 4291 1091 4348 manifesta
1124 4308 1137 4343 :
1169 4290 1241 4343 ita
1290 4290 1450 4343 etiam
1500 4287 1615 4341 Deo
1669 4284 1814 4340 clara

215 4405 269 4451 et
335 4392 614 4448 manifesta
702 4384 973 4457 preposita
1034 4390 1160 4436 sunt
1209 4379 1409 4433 omnia.
1491 4377 1573 4431 Tu
1636 4385 1816 4429 autem

219 4486 349 4542 mihi
376 4481 657 4538 considera
699 4474 970 4547 quomodo
998 4471 1273 4541 corporeis
1303 4484 1517 4538 semper
1545 4482 1682 4537 opus
1716 4466 1817 4518 ha-

220 4578 312 4631 bet
353 4572 678 4642 imaginibus
711 4585 724 4621 :
756 4565 898 4637 quod
941 4562 1157 4634 quidem
1209 4568 1325 4615 erat
1359 4559 1665 4612 auditorum
1715 4556 1817 4610 im-

221 4666 553 4724 becillitatis.
596 4660 729 4716 Nam
777 4658 917 4729 quod
961 4665 1142 4710 essent
1190 4651 1486 4714 imbecilli,
1532 4647 1812 4712 ostendit,

224 4762 411 4816 dicens
442 4772 538 4813 eos
567 4770 691 4810 esse
719 4754 964 4814 hebetes,
997 4759 1055 4803 nt
1086 4748 1171 4819 qui
1212 4762 1348 4816 Opus
1378 4745 1614 4799 habeant
1645 4744 1819 4808 lacte,

227 4870 333 4907 non
376 4848 551 4906 solido
595 4848 735 4901 cibo.
783 4841 969 4898 Omnia
1013 4851 1129 4895 sunt
1170 4840 1311 4892 nuda
1353 4847 1400 4892 et
1450 4847 1627 4907 aperta
1658 4836 1820 4891 oculis

226 4948 359 5014 eius,
394 4943 461 4995 ad
490 4955 635 5010 quem
662 4936 804 4991 nobis
832 4945 902 4990 est
929 4950 1114 4988 sermo.
1144 4931 1282 4997 Quid
1323 4944 1450 4984 vero
1475 4938 1558 4983 est
1580 4970 1594 4994 ,
1644 4927 1711 4981 In
1736 4926 1818 4979 id-

229 5040 398 5106 ipsunt
436 5028 805 5085 incredulitatis
848 5024 1182 5094 exemplum?
1227 5021 1294 5077 Ut
1344 5020 1391 5074 si
1432 5006 1553 5090 quis
1597 5033 1817 5073 causam

234 5142 483 5198 quaerens
510 5124 673 5188 dicat,
709 5122 818 5176 Cur
847 5137 949 5173 non
983 5119 1232 5172 viderunt
1271 5116 1345 5170 illi
1380 5115 1623 5169 terram?
1654 5114 1823 5168 Acce-

239 5230 429 5292 perant
470 5217 683 5271 arrham
718 5213 810 5268 Dei
844 5211 1098 5281 potentia:
1120 5250 1135 5274 ,
1164 5219 1218 5263 et
1246 5223 1366 5263 eum
1406 5217 1685 5276 oporteret
1711 5221 1831 5260 cre-

232 5326 393 5388 dere,
432 5322 618 5378 terrori
660 5321 825 5389 magis
856 5319 1132 5381 cedentes,
1164 5328 1218 5371 et
1241 5315 1386 5369 nulla
1409 5314 1475 5367 de
1504 5312 1614 5365 Deo
1636 5324 1823 5379 magna

234 5416 565 5489 apprehensa
590 5414 818 5473 visione,
846 5411 1129 5479 pusillique
1150 5418 1200 5460 et
1226 5406 1418 5475 abiecti
1439 5403 1599 5457 animi
1626 5398 1824 5463 el'l'ecd,

240 5510 533 5580 perierunt.
581 5506 763 5560 Potest
802 5505 962 5559 etiam
1009 5500 1208 5571 aliquid
1255 5499 1401 5552 aliud
1446 5496 1590 5561 dici,
1633 5502 1829 5561 nempe

241 5600 382 5665 quod
410 5615 531 5654 cum
576 5597 676 5650 vis:
714 5596 974 5664 majorem
1020 5604 1225 5663 partem
1264 5588 1662 5650 confecissent;
1706 5598 1830 5639 cum

319 5754 332 5779 ε
365 5747 485 5805 (tua:
510 5740 812 5805 prmeedunt,
833 5737 895 5785 ab
920 5735 1077 5805 initio.
1103 5733 1275 5781 omissa
1301 5740 1411 5781 sunt
1435 5731 1482 5779 in
1504 5728 1740 5787 Colbert.,
1768 5725 1849 5787 qui

261 5826 285 5861 ι
308 5798 629 5873 sapientibus
654 5800 896 5853 humilium
924 5799 1036 5859 inci;
1058 5798 1108 5845 it.

3372 271 3441 325 ϐξ

1851 403 2034 455 essent
2063 392 2129 448 ad
2154 396 2298 464 ipsas
2321 398 2538 460 portas,
2568 387 2619 440 in
2652 385 2770 454 ipso
2798 388 2976 451 portu,
3008 384 3135 431 sunt
3160 373 3451 428 submersi.

1842 486 1860 543 Γ
1919 505 1966 544 )C
1985 487 2055 544 de
2074 484 2227 542 vobis
2248 496 2470 555 quoque
2492 480 2679 543 timeo,
2700 473 2896 545 inquit.
2928 470 3041 526 lloc
3060 477 3164 532 est,
3196 465 3261 520 in
3287 465 3454 536 ipsum

1853 578 2143 649 exemplum
2167 572 2559 637 incredulitatis.
2590 568 2725 625 Nam
2751 564 2896 637 quod
2923 563 3025 633 ipsi
3054 573 3272 631 quoque
3290 558 3455 611 multa

1855 647 2009 746 passi
2036 672 2162 732 sint,
2193 670 2300 722 illis
2328 676 2513 737 postea
2546 663 2647 716 fert
2680 656 3070 717 testimonium,
3095 652 3283 707 dicens
3313 668 3326 703 :
3360 647 3458 701 Re-

1858 763 2205 819 memormnini
2224 760 2467 832 pristinos
2489 756 2617 821 dies,
2646 755 2700 807 in
2716 752 2898 824 quibus
2919 746 3197 803 illuminati
3218 758 3461 814 magnum

1859 869 2113 912 certamen
2142 851 2459 910 sustinuistis
2486 848 2783 919 passionum
2816 840 3002 916 (Hebr.
3034 839 3124 895 10.
3149 837 3264 908 32).
3291 835 3463 891 Nemo

1861 966 1990 1022 ergo
2020 951 2091 1004 sit
2120 947 2301 1019 pusilli
2332 956 2388 1001 et
2418 943 2615 1012 abjecti
2647 938 2814 994 animi
2840 980 2856 1005 ,
2887 949 3067 1006 neque
3112 933 3163 987 in
3209 929 3315 985 fine
3342 929 3464 983 ani-

1864 1021 2010 1100 mum
2050 1039 2395 1110 despondeas
2422 1033 2695 1089 concidat.
2730 1030 2870 1087 Sunt
2898 1027 3043 1084 enim
3066 1070 3081 1095 ,
3113 1034 3240 1080 sunt
3278 1021 3367 1094 qui
3411 1021 3463 1073 in

1866 1136 2130 1208 principio
2157 1130 2377 1201 quidem
2410 1136 2659 1198 prompto
2681 1131 2736 1177 et
2766 1120 2931 1175 alacri
2960 1120 3144 1173 animo
3169 1112 3467 1172 certamina

1865 1204 2267 1299 aggrediuntur,
2302 1232 2487 1292 postea
2516 1226 2695 1272 autem
2730 1214 2825 1269 toti
2867 1227 3055 1282 parum
3104 1209 3351 1263 nolentes
3374 1204 3470 1259 ad.

1863 1296 2054 1392 jicere,
2087 1326 2258 1372 totum
2290 1311 2660 1384 perdiderunt.
2707 1304 2999 1362 Sufficiunt
3019 1296 3234 1371 ,‘inquit
3255 1340 3269 1363 ,
3297 1298 3470 1362 majo-

1870 1429 1958 1469 res
1992 1410 2056 1465 ad
2090 1425 2184 1465 vos
2215 1404 2543 1463 erudiendos
2574 1415 2641 1456 ne
2672 1401 2724 1453 in
2752 1397 2941 1454 eadem
2976 1392 3262 1456 inacidatis,
3297 1402 3472 1460 neque

1871 1503 2059 1559 eadem
2086 1498 2366 1571 patiamini
2392 1511 2511 1566 qum
2538 1491 2683 1565 passi
2710 1498 2858 1545 sunt.
2894 1488 3008 1542 lloe
3037 1494 3123 1541 est
3146 1525 3163 1550 ,
3210 1481 3278 1537 In
3306 1483 3475 1551 ipsum

1872 1593 2245 1651 incredulitatis
2291 1587 2598 1658 exemplum.
2674 1583 2755 1639 Ne
2808 1580 3208 1657 dissolramur,
3262 1574 3472 1642 inquit,

1874 1702 1929 1749 et
1960 1703 2283 1747 enervetnur
2316 1702 2330 1739 :
2360 1682 2503 1752 quod
2543 1680 2705 1737 etiam
2746 1675 2879 1733 dicit
2921 1674 2975 1728 in
3020 1673 3128 1727 line
3154 1713 3168 1736 ,
3218 1668 3479 1723 Remissas

1876 1798 2060 1841 manus
2103 1790 2148 1834 et
2191 1794 2357 1850 genua
2396 1774 2563 1828 soluta
2605 1767 2825 1840 erigite(
2854 1764 3013 1819 Hebr.
3046 1762 3133 1817 12.
3164 1760 3289 1831 12).
3322 1757 3390 1813 Ut
3419 1774 3479 1810 nc

1876 1878 1931 1931 in
1971 1874 2227 1941 idipsum,
2273 1866 2465 1936 inquit,
2511 1862 2624 1933 quis
2663 1857 2854 1913 incidat
2893 1852 3268 1909 incredulitatis
3307 1864 3479 1903 exem-

1881 1968 2025 2041 plum
2052 1983 2070 2020 :
2101 1964 2204 2018 hoc
2233 1962 2377 2015 enim
2404 1966 2486 2013 est
2512 1942 2705 2010 revei'a'
2731 1951 2946 2005 cadere.
2978 1943 3182 2001 Deinde
3205 1984 3220 2008 ,
3263 1956 3331 1995 ne
3357 1954 3482 1993 eum

1880 2060 2127 2116 audisses
2146 2053 2287 2125 quod
2311 2051 2432 2122 quis
2459 2051 2511 2102 in
2542 2047 2774 2115 idipsunt
2797 2039 3105 2108 exemplum
3136 2034 3313 2096 cadat,
3336 2048 3489 2088 eam-

1883 2153 2007 2209 dem
2033 2158 2259 2204 mortem
2291 2143 2571 2199 existimes
2601 2152 2761 2207 quam
2793 2134 2865 2187 illi
2898 2132 3173 2189 obierunt,
3208 2126 3328 2179 vide
3359 2122 3486 2192 quid

1884 2245 2027 2302 dicat
2063 2259 2075 2296 :
2118 2239 2272 2293 Vivus
2300 2246 2374 2291 est
2405 2235 2538 2287 enim
2580 2243 2747 2284 sermo
2776 2225 2873 2280 Dei
2916 2232 2962 2276 et
3004 2222 3207 2291 efﬁcax,
3241 2226 3287 2269 et
3333 2230 3488 2285 pene—

1889 2336 2122 2392 trabilior
2142 2331 2277 2386 omni
2303 2326 2479 2400 gladio
2506 2320 2739 2392 ancipiti.
2762 2315 2966 2385 Qu0vis
2991 2312 3134 2368 enim
3166 2306 3345 2380 gladio
3370 2319 3493 2375 gra-

1890 2434 2008 2485 vius
2041 2429 2093 2481 in
2129 2438 2314 2478 eorum
2358 2418 2566 2471 animas
2602 2410 2759 2466 irruit
2793 2419 2975 2461 sermo
3006 2444 3019 2468 ,
3064 2415 3256 2472 graves
3309 2398 3495 2467 plagas

1893 2523 2136 2581 inferens
2161 2559 2175 2581 ,
2210 2514 2505 2580 letalesque
2539 2506 2631 2560 dat
2667 2501 2961 2557 rectiones.
2993 2495 3179 2565 Neque
3209 2506 3341 2545 vero
3361 2505 3497 2558 opus

1894 2629 1979 2673 est
2010 2626 2067 2669 ut
2092 2624 2277 2667 eorum
2302 2605 2536 2659 adducat
2566 2593 3111 2654 demonstrationem,
3143 2570 3320 2656 neque
3352 2592 3409 2637 ut
3434 2597 3497 2637 ea

1897 2710 2092 2784 probet
2123 2721 2186 2759 ac
2229 2700 2546 2757 confirmet,
2575 2708 2698 2748 cum
2744 2688 2881 2743 adeo
2924 2684 3261 2740 manifestam
3304 2676 3502 2731 habeat

1902 2770 2274 2857 narrationem
2304 2792 2404 2863 (α).
2433 2787 2564 2842 Nam
2588 2781 2882 2854 quodnam,
2912 2774 3125 2847 inquit,
3156 2773 3354 2827 bellum
3382 2770 3503 2821 illos

1918 2895 2184 2971 perdidit?
2205 2891 2324 2961 quis
2344 2885 2551 2957 gladius
2576 2882 2598 2935 ?
2625 2893 2801 2933 annon
2836 2874 2994 2945 plane
3021 2884 3118 2923 sua
3146 2875 3339 2933 sponte
3364 2859 3510 2915 ceci-

1916 2960 2152 3043 derunt?
2197 2960 2274 3037 Ne
2305 2993 2435 3047 ergo
2456 3018 2472 3041 ,
2504 2972 2762 3043 quoniam
2805 2980 2912 3020 non
2945 2960 3136 3017 eadem
3173 2964 3359 3009 smnus
3392 2964 3515 3020 per-

1919 3079 2096 3152 pessi,
2135 3075 2304 3129 simus
2343 3042 2571 3123 securi:
2602 3058 2862 3132 quamdiu
2904 3053 3099 3109 dicitur
3139 3045 3299 3102 hodie
3324 3084 3340 3109 ,
3384 3042 3520 3096 licet

1920 3134 2071 3225 nobis
2114 3161 2346 3220 recreari
2389 3167 2445 3212 et
2486 3152 2661 3210 refici.
2712 3147 2817 3205 Sed
2865 3159 2989 3199 cum
3034 3143 3150 3194 hinc
3185 3134 3413 3197 dixerit,
3446 3144 3518 3183 ne

1920 3260 2199 3317 audientes
2229 3267 2349 3323 qua:
2377 3258 2504 3303 sunt
2550 3244 2777 3306 animai,
2817 3235 2991 3307 ignavi
3024 3232 3134 3286 sint
3160 3238 3215 3285 et
3236 3221 3518 3284 socordes,

1919 3353 2068 3408 addit
2108 3320 2273 3404 etiam
2307 3358 2427 3414 quae
2465 3348 2592 3395 sunt
2631 3332 2875 3403 cei-poris
2899 3371 2914 3395 ,
2959 3328 3075 3381 haec
3099 3320 3431 3379 declarans:
3464 3323 3523 3367 ut

1920 3460 2042 3499 cum
2084 3456 2180 3496 rex
2207 3436 2399 3505 aliquis
2433 3430 2709 3502 principes
2733 3437 2860 3479 suos
2883 3462 2897 3486 ,
2922 3417 3010 3490 qui
3054 3429 3245 3485 magna
3273 3408 3521 3480 quatdam

1924 3545 2142 3608 peccata
2168 3504 2526 3587 admiserunt,
2552 3523 2783 3592 primum
2802 3516 2978 3586 privat
3002 3509 3214 3573 militia,
3235 3504 3525 3570 ablatoque

1924 3604 2139 3699 cingulo
2163 3634 2216 3679 et
2247 3619 2572 3675 auctoritate
2599 3623 2653 3668 et
2688 3622 2935 3682 prmcone
2960 3604 3197 3659 adducto
3220 3641 3237 3666 ,
3270 3608 3398 3652 lunc
3430 3610 3492 3663 ρι’
3511 3622 3527 3633 ·

1927 3686 2051 3776 ιτίιέ
2083 3719 2153 3772 ita
2204 3715 2291 3769 hic
2331 3724 2551 3782 quoque
2594 3706 2721 3758 facit
2763 3700 2975 3772 gladius
3012 3694 3269 3765 Spiritus.
3321 3686 3527 3743 Deinde

1927 3809 2222 3869 terribilius
2245 3804 2483 3875 loquitur
2505 3800 2572 3854 de
2597 3798 2731 3852 Filio
2761 3813 2775 3848 :
2803 3792 2883 3847 Ad
2904 3806 3048 3861 quem
3072 3785 3214 3840 nobis
3236 3792 3309 3837 est
3334 3796 3524 3842 sermo,

1927 3904 2119 3975 inquit.
2154 3898 2209 3954 Id
2237 3906 2340 3961 est,
2376 3894 2479 3964 Ipsi
2504 3891 2765 3946 debemus
2796 3882 3027 3940 reddere
3048 3879 3315 3934 rationem
3339 3888 3529 3930 eorum

1928 4014 2048 4070 qua:
2092 3991 2376 4064 gessimus.
2411 3987 2597 4053 Itaque
2642 3996 2711 4035 ne
2754 3976 3045 4039 cudamus,
3078 3982 3255 4038 neque
3290 3967 3528 4020 animum

1928 4059 2383 4158 despondeamus.
2431 4074 2719 4132 Sufﬁciunt
2767 4067 2986 4139 quidem
3042 4065 3208 4119 etiam
3261 4059 3351 4115 illa
3408 4073 3532 4127 qua:

1930 4183 2071 4237 dicta
2103 4187 2228 4232 sunt
2254 4175 2320 4229 ad
2351 4186 2451 4227 nos
2477 4164 2808 4223 erudiendos
2837 4177 2851 4214 :
2885 4159 2961 4215 illi
2992 4173 3122 4213 vero
3148 4170 3254 4211 non
3278 4153 3411 4209 satis
3444 4150 3530 4203 illa

1931 4281 2078 4337 sunt,
2095 4270 2191 4325 sed
2212 4270 2330 4321 hate
2351 4262 2562 4335 adjicit:
2582 4258 2670 4313 14.
2698 4254 2962 4309 Habemus
2990 4260 3161 4304 autem
3179 4248 3328 4301 etiam
3354 4246 3531 4311 ponti-

1933 4369 2079 4437 ﬁcem
2121 4376 2364 4433 magnum
2411 4334 2497 4429 qui
2552 4349 2831 4423 penetravit
2881 4347 3054 4411 cwlos,
3098 4338 3281 4396 Iesum
3334 4334 3539 4391 Filium

1939 4461 2052 4515 Dei.

2004 4554 2060 4608 2.
2100 4548 2252 4618 Quod
2279 4546 2422 4601 enim
2462 4548 2749 4612 propterea
2791 4533 2841 4589 id
2884 4528 3163 4601 adjecerit,
3210 4520 3488 4592 subiunxit
3522 4540 3535 4573 :

1939 4648 2027 4703 15.
2063 4643 2185 4698 Non
2216 4641 2348 4695 enim
2379 4636 2621 4690 habemus
2649 4628 2942 4701 pontiﬁcem
2969 4624 3055 4690 qui
3076 4636 3178 4675 non
3210 4618 3369 4689 possit
3394 4630 3536 4668 com-

1938 4741 2044 4809 pnti
2090 4732 2477 4805 inﬁrmitatibus
2520 4726 2726 4781 nostris.
2780 4722 3073 4788 Propterea
3122 4713 3334 4769 dicebat
3376 4724 3541 4779 supe-

1940 4836 2049 4888 rius
2079 4849 2089 4879 :
2126 4828 2192 4881 In
2221 4843 2301 4892 eo,
2334 4825 2387 4876 in
2414 4838 2511 4893 quo
2542 4834 2721 4892 passus
2750 4823 2819 4869 est
2850 4813 2961 4881 ipse
2988 4817 3035 4863 et
3077 4814 3321 4871 tentatus,
3365 4812 3541 4872 potens

1940 4936 2012 4979 est
2043 4924 2111 4977 eis
2134 4922 2218 4992 qni
2248 4926 2504 4971 tentantur
2525 4908 2791 4965 auxiliari.
2826 4903 2959 4958 Vide
2987 4915 3117 4971 ergo
3144 4894 3418 4970 quomodo
3442 4894 3546 4949 hoc

1944 5018 2115 5087 ipsum
2147 4987 2232 5066 hic
2258 5021 2471 5080 quoque
2498 5004 2641 5058 facit.
2669 4997 2820 5066 Quod
2853 5004 3032 5050 autem
3060 4992 3192 5046 dicit
3240 4997 3326 5045 est
3360 4987 3549 5055 hujus-

1944 5110 2085 5167 modi
2118 5125 2130 5161 :
2163 5103 2443 5167 liamdcm,
2478 5096 2670 5167 inquit,
2716 5106 2874 5163 quam
2919 5103 3019 5141 nos
3066 5085 3206 5139 viam
3246 5081 3387 5145 iniit,
3439 5080 3548 5132 imo

1944 5220 2075 5261 vero
2113 5198 2485 5269 asperiorem;
2530 5206 2653 5245 nam
2688 5185 2929 5240 omnium
2964 5194 3145 5235 rerum
3187 5177 3548 5230 humanarum

1947 5286 2584 5364 accepitexperientiam.
2621 5281 2839 5335 Dixerat
2883 5275 3012 5337 illic,
3061 5269 3184 5324 Non
3214 5278 3285 5322 est
3318 5278 3553 5319 creatura

1948 5388 2210 5445 invisibilis
2246 5386 2299 5436 in
2337 5387 2612 5447 conspectu
2643 5375 2774 5444 ejus,
2808 5368 3147 5423 divinitatem
3178 5360 3549 5417 subindicans.

1953 5481 2153 5538 Deinde
2207 5484 2487 5547 postquam
2542 5468 2717 5537 attigit
2770 5477 3032 5526 carnem,
3079 5456 3318 5525 loquitur
3365 5465 3555 5505 rursus

1951 5571 2271 5630 Submissius
2318 5543 2373 5621 et
2421 5561 2676 5619 humilius
2726 5577 2737 5613 :
2790 5554 3045 5609 Habentes
3092 5564 3208 5619 ergo
3259 5543 3555 5615 ponti/irem

2022 5722 2095 5781 (η)
2118 5718 2249 5768 llinc
2274 5715 2323 5763 in
2346 5709 2645 5781 Colliertino.
2670 5710 2752 5770 qui
2780 5704 2901 5768 legit
2929 5697 3209 5759 terribilem,
3239 5699 3361 5758 loco,
3405 5696 3557 5747 numi-

1962 5773 2149 5848 I'cs‘tu'm,
2174 5790 2378 5841 magnus
2401 5780 2477 5825 est
2504 5773 2677 5821 hiatus.
