4020 6396
509 295 576 351 63

522 400 759 457 magnum
793 384 877 452 qui
918 377 1187 451 penetravit
1228 374 1376 427 rwlos
1412 385 1427 423 :
1466 378 1519 423 et
1559 367 1816 457 majorem
1861 358 2092 415 ostendit

521 456 725 538 curam,
760 492 824 530 eo
851 476 991 544 quod
1020 486 1112 526 eos
1143 479 1407 534 tamquam
1450 475 1577 516 suos
1611 456 1863 514 defendat
1887 464 1940 509 ct
1972 467 2094 523 pro-

523 581 683 639 tegat,
716 584 812 622 nec
839 566 965 619 velit
1003 574 1055 617 ut
1098 560 1191 631 ῦς)πὶ
1219 557 1427 611 cadant.
1456 552 1589 607 Nam
1616 549 1828 621 Moyses
1852 544 2087 617 quidem,

522 668 713 739 inquit,
744 681 847 720 non
877 666 1145 731 ingressus
1173 664 1256 711 est
1282 654 1332 707 in
1373 650 1635 720 requiem,
1669 646 1781 739 ipse
1806 639 2091 739 autem‘est

518 728 789 829 ingressus
820 774 833 810 :
863 763 916 808 et
938 728 1229 821 quomodo,
1254 759 1355 814 ego
1383 741 1578 797 dicam.
1601 733 1752 829 Quod
1779 742 1957 786 autem

520 820 774 916 misqnam
816 820 1080 914 posuerit,
1115 852 1219 891 non
1252 844 1335 889 est
1372 826 1727 885 admirabile:
1762 836 1881 876 nam
1912 820 1996 874 vel
2025 832 2094 873 ne

519 939 795 993 videantur
824 932 1065 987 invenire
1098 925 1483 983 defensionem,
1514 921 1684 988 ipsum
1716 929 1817 968 una
1846 925 2092 980 compre-

521 1025 741 1085 hendit;
774 1021 856 1077 vel
902 1035 970 1075 ne
1010 1019 1181 1071 virum
1229 1014 1500 1067 videretur
1537 1018 1810 1067 accusare,
1844 1000 1945 1055 hoc
1988 1013 2093 1053 non

519 1118 653 1172 dixit
680 1122 885 1184 aperte.
928 1111 1058 1165 Nam
1088 1108 1153 1171 si,
1201 1118 1321 1159 cum
1365 1098 1497 1155 nihil
1542 1098 1729 1151 horum
1761 1087 2091 1184 dictum-sit,

522 1209 636 1261 haec
658 1179 1004 1274 objiciebant,
1037 1198 1295 1260 dicentes,
1336 1192 1452 1260 Ipse
1488 1189 1624 1243 dixit
1652 1185 1913 1274 adversus
1944 1179 2092 1274 110]-

520 1313 634 1354 sem
676 1272 740 1352 et
771 1296 1025 1349 adversus
1077 1290 1244 1359 legem
1277 1302 1291 1343 :
1322 1283 1489 1339 multo
1532 1280 1720 1350 magis,
1765 1275 1811 1330 si
1848 1272 2092 1339 dixisset,

521 1392 638 1447 Non
663 1400 743 1446 est
769 1387 1047 1444 Palaestina
1070 1425 1083 1447 ,
1114 1380 1207 1437 sed
1236 1378 1444 1442 cwlum,
1479 1375 1562 1428 his
1588 1371 1786 1440 majora
1810 1366 2095 1421 dixissent.

520 1486 623 1542 Sed
653 1500 754 1539 non
786 1482 1089 1537 universum
1122 1474 1306 1529 tribuit
1334 1466 1619 1530 sacerdoti,
1652 1462 1746 1518 sed
1787 1459 1944 1514 etiam
1976 1471 2096 1527 quas

522 1597 551 1633 a
584 1578 735 1633 nobis
777 1580 900 1630 sunt
946 1564 1247 1640 prwstanda
1292 1558 1536 1629 requirit,
1580 1551 1972 1610 confessionem
2014 1547 2094 1600 in-

522 1685 700 1740 quam.
759 1664 1011 1719 Habentes
1066 1659 1229 1716 enim.
1279 1651 1470 1723 inquit,
1515 1646 1804 1740 pontificem
1835 1653 2092 1711 magnum,

522 1735 609 1828 qui
653 1756 925 1829 penetrauit
970 1752 1141 1813 cwlos,
1198 1745 1377 1801 Jesum
1429 1740 1621 1795 Filium
1673 1735 1791 1829 Dei,
1842 1743 2096 1829 teneamus

524 1818 906 1919 confessionem.
959 1842 1251 1910 Quamnam
1301 1834 1428 1889 dicit
1474 1822 1903 1919 confessionem?
1945 1818 2097 1919 Quod

525 1940 595 1994 sit
625 1911 965 1994 resurrectio,
998 1929 1137 2001 quod
1162 1929 1230 1980 sit
1262 1919 1640 1983 renumeratio,
1662 1914 1803 1986 quod
1831 1912 1967 1967 bona
1991 1911 2099 1965 sint

526 2026 946 2087 innumerabilia,
978 2020 1116 2091 quod
1146 2018 1389 2072 Christus
1416 2014 1486 2067 sit
1514 2014 1671 2073 Deus,
1701 2006 1841 2078 quod
1870 2006 1940 2059 sit
1964 2002 2098 2058 fides

527 2130 668 2176 recta
699 2138 711 2171 :
746 2116 859 2170 tunc
887 2112 1257 2173 confiteantur,
1289 2109 1402 2161 lucc
1431 2114 1723 2159 teneamus.
1748 2096 1898 2166 Quod
1920 2103 2097 2151 autem

526 2212 643 2266 lure
666 2224 789 2264 vera
830 2205 955 2271 sint,
983 2212 1066 2260 est
1105 2201 1440 2271 perspicuum
1473 2212 1538 2251 ex
1579 2210 1645 2249 eo
1674 2193 1816 2263 quod
1858 2193 2003 2245 intus
2031 2190 2101 2245 sit

527 2303 785 2375 pontifex.
830 2300 969 2369 Ergo
1011 2296 1150 2368 quod
1183 2308 1288 2349 non
1335 2290 1649 2353 excidimus,
1694 2284 2045 2341 confiteamur
2082 2298 2098 2337 :

526 2372 734 2449 etiamsi
767 2406 851 2445 res
881 2404 985 2444 non
1025 2385 1230 2448 adsint,
1279 2396 1375 2437 nos
1420 2388 1594 2434 tamen
1632 2375 1978 2431 confiteantur
2006 2390 2019 2426 :
2051 2372 2099 2427 si

528 2483 688 2537 modo
713 2480 977 2541 adessent,
1008 2474 1196 2529 falsum
1239 2479 1400 2527 esset.
1444 2467 1800 2535 Quamobrem
1831 2462 1932 2519 hoc
1957 2476 2094 2531 quo-

527 2591 631 2643 que
679 2586 863 2626 verum
912 2576 993 2622 est
1040 2562 1181 2633 quod
1231 2560 1587 2616 differantur:
1623 2555 1819 2610 etenim
1866 2551 2101 2622 pontifex

531 2676 711 2719 noster
750 2670 833 2717 cst
871 2672 1091 2729 magnus
1122 2674 1135 2709 :
1174 2654 1292 2707 Non
1336 2652 1467 2705 enim
1506 2649 1744 2702 habemus
1780 2646 2101 2715 pontiﬁcem,

528 2758 613 2818 qui
638 2770 738 2807 non
772 2752 923 2817 possit
951 2747 1173 2811 compati
1212 2741 1582 2812 inﬁrmitatibus
1623 2739 1824 2791 nostris.
1856 2735 1969 2790 Non
2000 2744 2101 2798 est,

534 2846 719 2915 inquit,
750 2842 838 2912 qui
868 2854 953 2894 res
983 2847 1193 2893 nostras
1226 2836 1453 2904 ignoret,
1482 2832 1619 2885 sicut
1648 2826 1797 2882 mulli
1831 2826 2104 2895 pontifices

530 2940 618 3009 qui
671 2938 912 2991 nesciunt
958 2948 1050 2986 eos
1089 2931 1177 2999 qui
1222 2928 1329 2981 sint
1376 2926 1427 2979 in
1477 2920 1876 2984 afflictionibus,
1930 2932 2105 2984 neque

532 3028 784 3099 quidnam
830 3026 896 3079 sit
936 3022 1175 3076 afflictio.
1226 3018 1354 3073 Nam
1401 3015 1537 3085 apud
1585 3013 1829 3067 homines
1856 3010 1966 3063 fieri
1999 3025 2104 3063 non

535 3132 708 3192 potest
737 3128 793 3173 ut
821 3118 958 3187 ejus,
992 3115 1078 3185 qui
1123 3113 1278 3166 malis
1305 3118 1547 3172 vexatur,
1591 3105 1730 3158 norit
1769 3102 2103 3157 vexationem

535 3215 580 3268 is
607 3212 695 3282 qui
726 3226 828 3264 non
860 3206 989 3262 fecit
1028 3202 1346 3275 periculum,
1378 3207 1432 3253 et
1459 3212 1561 3251 non
1602 3193 1810 3249 transiit
1849 3207 1944 3261 per
1982 3206 2106 3245 scn-

532 3300 919 3362 sibilia.0mnia
936 3298 1077 3353 enim
1099 3294 1348 3349 sustinuit
1362 3301 1542 3346 nOSter
1560 3286 1822 3359 pontifex:
1844 3300 1963 3339 nam
1984 3298 2108 3352 pro.

536 3407 715 3468 pterea
748 3392 973 3462 primum
1003 3386 1270 3447 sustinuit,
1302 3392 1355 3438 et
1382 3392 1505 3435 tunc
1534 3378 1794 3442 ascendit,
1831 3384 1888 3429 ut
1930 3382 2111 3468 posset

536 3464 923 3543 commiserari.
976 3480 1239 3535 Tentatum
1270 3487 1437 3528 autem
1469 3490 1555 3543 per
1584 3471 1752 3525 omnia
1800 3484 1889 3539 pro
1933 3464 2113 3520 simili—

540 3580 711 3634 tudine
734 3576 916 3643 absque
941 3579 1165 3643 peccato.
1199 3567 1328 3620 Vide
1350 3563 1617 3635 quomodo
1644 3564 1802 3616 etiam
1830 3573 1986 3627 supra
2016 3570 2110 3626 po-

544 3680 670 3737 suit,
702 3675 899 3735 Simile,
932 3680 987 3727 et
1010 3669 1117 3735 hic,
1154 3666 1257 3721 Pro
1284 3664 1634 3720 similitudine.
1665 3661 1772 3713 lloc
1799 3668 1901 3721 cst,
1932 3670 2117 3727 passus

542 3779 625 3823 est
656 3766 1143 3837 persequutionem,
1189 3758 1285 3811 fuit
1323 3764 1636 3824 consputus,
1664 3760 1963 3811 accusatus,
1995 3748 2124 3801 irri-

544 3877 657 3925 sus,
710 3855 993 3912 calumniis
1040 3853 1326 3922 appetitus,
1382 3849 1607 3916 cjectus,
1658 3852 1931 3914 postremo
1978 3840 2124 3895 cruci

546 3956 757 4008 affixus.
792 3949 894 4003 Pro
940 3945 1267 4001 similitudine
1309 3941 1492 4010 absque
1544 3949 1766 4008 peccato.
1824 3936 1920 3989 llic
1963 3934 2122 3987 etiam

546 4044 687 4098 aliud
721 4042 1041 4103 subindicat,
1077 4052 1266 4106 nempe
1291 4034 1432 4104 quod
1467 4032 1577 4085 fieri
1606 4038 1800 4099 potest,
1833 4038 1886 4081 ut
1927 4027 2013 4096 qui
2044 4034 2127 4079 cst

548 4136 600 4189 in
632 4112 1027 4193 afflictionibus,
1060 4143 1150 4183 cas
1180 4126 1411 4197 perferat
1435 4124 1632 4193 absque
1663 4131 1895 4189 peccato.
1921 4120 2115 4186 Quam-

549 4224 733 4277 obrem
766 4224 921 4276 etiam
951 4218 1161 4291 quando
1189 4218 1336 4278 dicit,
1366 4214 1429 4268 In
1452 4214 1779 4269 similitudine
1804 4212 1988 4274 carnis,
2020 4223 2125 4261 non

550 4316 652 4369 hoc
678 4314 824 4377 dicit,
855 4312 993 4381 quod
1030 4309 1293 4379 acceperit
1338 4307 1515 4359 carnis
1558 4304 1982 4362 similitudinem,
2029 4299 2123 4354 sed

550 4422 786 4460 carnem.
828 4405 932 4457 (Jur
962 4418 1089 4473 ergo
1131 4401 1281 4464 dixit,
1332 4398 1399 4451 In
1450 4394 1823 4450 similitudine?
1864 4393 2123 4459 Quoniam

552 4498 683 4551 dixit
715 4495 781 4549 de
824 4510 983 4549 carne
1028 4492 1324 4562 peccatrice
1360 4509 1371 4543 :
1406 4501 1520 4544 crat
1564 4488 1703 4543 enim
1740 4497 1934 4539 nostra:
1972 4484 2125 4539 simi-

552 4589 637 4642 lis.
688 4587 817 4640 Nam
871 4594 1053 4637 natura
1108 4583 1320 4651 quidem
1370 4590 1486 4635 erat
1536 4580 1719 4632 eadem
1761 4594 1877 4645 qn:c
1921 4585 2124 4643 nostra,

554 4688 771 4749 peccato
801 4686 977 4729 autem
1008 4688 1335 4741 nequaquam
1368 4671 1571 4723 eadem.
1610 4670 1691 4722 16.
1724 4668 1973 4721 Adeamus
2014 4682 2129 4736 ergo

552 4788 666 4823 cum
697 4768 881 4835 ﬁducia
911 4767 977 4818 ad
1006 4767 1242 4817 thronum
1279 4764 1460 4835 gratiw
1487 4766 1614 4832 ejus,
1651 4772 1700 4812 ut
1732 4760 2129 4813 misericordiam

550 4875 930 4928 consequamur,
964 4867 1012 4910 et
1038 4856 1252 4926 gratiam
1280 4854 1588 4907 inveniamus
1628 4854 1679 4903 in
1714 4852 1904 4904 auxilio
1945 4868 2131 4922 ορμον.

553 4966 694 5005 tuuo.
727 4952 1020 5017 Quemnam
1048 4950 1176 5001 dicit
1204 4949 1453 5000 thronum
1486 4948 1710 5015 gratim?
1738 4946 2009 4999 Tlironum
2040 4964 2129 5000 re-

555 5046 715 5111 gium,
766 5042 830 5096 de
876 5058 981 5111 quo
1027 5041 1155 5095 dicit
1186 5058 1197 5091 :
1234 5039 1375 5093 Dixit
1418 5040 1662 5091 Dominus
1711 5038 1925 5093 Domino
1976 5056 2083 5093 meo
2114 5056 2132 5093 :

558 5136 743 5189 Sedea
772 5134 962 5186 dextris
993 5133 1138 5194 meis,
1179 5132 1335 5183 donec
1381 5146 1565 5198 ponant
1606 5130 1833 5183 inimicos
1874 5140 1982 5183 tuos
2020 5147 2133 5185 sca-

550 5227 743 5279 lu'llum
773 5226 954 5293 pedum
990 5236 1187 5276 tuorum
1227 5221 1399 5291 (Psal.
1432 5221 1549 5275 109-
1586 5222 1662 5287 1).
1700 5223 1776 5273 Ac
1819 5224 1859 5275 si
1904 5224 2127 5289 diceret,

556 5318 827 5373 Adeamus
852 5333 970 5370 cum
1002 5315 1215 5377 fiducia,
1246 5314 1496 5383 quoniam
1532 5313 1787 5366 habemus
1823 5315 2130 5383 pontificem

560 5412 685 5463 nulli
732 5420 950 5478 peccato
981 5408 1192 5461 affinem
1217 5448 1231 5471 ,
1268 5408 1355 5476 qui
1401 5407 1671 5476 superavit
1700 5408 1880 5460 orbem
1930 5418 2082 5461 terrae
2120 5428 2133 5463 :

558 5503 807 5569 ConﬁdiIe
836 5503 994 5565 enim,
1044 5501 1229 5570 inquit,
1263 5517 1351 5569 ego
1397 5502 1489 5553 vici
1537 5500 1777 5552 mundum
1818 5500 1997 5569 (Joon.
2047 5502 2133 5554 16.

560 5596 676 5655 55).
705 5592 812 5645 lloc
842 5594 981 5647 enim
1006 5601 1109 5658 est,
1141 5593 1316 5645 omnia
1346 5606 1463 5645 esse
1496 5607 1729 5661 passum,
1760 5592 2010 5645 mundum
2044 5608 2139 5647 au-

565 5697 670 5740 tem
701 5699 818 5738 esse
848 5700 872 5734 η
905 5693 1140 5754 peccato.
1170 5682 1302 5750 Etsi,
1340 5684 1527 5751 inquit,
1556 5698 1649 5738 nos
1677 5699 1855 5740 sumus
1883 5684 1981 5739 sub
2011 5700 2135 5755 poc-

1263 281 1321 337 S.
1361 273 1633 334 JO.\NNfS
1670 255 2135 324 CilRYiOSTOSII
2170 250 2482 337 ARClllEP.
2523 244 3035 304 CONSTANTINOP
3256 325 3272 337 Δ
3407 335 3416 337 λ
3749 238 3820 297 ολ

2216 342 2357 400 cuto,
2377 335 2555 402 etipse
2569 340 2747 387 tamen
2769 347 2872 387 non
2888 342 2963 386 est
2990 341 3209 402 peccato
3221 325 3509 398 obnoxius,
3531 342 3816 404 quomodo

2204 440 2521 497 accedamus
2569 457 2691 499 cum
2743 442 2983 499 fiducia?
3042 442 3193 499 Nunc
3236 451 3319 499 est
3374 442 3535 499 sedes
3591 442 3806 511 gratim,

2215 550 2319 589 non
2342 534 2497 590 sedes
2517 536 2725 605 judicii.

2279 628 2629 683 Misericordia
2668 628 2761 683 Dei
2788 629 2980 683 donum
3010 630 3197 699 regale.
3216 627 3423 702 -—ldco
3460 624 3808 689 Accedamus,

2207 718 2396 790 inquit,
2425 736 2541 774 cum
2565 718 2777 789 fidueia,
2820 729 2874 773 ut
2900 719 3210 788 accipiamus
3237 719 3647 774 misericordiam
3677 731 3804 783 qua-

2205 809 2303 865 lcm
2326 812 2615 877 miserimus.
2659 809 3033 864 Munificeufim
3061 811 3204 864 enim
3234 825 3320 865 res
3346 817 3449 876 est,
3474 808 3687 862 donum
3724 822 3799 859 te-

2204 903 2339 973 gale.
2366 902 2432 957 Et
2446 903 2663 974 gratiam
2686 903 2997 956 inveniantur
3023 903 3075 954 in
3096 902 3289 955 auxilio
3315 911 3630 971 opportuno.
3661 896 3815 952 Bene

2205 995 2351 1058 dicit,
2400 994 2469 1049 In
2508 994 2703 1050 auxilio
2730 1006 3036 1065 opportuno.
3065 994 3120 1051 Si
3151 1010 3311 1060 nunc,
3346 994 3538 1063 inquit,
3571 993 3811 1055 adieris,

2205 1087 2434 1155 accipies
2479 1096 2530 1143 et
2584 1088 2808 1157 gratiam
2865 1097 2920 1142 et
2970 1086 3433 1152 misericordiam;
3484 1093 3810 1156 opportune

2208 1194 2435 1249 namque
2481 1179 2691 1234 accedis
2734 1196 2747 1232 :
2790 1180 2871 1235 sin
2923 1188 3101 1235 autem
3153 1189 3280 1234 tunc
3317 1177 3538 1239 adieris,
3586 1190 3811 1247 nequa-

2206 1285 2405 1341 quam;
2452 1272 2788 1341 importunus
2827 1272 2969 1326 enim
3014 1280 3094 1327 cst
3130 1281 3255 1326 tunc
3298 1270 3515 1333 aditus;
3563 1284 3681 1324 non
3727 1275 3818 1322 est

2205 1362 2349 1416 enim
2380 1371 2503 1417 tunc
2534 1362 2762 1417 thronus
2796 1363 3000 1433 gratiae.
3043 1362 3289 1433 ansque
3335 1361 3477 1416 enim
3518 1373 3601 1416 est
3645 1358 3815 1414 sedes

2204 1454 2409 1524 gratiae,
2438 1469 2715 1524 quousque
2747 1454 2902 1509 sedet
2941 1454 3051 1509 Rex
3092 1452 3229 1509 dans
3270 1454 3496 1524 gratiam
3531 1470 3546 1511 :
3579 1451 3815 1522 quando

2205 1555 2384 1600 autem
2414 1555 2495 1601 est
2520 1546 2932 1611 consummatio,
2961 1556 3086 1601 tunc
3112 1547 3377 1601 excitatur
3403 1546 3761 1617 adjndicium
3794 1561 3809 1599 :

2207 1634 2440 1708 Exsurge
2468 1639 2633 1703 enim,
2670 1638 2861 1709 inquit,
2892 1638 3048 1706 Deus,
3074 1639 3249 1707 iudica
3279 1650 3469 1694 terram
3496 1637 3680 1710 (Psal.
3713 1639 3811 1693 81.

2209 1728 2241 1784 8
2267 1730 2305 1799 ).
2341 1729 2494 1784 Aliud
2523 1731 2684 1785 etiam
2716 1730 3000 1785 dicendum
3037 1740 3137 1786 est.
3160 1732 3435 1796 Adeamus,
3467 1732 3665 1802 inquit,
3686 1747 3811 1784 cum

2208 1822 2434 1892 ﬁducia;
2464 1823 2513 1875 id
2541 1831 2644 1887 est,
2674 1823 2875 1877 nullius
2904 1823 2979 1879 rei
3024 1824 3181 1879 malae
3222 1824 3377 1879 nobis
3420 1825 3647 1890 conscii,
3695 1839 3810 1878 non

2206 1914 2514 1970 dubitantes
2546 1930 2559 1968 :
2593 1931 2714 1969 nam
2737 1916 2826 1985 qui
2858 1924 2941 1970 est
2964 1916 3251 1983 ejusmodi,
3286 1932 3391 1971 non
3420 1925 3597 1987 potest
3641 1931 3810 1971 acco-

2206 2006 2333 2062 dere
2363 2022 2485 2061 cum
2515 2006 2728 2063 fiducia.
2762 2006 2885 2062 Ideo
2926 2008 3050 2061 alibi
3091 2024 3303 2079 quoque
3345 2008 3514 2063 dicit:
3546 2006 3813 2078 Tempore

2208 2111 2492 2172 opportuno
2518 2100 2755 2153 exaudiri
2782 2109 2849 2165 te,
2882 2109 2929 2154 et
2958 2101 3011 2154 in
3041 2100 3123 2154 die
3151 2101 3329 2155 salutis
3356 2100 3535 2168 adjuri
3562 2108 3609 2154 le
3642 2099 3784 2170 (Isa.

2207 2196 2294 2250 49.
2332 2192 2408 2265 8).
2456 2193 2586 2249 Nam
2617 2194 2757 2264 quod
2806 2210 2947 2248 mmc
2988 2210 3199 2265 quoque
3242 2197 3329 2265 qui
3378 2206 3491 2265 post
3525 2196 3811 2251 lavacrum

2210 2296 2453 2356 peccant,
2499 2286 2776 2340 inveniant
2822 2287 3213 2355 paenitentiam,
3245 2297 3325 2342 est
3356 2287 3559 2357 gratim.
3590 2286 3671 2342 Nc
3709 2302 3811 2342 au-

2212 2389 2316 2435 tem
2345 2379 2570 2432 audiens
2602 2380 2929 2447 pontificem,
2964 2379 3239 2433 existimes
3265 2394 3389 2433 eum
3415 2387 3577 2441 stare,
3617 2359 3811 2432 Statiin

2209 2469 2355 2527 ducit
2382 2470 2447 2523 ad
2474 2470 2656 2524 sedem
2687 2486 2701 2521 :
2736 2469 2988 2524 sacerdos
3014 2479 3192 2524 autem
3218 2484 3323 2523 non
3352 2468 3525 2536 sedet,
3552 2469 3646 2524 sed
3673 2478 3809 2524 stat.

2212 2560 2375 2618 Vides
2401 2561 2675 2633 quoniam,
2707 2560 2848 2631 quod
2877 2561 3046 2616 factus
3070 2562 3139 2616 sit
3171 2562 3427 2631 pontifex,
3459 2575 3564 2615 non
3598 2572 3680 2615 est
3708 2576 3811 2614 na-

2224 2670 2374 2725 turae,
2425 2662 2517 2716 sed
2562 2665 2746 2729 gratite
2793 2676 2843 2718 et
2892 2664 3231 2717 demissionis
3279 2673 3332 2715 et
3375 2660 3813 2715 exinanitionis?

2223 2752 2333 2807 Hoc
2360 2754 2512 2808 nobis
2540 2770 2749 2824 quoque
2789 2767 3143 2827 opportunum
3177 2767 3256 2809 est
3289 2755 3489 2820 dicere,
3533 2754 3815 2809 Adeamus

2222 2858 2341 2896 cum
2376 2842 2565 2897 fiducia
2598 2854 2841 2914 petentes
2872 2862 2885 2900 :
2919 2848 3089 2899 solum
3120 2846 3275 2899 fidem
3307 2846 3615 2906 offeramus,
3640 2854 3694 2897 et
3714 2845 3818 2898 dat

2221 2935 2421 2990 omnia.
2450 2934 2602 2989 Nunc
2627 2945 2715 2991 est
2740 2946 2949 3005 tempus
2987 2936 3133 3000 doni,
3167 2952 3322 2991 nemo
3350 2936 3415 2991 de
3445 2952 3503 2989 se
3528 2935 3812 3005 deSperet.

2222 3024 2371 3078 Tunc
2396 3034 2477 3080 est
2506 3036 2711 3095 tempus
2740 3026 3148 3096 desperationis,
3175 3028 3388 3097 quando
3410 3027 3621 3081 clausus
3645 3026 3817 3082 fuerit

2226 3115 2507 3184 thalamus,
2539 3117 2749 3187 quando
2781 3118 2892 3172 [lex
2923 3118 3082 3173 fuerit
3124 3119 3396 3189 ingressus
3434 3117 3499 3171 ad
3544 3118 3816 3173 videndos

2224 3221 2316 3260 eos
2355 3207 2443 3277 qui
2484 3208 2821 3275 accumbunt,
2871 3211 3083 3279 quando
3126 3211 3275 3263 sinus
3318 3207 3633 3279 patriarcha:
3677 3218 3819 3263 sunt

2225 3300 2490 3366 accepturi
2535 3316 2630 3354 eos
2666 3302 2753 3370 qui
2811 3302 2873 3355 iis
2919 3310 3043 3354 sunt
3090 3301 3338 3371 dignandi
3382 3320 3395 3355 :
3441 3315 3582 3355 nunc
3624 3309 3814 3356 autem

2227 3392 2459 3444 nomium
2496 3409 2508 3444 :
2540 3392 2714 3445 adhuc
2740 3395 2880 3446 enim
2924 3392 3167 3445 consistit
3197 3392 3482 3458 theatrum,
3515 3391 3692 3447 adhuc
3721 3394 3813 3447 in-

2223 3494 2326 3536 stat
2356 3496 2645 3550 certamen,
2677 3485 2851 3539 adhuc
2883 3489 3073 3553 pendet
3106 3486 3407 3556 praimium.

2293 3578 2350 3631 5.
2391 3577 2725 3631 Festinemus
2754 3593 2879 3646 ergo
2911 3595 2922 3629 :
2957 3577 3155 3632 Paulus
3181 3578 3321 3631 enim
3348 3578 3496 3640 dicit,
3524 3576 3613 3630 Sic
3632 3594 3813 3643 curro,

2228 3686 2323 3721 non
2351 3670 2496 3733 quasi
2526 3671 2576 3722 in
2598 3670 2843 3723 incertum
2871 3670 2945 3741 (1.
2979 3668 3099 3722 Cor.
3127 3670 3179 3723 9.
3210 3670 3323 3738 26).
3350 3668 3518 3723 Cursu
3547 3685 3681 3737 opus
3703 3681 3816 3735 est,

2228 3777 2398 3830 eoque
2425 3760 2745 3815 vehementi.
2779 3762 2879 3829 Qui
2908 3762 3097 3825 currit,
3130 3761 3334 3815 nullum
3364 3760 3505 3814 videt
3530 3774 3596 3814 ex
3629 3761 3818 3815 omni-

2230 3854 2342 3917 luis,
2374 3856 2580 3907 etiamsi
2623 3854 2947 3924 ingrediatur
2983 3870 3079 3925 per
3110 3865 3283 3924 prata,
3326 3853 3535 3909 etiamsi
3571 3868 3664 3922 per
3693 3853 3818 3909 loca

2226 3944 2371 3998 arida
2401 3953 2453 3999 et
2484 3960 2671 4014 aspera
2703 3962 2716 3997 :
2749 3947 2835 4013 qui
2886 3946 3075 4009 currit,
3107 3961 3212 3999 non
3258 3945 3448 4013 aspicit
3482 3944 3548 3999 ad
3595 3955 3820 4011 Specta-

2230 4048 2388 4098 tores,
2418 4036 2511 4089 sed
2543 4036 2606 4089 ad
2641 4036 2913 4105 praemium
2942 4053 2955 4099 ;
2990 4036 3197 4089 etiamsi
3231 4036 3338 4090 sint
3362 4034 3574 4099 divites,
3616 4034 3818 4089 etiam-

2228 4129 2269 4180 si
2320 4142 2598 4196 pauperes,
2654 4129 2861 4181 etiamsi
2916 4129 3034 4195 quis
3077 4128 3316 4190 irrideat,
3354 4128 3561 4181 etiamsi
3608 4128 3818 4195 laudet,

2229 4220 2433 4272 etiamsi
2463 4220 2782 4273 contumelia
2813 4218 3024 4282 afficiat,
3057 4220 3262 4272 etiamsi
3288 4219 3549 4287 lapidibus
3575 4230 3816 4288 appetat,

2230 4311 2437 4365 etiamsi
2463 4311 2677 4364 domum
2703 4312 2937 4381 diripiat,
2967 4311 3174 4365 etiamsi
3200 4311 3392 4365 viderit
3419 4312 3578 4375 filios,
3602 4314 3820 4367 etiamsi

2232 4417 2475 4467 uxorem,
2508 4405 2715 4459 etiamsi
2746 4405 3042 4475 quodlibet,
3074 4421 3177 4459 non
3202 4405 3491 4470 avertitur;
3517 4405 3567 4457 in
3600 4390 3701 4459 hoc
3729 4421 3825 4459 so-

2231 4495 2337 4549 lum
2367 4506 2529 4549 estut
2565 4507 2764 4560 currat,
2798 4505 2855 4550 ut
2892 4498 3165 4566 pra-mium
3205 4496 3449 4566 accipiat.
3489 4497 3587 4563 Qui
3624 4499 3821 4561 currit,

2232 4604 2489 4655 nusquam
2537 4598 2635 4641 stat
2676 4607 2686 4640 :
2721 4604 2840 4641 nam
2890 4591 2930 4641 si
2982 4591 3063 4642 vel
3114 4605 3296 4655 parum
3352 4590 3530 4658 segnis
3564 4590 3715 4642 fuerit
3766 4601 3825 4644 et

2230 4679 2405 4744 deses,
2435 4688 2600 4733 totum
2632 4680 2833 4748 perdet.
2859 4680 2956 4747 Qui
2982 4681 3167 4741 currit,
3215 4696 3316 4732 non
3345 4680 3515 4744 solum
3557 4681 3683 4732 nihil
3728 4696 3823 4734 re-

2233 4772 2391 4825 mittit
2428 4781 2551 4825 ante
2594 4770 2776 4835 finem,
2822 4770 2915 4825 sed
2946 4771 3109 4825 etiam
3143 4779 3268 4825 tunc
3312 4772 3543 4823 maxime
3593 4786 3816 4824 cursum

2234 4864 2473 4917 intendit.
2524 4862 2635 4917 Hoc
2675 4878 2703 4916 a
2748 4879 2833 4916 me
2855 4862 3049 4915 dictum
3074 4871 3153 4915 est
3184 4862 3248 4914 ad
3279 4876 3370 4915 eos
3396 4862 3480 4930 qui
3515 4860 3717 4921 dicunt.
3763 4864 3821 4915 lu

2228 4959 2503 5027 juventule
2530 4972 2627 5010 nos
2664 4956 3017 5017 exercuimns,
3048 4956 3099 5008 in
3134 4954 3818 5023 jnventulcjejuuaviinus,

2238 5067 2375 5104 nunc
2402 5048 2799 5103 consenuimus.
2844 5047 2995 5101 Nunc
3040 5047 3271 5101 maxime
3314 5055 3525 5113 Oportet
3562 5048 3820 5115 pietatem

2237 5142 2531 5197 intendere.
2576 5140 2651 5193 Ne
2694 5140 2819 5192 mihi
2870 5155 3152 5193 enumeres
3200 5154 3317 5206 qum
3364 5138 3488 5191 olim
3518 5154 3545 5187 a
3580 5147 3629 5189 te
3674 5147 3822 5191 recte

2236 5245 2357 5289 sunt
2386 5244 2531 5303 gesta
2559 5250 2572 5296 ;
2609 5249 2747 5287 iuinc
2777 5243 2825 5285 te
2854 5233 3030 5300 prmbe
3057 5233 3310 5301 juvenem
3339 5231 3727 5299 florentemque
3768 5242 3826 5285 et

2238 5339 2503 5391 vegetum.
2535 5325 2664 5379 Nam
2695 5326 2923 5377 maxime
2950 5325 3162 5393 quidem
3192 5324 3277 5391 qui
3309 5322 3645 5390 corporalem
3682 5324 3828 5377 hunc

2238 5422 2403 5473 currit
2441 5436 2678 5482 cursum,
2725 5429 3001 5487 postquam
3052 5434 3174 5473 eum
3216 5416 3631 5487 apprehendcrit
3675 5418 3825 5470 cani-

2241 5513 2359 5575 ties,
2401 5528 2503 5564 non
2545 5520 2718 5580 potest
2766 5526 2915 5580 reque
2962 5526 3179 5565 currere
3226 5528 3238 5565 :
3282 5526 3404 5564 nam
3450 5510 3705 5581 quidquid
3738 5520 3825 5566 est

2240 5605 2567 5671 certaminis,
2594 5613 2677 5658 est
2706 5604 2755 5657 in
2785 5619 3030 5672 corpore.

2310 5709 2463 5763 Senes
2496 5719 2545 5761 ut
2567 5710 2776 5779 juvenes
2807 5724 3004 5763 currere
3033 5707 3205 5759 debent
3237 5706 3286 5757 in
3320 5705 3396 5757 eia
3426 5702 3620 5757 salutis.
3643 5729 3709 5741 η-
3744 5702 3819 5753 Tu
