4020 6400
153 345 219 396 tib
1026 329 1088 387 IN
1129 324 1344 382 EPIST.
1390 322 1481 376 AD
1521 310 1794 373 llEBRIfIi

1924 305 2079 363 CAP.
2122 302 2211 357 ιγ.
2254 295 2492 355 ιιολιιιι.
2535 291 2644 347 \'ll.
3367 286 3436 338 ﬂii

149 455 322 499 autent
353 456 585 511 quanam
618 438 684 493 de
709 449 867 492 causa
892 446 1107 489 cursum
1132 428 1362 485 minuis?
1389 426 1565 480 anima
1588 425 1731 478 enim
1836 430 2089 499 pilorum,
2123 431 2371 490 magnam
2399 411 2493 467 tibi
2521 406 2666 464 dedit
2698 396 3107 474 prterogativam
3138 409 3153 445 :
3197 402 3290 442 t'ur
3315 400 3439 455 pro-

2275 510 2288 511 ,
2484 502 2494 511 .
2565 509 2574 511 μ
2720 491 2974 511 ,,AAL:.-._
3002 481 3211 511 :....-..:-
3261 490 3439 511 nua-an-

618 481 683 493 ..-
710 481 867 492 νυ.--
897 481 1106 489 -_-_-_-__
1252 481 1314 484 ρ

151 534 233 589 hic
264 547 398 602 opus
420 541 521 595 est,
551 530 725 585 anima
747 525 976 581 excitata
1005 532 1061 576 et
1089 529 1269 577 erecta
1301 535 1315 571 :
1344 517 1523 571 anima
1554 524 1735 569 autem
1838 481 1924 576 his
1943 481 2239 573 honorem;
2259 502 2535 577 Quomodo
2562 509 2616 555 te
2636 491 2974 552 reverebiltlr
2997 481 3235 556 ,ἰυνθιιίῑν
3261 490 3439 548 (11³³³³-

2528 594 2539 602 .
2675 600 2683 602 .
2720 587 2732 602 ι
2782 601 2790 602 ,
2815 579 3012 602 ,-----..Il
3030 572 3268 602 F-..:I:ne
3295 565 3439 602 Δηῖηι

152 565 233 589 ult.
264 565 398 602 υιηιο
420 565 521 595 uas,
551 565 725 585 ιιιιιιιιιι
747 565 976 581 νιν-..ηι-
1008 565 1061 576 ...-
1090 565 1135 577 ...
1152 565 1269 575 ..ν-...-
1302 565 1314 571 -
1345 565 1523 571 -.-η-ν.-
1558 565 1675 569 ἡγῇ,
1724 565 1735 567 _

150 626 504 682 roboraturin
536 630 845 683 senectute;
877 618 985 671 imo
1016 625 1143 670 tunc
1174 612 1407 667 maxime
1429 611 1592 679 viget,
1613 617 1736 662 tun.

1940 627 1997 665 es
2026 623 2094 664 eo
2121 606 2278 671 longe
2305 594 2611 669 protervior
2636 600 2688 645 et
2720 572 3273 641 lascivior?Canities
3295 565 3444 624 enim

150 662 422 682 ,νυνηηω
536 662 845 683 samem.-.
877 662 983 671 ...η
1018 662 1143 670 η---
1433 662 1437 665 Α
1465 662 1542 679 κο-
1579 662 1591 672 ,
1847 662 1908 667 __
1947 662 1992 665 ν
2038 662 2081 664 ν

150 718 400 772 exsultat.
419 717 571 771 Sicut
593 714 734 768 enim
766 724 983 781 corpus,
1018 704 1268 778 quamdiu
1286 704 1500 773 quidem
1526 708 1738 754 tenetur
1848 716 1975 767 tunc
1998 711 2082 758 est
2106 662 2402 754 reverenda
2427 732 2443 757 ,
2491 682 2709 759 quando
2736 678 2847 749 agit
2872 688 2994 745 qua:
3023 675 3151 725 sunt
3177 662 3394 718 canitiei
3426 673 3443 713 :

2732 773 2743 781 -
3036 759 3203 781 a--..:..
3238 756 3335 781 -..ιι
3372 751 3443 781 ..ἰ-

150 751 400 772 tua“...
420 751 571 771 υω...
767 751 983 781 ..υ-...ω
1020 751 1268 778 ιιι-η---υ-
1289 751 1499 773 τ---τν--ρ
1531 751 1640 754 ~
2002 751 2080 758 ---
2107 751 2119 754 ν
2146 751 2159 754 -
2212 751 2219 752 κ

150 810 392 865 febribus
440 804 758 875 crebrisque
804 810 858 857 et
903 799 1007 855 sibi
1048 796 1282 853 invicem
1326 789 1742 849 succedentibus
1848 764 2063 869 quando
2091 801 2271 845 autem
2297 751 2549 855 agit
2571 782 2700 831 sunt
2730 773 3009 841 juvenum,
3035 759 3208 829 magis
3235 756 3339 810 erit
3372 751 3448 806 ri-

2577 868 2599 875 -
2801 863 2813 875 .
3045 850 3289 875 ..αμα-ι..
3336 846 3448 875 Imm

150 846 392 865 .............
441 846 758 875 κανων-τη,
806 846 858 857 ν-
903 846 1007 855 -.--
1048 846 1280 853 ---ν----η
1328 846 1417 849 ---
1476 846 1479 847 ν
1891 846 2047 850 ____,,,

150 901 377 965 morbis,
429 897 639 953 etiamsi
685 895 756 949 sit
799 891 938 948 forte
983 898 1041 944 et
1090 888 1407 950 robustum,
1446 890 1742 939 esttamen
1851 846 2038 947 Sicula,
2074 896 2233 955 quam
2277 846 2522 945 juvenes.
2566 863 2853 939 Quomodo
2884 873 3013 928 csso
3044 850 3293 924 pom-ms
3335 846 3455 899 tunc

2920 951 2932 965 ι
3012 947 3046 965 ,ε
3088 945 3147 965 -I-
3184 937 3452 965 ιμηυ-ιλιιΑ

152 937 377 965 ..ενι-ιη,
429 937 639 953 ............
685 937 756 949 ...-
799 937 937 948 .-.η
987 937 1040 944 --
1091 937 1407 950 --η---.ηπ
1457 937 1465 939 ἡ

152 990 447 1054 afﬂictum;
498 995 776 1058 postquam
826 991 1003 1037 autem
1048 976 1212 1032 fuerit
1244 976 1529 1030 liberatum
1557 971 1624 1024 ab
1656 971 1742 1022 illa

1921 970 2407 1044 adercjuveuibus,
2437 978 2531 1018 vos
2575 972 2736 1015 senes
2771 947 3049 1009 temulenti
3082 945 3152 998 ob
3184 937 3453 997 immode-

2710 1050 2723 1058 .
2878 1044 2909 1058 ..
2965 1056 2972 1058 _
3058 1037 3189 1058 ,ι,,ε.
3251 1029 3346 1058 -..Α

499 1029 776 1058 ,ψη-μη.--
826 1029 1003 1037 __---__

153 1081 436 1135 obsidione
456 1120 471 1145 ,
519 1092 644 1130 suas
695 1076 836 1128 vires
881 1078 1167 1140 recuperat
1196 1086 1208 1120 :
1242 1067 1313 1120 ita
1358 1064 1520 1119 etiam
1564 1061 1744 1115 anima
1858 1029 2200 1131 suam-11:1,,"
2228 1029 2678 1119 senes-accusans
2710 1050 2828 1103 ιιωο
2860 1044 2985 1100 ἀίω
3008 1082 3022 1105 ,
3054 1037 3214 1101 abs“,
3250 1029 3349 1088 sed
3372 1030 3459 1099 ju.

156 1174 427 1228 febricitat
474 1173 525 1223 in
567 1169 882 1239 juvenlute,
932 1174 986 1219 et
1013 1178 1131 1217 eam
1159 1158 1394 1215 maxime
1427 1166 1567 1211 leuet
1595 1167 1748 1206 amor

152 1266 341 1338 gloria:
368 1275 423 1320 ct
450 1262 763 1320 deliciarum
792 1267 846 1316 et
870 1258 944 1312 rei
962 1269 1208 1310 venerea:
1230 1263 1284 1306 et
1303 1251 1533 1304 aliorum
1552 1246 1748 1300 multo-

158 1376 274 1414 rum
315 1357 643 1418 aiTectuum;
673 1369 795 1408 cum
824 1348 1103 1404 advenerit
1133 1356 1311 1399 autem
1337 1348 1622 1403 senectus,
1684 1350 1747 1389 ca

155 1448 383 1520 expellit
431 1447 544 1500 Ιιωε
576 1444 752 1499 omnia
786 1457 906 1512 qua:
936 1446 1062 1492 sunt
1086 1435 1332 1506 corporis
1354 1474 1368 1497 ,
1402 1430 1594 1501 partim
1638 1426 1756 1495 qui-

160 1541 282 1596 dem
311 1554 435 1593 eum
468 1547 709 1605 tempore
731 1574 747 1599 ,
782 1531 973 1601 partim
1005 1537 1185 1583 autem
1216 1542 1311 1595 per
1339 1519 1751 1593 philosophiam.

164 1631 445 1688 Intensum
473 1629 617 1685 enim
648 1628 813 1681 robur
843 1620 1086 1691 corpotis
1124 1619 1435 1688 deprimens
1460 1622 1709 1671 senectus
1738 1649 1753 1674 ,

167 1740 235 1781 rte
276 1724 368 1779 bis
400 1720 619 1792 quidem
652 1719 918 1772 volentem
948 1713 1022 1767 uti
1050 1710 1173 1765 sinit
1204 1709 1476 1769 animam;
1501 1702 1594 1756 sed
1625 1713 1758 1752 tam-

167 1835 335 1890 quam
358 1833 520 1873 omne
550 1830 719 1888 genus
746 1811 995 1868 hostibus
1024 1806 1381 1885 compressis.
1408 1817 1526 1856 eam
1556 1797 1758 1853 consti-

170 1913 269 1966 tuit
314 1913 368 1964 in
414 1910 533 1964 loco
575 1921 711 1976 puro
741 1921 770 1958 a
816 1901 1161 1960 tumultibus,
1211 1907 1263 1950 et
1312 1909 1558 1964 magnam
1600 1888 1764 1944 eilicit

170 2000 639 2071 tranquillitatem,
663 2007 716 2051 et
744 1994 1002 2065 majorem
1040 1990 1195 2044 al‘l'crt
1236 1989 1503 2041 timorem.
1534 1982 1589 2037 Si
1618 1980 1760 2035 enim

172 2097 361 2151 nullus
385 2092 525 2148 alius
544 2131 562 2158 ,
592 2100 648 2146 at
674 2103 833 2146 senes
869 2085 1086 2159 quidem
1107 2090 1253 2137 certe
1289 2088 1483 2133 norunt
1508 2090 1567 2131 se
1595 2072 1765 2139 mori-

176 2199 352 2250 turos,
395 2196 449 2240 et
478 2183 636 2239 morti
691 2180 913 2237 omnino
967 2191 1089 2232 esse
1148 2171 1495 2242 propinquos.
1545 2166 1770 2233 Quando

179 2282 343 2347 igitur-
361 2295 481 2351 qua:
509 2278 575 2331 ad
622 2276 757 2330 hanc
790 2274 950 2327 vitam
998 2269 1272 2341 pertineat
1322 2264 1580 2320 recedunt
1618 2259 1739 2328 cupi

182 2374 383 2428 ditates
426 2385 491 2424 ac
546 2368 817 2429 libidines,
875 2362 1055 2418 subito
1100 2371 1281 2415 autem
1336 2355 1535 2427 ingruit
1580 2366 1772 2419 empe-

179 2465 352 2520 ctatio
404 2460 639 2531 judicii,
704 2456 1070 2530 pervicaciam
1143 2452 1337 2504 anima:
1400 2445 1646 2501 molliens
1715 2450 1770 2495 et

178 2553 642 2617 inobcdicntiam,
692 2565 869 2605 annon
913 2547 972 2601 lit
1022 2544 1275 2600 attentior
1335 2541 1378 2595 si
1428 2537 1588 2592 velit?
1639 2535 1772 2603 Quid

178 2663 314 2703 vero
344 2689 357 2712 ,
390 2644 603 2714 inquit,
633 2641 774 2712 quod
824 2640 1066 2693 videmus
1112 2648 1269 2689 senes
1307 2629 1595 2702 juvenibus
1625 2629 1773 2680 dete-

182 2739 407 2796 riores?
452 2736 728 2792 Summam
773 2731 900 2786 mihi
946 2729 1083 2783 dicis
1124 2726 1236 2779 vitii
1267 2719 1731 2791 exsuperationem
1766 2733 1778 2769 :

184 2846 314 2886 nam
357 2838 412 2885 et
450 2827 681 2881 furiosos
713 2822 957 2876 videmus
1012 2817 1160 2872 nullo
1211 2812 1521 2882 impellente
1564 2807 1781 2867 sedare

183 2920 522 2993 prtecipites.
572 2914 798 2983 Quando
837 2926 971 2983 ergo
1026 2907 1111 2962 vel
1163 2919 1331 2959 senex
1387 2902 1596 2957 laborat
1642 2912 1781 2951 mor-

189 3014 272 3068 his
297 3014 561 3081 jnvcnum
585 3049 598 3071 ,
647 3005 697 3060 id
728 3016 995 3059 summum
1026 3008 1107 3054 est
1133 2996 1321 3050 vitium
1351 3012 1365 3048 :
1399 3006 1497 3046 nec
1526 2989 1787 3058 injuven-

189 3114 308 3159 tute
347 3100 563 3172 quidem
586 3139 601 3163 ,
651 3098 740 3165 qui
774 3102 858 3150 est
894 3087 1241 3161 bujusmodi,
1272 3082 1670 3139 excusationem
1700 3078 1794 3131 ha—

192 3171 377 3249 buerit
406 3210 421 3247 :
455 3206 561 3244 non
607 3194 786 3258 potest
825 3183 969 3239 enim
1008 3180 1230 3244 dicere,
1278 3174 1479 3230 Delicta
1514 3171 1794 3242 juvetttutis

193 3304 329 3344 metu
354 3297 402 3342 et
430 3283 743 3357 ignorantia:
770 3295 906 3333 meas
932 3293 995 3331 ue
1023 3271 1311 3329 memineris
1356 3266 1545 3341 (Psal.
1577 3264 1671 3319 2i.
1704 3264 1733 3315 7
1754 3263 1794 3332 ).

194 3388 335 3446 Nam
381 3386 471 3454 qui
522 3389 700 3435 manet
740 3378 880 3431 idem
923 3374 975 3425 in
1020 3376 1329 3427 senectute,
1366 3358 1603 3415 ostendit
1659 3352 1804 3424 quod

193 3480 366 3537 etiam
400 3478 452 3531 in
478 3475 761 3546 juventute
790 3482 896 3522 non
922 3471 1139 3535 propter
1165 3454 1583 3529 ignorationem,
1618 3462 1797 3515 neque

200 3578 429 3642 prepter
478 3538 849 3635 imperitiam,
894 3568 1068 3626 neque
1114 3556 1335 3622 propter
1374 3552 1590 3599 tetatetn
1640 3538 1801 3593 fuerit

205 3635 502 3729 ejusmodi,
545 3653 641 3709 sed
685 3658 906 3723 propter
947 3643 1275 3701 socordiam.
1318 3638 1413 3692 Ille
1439 3635 1586 3691 enim
1621 3636 1802 3701 potest

204 3750 413 3810 dicere,
448 3744 645 3799 Delicta
666 3741 949 3811 juventutt‘s
990 3749 1114 3787 mere
1138 3741 1185 3785 et
1225 3725 1546 3801 ignorantia:
1573 3737 1712 3775 meas
1740 3733 1804 3771 ne

204 3841 521 3904 morituris,
559 3836 649 3903 qui
682 3833 944 3901 facitqum
974 3829 1089 3883 seni
1118 3822 1469 3884 conveniunt,
1502 3817 1592 3888 qui
1627 3822 1802 3867 muta-

204 3945 296 3990 tur
320 3934 373 3988 in
404 3937 683 3987 senectute
708 3944 722 3981 :
746 3925 789 3980 si
822 3933 999 3977 autem
1032 3920 1194 3974 etiam
1223 3916 1274 3969 in
1304 3918 1588 3968 senectute
1612 3905 1801 3961 eadem

207 4021 449 4080 admittit
482 4019 677 4090 probra
705 4026 761 4070 et
780 4013 1044 4069 dedecora
1068 4049 1083 4074 ,
1133 4002 1404 4077 quomodo
1439 4015 1535 4070 par
1563 4007 1645 4051 est
1674 4004 1731 4049 nt
1762 3995 1806 4049 is

211 4118 525 4175 nominetur
552 4127 744 4171 senex.
773 4109 862 4177 qui
898 4120 964 4160 ne
987 4112 1199 4158 aetatem
1227 4096 1443 4170 quidem
1474 4098 1752 4148 reveretur
1782 4087 1806 4140 ἲ

211 4210 352 4266 Nam
381 4211 472 4277 qui
502 4204 671 4269 dicit,
720 4199 921 4254 Delicta
938 4193 1225 4267 juventutis
1258 4204 1382 4243 mea:
1413 4197 1459 4241 et
1494 4183 1810 4257 ignorantiae

221 4318 362 4356 mea:
390 4316 453 4354 ne
472 4296 782 4357 memineris,
808 4292 923 4346 haec
952 4288 1115 4354 dicit,
1145 4297 1417 4354 tamquam
1448 4281 1504 4334 in
1527 4284 1811 4334 senectute

215 4407 280 4449 ac
310 4398 460 4446 recte
488 4401 705 4459 gerens.

302 4481 440 4535 Vitia
465 4493 639 4534 aenum
666 4485 889 4544 tempore
930 4467 1300 4540 Chrysostomi.
1330 4494 1402 4506 —
1428 4462 1508 4519 Ne
1534 4474 1663 4531 ergo
1684 4470 1814 4529 pre-

222 4584 348 4645 pter
371 4587 459 4639 ea,
488 4586 609 4624 cute
640 4569 773 4623 fiunt
800 4567 852 4620 in
881 4569 1179 4626 senectute,
1200 4560 1430 4628 tcipsum
1456 4556 1633 4626 prives
1655 4552 1818 4607 etiam

226 4667 382 4722 venia
413 4670 756 4733 peccatorum
779 4699 794 4721 ,
822 4673 942 4727 qua:
967 4651 1233 4709 admisisti
1266 4652 1318 4704 in
1343 4650 1647 4719 juvenlute.
1672 4643 1824 4711 Quo-

231 4758 397 4815 modo
427 4757 569 4811 cnim
600 4754 652 4808 id
687 4767 791 4806 non
831 4758 915 4805 est
952 4745 1243 4802 absurdum
1280 4754 1336 4799 et
1381 4741 1534 4813 pejus
1577 4753 1737 4809 quam
1769 4744 1828 4790 ut

234 4856 514 4905 mercatur
556 4842 819 4899 veniam?
856 4854 1023 4895 senex
1065 4836 1249 4892 ebrius
1279 4842 1384 4899 est,
1432 4832 1585 4887 sedet
1612 4831 1664 4885 in
1693 4843 1826 4885 cau-

238 4942 417 5013 ponis,
459 4953 623 4994 senex
663 4942 916 5007 properat
946 4931 1014 4986 ad
1044 4943 1305 4999 equorum
1333 4924 1691 4988 curriculum,
1737 4935 1828 4975 sc-

238 5050 340 5089 ncx
368 5030 614 5087 ascendit
650 5031 701 5082 in
752 5027 1054 5090 theatrum,
1104 5034 1376 5091 tamquam
1424 5033 1559 5088 puer
1602 5027 1832 5071 currens

234 5140 359 5179 cum
404 5123 585 5193 vulgo.
619 5119 760 5174 Vere
795 5126 879 5173 cst
912 5115 1087 5187 pudor
1128 5124 1178 5168 et
1211 5126 1298 5167 res
1331 5108 1588 5173 ridicula,
1626 5106 1834 5162 extrin-

242 5230 401 5271 secus
433 5212 650 5283 quidem
682 5210 867 5264 ornari
898 5205 1117 5271 canitie,
1151 5204 1474 5258 intrinsecus
1495 5207 1673 5252 autem
1705 5211 1835 5250 sen-

240 5324 357 5362 sium
388 5307 587 5360 habere
617 5302 793 5374 pueri.
828 5302 893 5356 Et
921 5301 967 5355 si
999 5299 1264 5371 quispiam
1296 5293 1512 5364 juvenis
1550 5306 1673 5347 eum
1705 5304 1837 5345 eon-

243 5397 461 5454 tnmelia
490 5395 727 5450 adecerit
748 5436 761 5460 ,
797 5393 979 5447 statim
1011 5390 1195 5460 objicit
1222 5401 1411 5442 canos.
1440 5384 1521 5439 Tu
1566 5399 1659 5437 eos
1687 5382 1834 5452 prior

244 5503 493 5544 reverere
548 5505 559 5540 :
609 5486 653 5542 si
704 5493 762 5539 tu
807 5493 987 5538 autem
1018 5491 1134 5535 tuos
1162 5496 1268 5532 non
1299 5474 1599 5531 reverearis
1625 5516 1639 5539 ,
1670 5472 1835 5542 idque

245 5596 363 5634 cum
417 5580 493 5635 sis
539 5592 705 5633 senex
728 5619 743 5643 ,
790 5572 1065 5646 quomodo
1095 5586 1305 5640 a-quum
1331 5582 1520 5623 censes
1550 5563 1841 5635 utjuvenis

251 5682 369 5726 tuos
398 5668 747 5724 revereatur?
775 5666 890 5720 Non
924 5663 1189 5720 rever-eris
1231 5674 1395 5715 canos
1415 5700 1429 5723 ,
1468 5656 1562 5712 scd
1588 5670 1683 5711 cos
1715 5669 1838 5723 pro-

252 5765 344 5816 bro
374 5771 427 5815 et
468 5760 733 5816 dedecore
761 5756 952 5811 afi‘tcis.
997 5754 1143 5811 Deus
1186 5763 1240 5809 te
1277 5748 1564 5806 honoravit
1608 5744 1843 5802 candme

1863 1178 2051 1217 venes.
2080 1157 2213 1214 Nam
2239 1154 2328 1225 qui
2363 1152 2479 1204 luce
2505 1151 2691 1216 agunt,
2718 1130 3023 1195 etiamsiad
3051 1140 3248 1182 annum
3277 1129 3464 1177 cento-

1864 1257 2056 1309 simum
2087 1244 2451 1321 pervenerint,
2477 1235 2607 1294 mibi
2631 1242 2752 1289 sunt
2771 1230 3033 1299 juvenes:
3058 1217 3464 1288 sicutjuvenes,

1867 1345 2075 1402 etiamsi
2105 1343 2213 1396 sint
2245 1335 2391 1407 parvi
2424 1330 2597 1402 pueri,
2629 1327 2736 1380 sint
2778 1330 2958 1374 autem
2989 1310 3218 1371 modesti
3245 1316 3301 1364 et
3328 1315 3465 1359 tem-

1872 1444 2146 1509 perantes,
2169 1438 2297 1485 sunt
2326 1425 2582 1479 meliores
2610 1414 2852 1472 senibus.
2880 1408 2992 1464 Nec
3019 1418 3197 1460 meum
3218 1409 3299 1455 est
3328 1395 3469 1465 quod

2736 1505 2769 1509 __
2926 1501 2936 1509 _
3323 1486 3437 1509 an:

1876 1486 1980 1509 I’"'
2007 1486 2087 1489 ""
2133 1486 2145 1499 1

1876 1529 2091 1590 dicitur,
2141 1520 2236 1576 sed
2280 1520 2419 1571 bane
2466 1522 2679 1581 quoque
2718 1501 3102 1560 discretionem
3137 1492 3284 1546 novit
3323 1486 3471 1543 Scri-

1878 1630 2031 1691 ptura
2068 1634 2081 1669 :
2116 1608 2362 1669 Seitectus
2390 1599 2712 1663 venerabilis,
2745 1592 3073 1661 inquit,nan
3103 1585 3342 1637 diuturna
3364 1619 3378 1644 ,
3428 1586 3477 1629 et

1880 1676 2002 1767 ictas
2031 1702 2297 1761 senectutis
2328 1700 2428 1750 vita
2456 1690 2789 1748 immaculata
2814 1682 2974 1755 (δαν.
3001 1681 3053 1735 ι.
3078 1676 3157 1748 9).

1953 1804 2007 1855 4.
2054 1799 2155 1865 Qui
2201 1796 2265 1849 sit
2296 1793 2459 1845 [conor
2487 1780 2779 1840 senectutis.
2804 1805 2876 1817 --
2895 1773 3085 1834 .Canos
3114 1768 3285 1824 enim-
3305 1762 3481 1817 hono—

1885 1906 2097 1954 ramus,
2146 1902 2251 1941 non
2285 1884 2407 1952 quia
2438 1878 2618 1933 album
2650 1872 2889 1928 colorem
2927 1864 3082 1933 nigro
3110 1856 3484 1930 praeferimus,

1888 1985 1981 2042 sed
2012 1983 2134 2053 quia
2163 1988 2247 2034 est
2274 1948 2484 2045 signum
2514 1969 2637 2022 vita:
2668 1979 2787 2033 qua:
2818 1975 2883 2015 ex
2920 1957 3120 2010 virtute
3166 1948 3343 2020 agitur
3366 1985 3383 2011 ,
3435 1952 3490 1995 et

1890 2093 2011 2133 cum
2047 2072 2311 2132 videmus,
2354 2066 2596 2118 internos
2625 2068 2793 2111 canos
2821 2067 2887 2106 ex
2916 2063 2981 2101 eo
3013 2042 3335 2112 conjicimus
3370 2038 3490 2090 :sin

1892 2178 2071 2223 autem
2100 2178 2162 2217 ea
2184 2167 2375 2232 gerunt
2401 2170 2521 2223 qua:
2549 2145 2764 2205 canitiei
2791 2149 2918 2197 sunt
2941 2134 3234 2196 contraria,
3258 2135 3496 2200 propter-

1894 2276 1960 2317 ea
2006 2256 2176 2326 magis
2219 2253 2355 2306 liunt
2380 2243 2617 2302 ridiculi.
2662 2237 2795 2294 Nam
2825 2243 2880 2290 et
2912 2244 3096 2301 regem
3127 2227 3457 2281 honoramus
3478 2260 3499 2284 ,

1896 2360 1954 2408 et
1981 2313 2295 2421 purpuram,
2328 2348 2382 2393 et
2412 2333 2683 2396 diadema,
2712 2324 2968 2397 quoniam
3001 2328 3127 2373 sunt
3151 2316 3302 2385 signa
3327 2313 3500 2381 impe-

1904 2444 1968 2501 rii
2005 2460 2019 2496 :
2049 2438 2144 2495 sed
2183 2436 2228 2490 si
2263 2447 2385 2489 eum
2416 2427 2710 2482 viderimus
2740 2434 2862 2475 eum
2897 2425 3132 2486 purpura
3159 2406 3383 2477 conspui
3406 2446 3421 2469 ,
3473 2418 3502 2454 a

1904 2532 2226 2595 satellitibus
2254 2519 2583 2584 conculcari,
2607 2510 2881 2575 suffocari,
2911 2509 2963 2563 iu
2989 2511 3263 2558 carcerem
3288 2495 3503 2565 conjici,

1907 2624 2138 2695 discerpi
2161 2636 2225 2675 ac
2240 2614 2492 2676 convelli,
2526 2603 2786 2677 numquid
2814 2596 3186 2656 reverebimur
3212 2601 3511 2662 purpuram

1910 2721 2010 2772 aut'
2030 2677 2310 2772 diadema,
2361 2718 2462 2759 nec
2505 2699 2666 2756 etiam
2720 2694 2895 2762 ipsum
2927 2686 3168 2743 habitum
3198 2677 3511 2750 tIr-piorabi-

1914 2806 2073 2864 mus?
2110 2802 2190 2859 Ne
2213 2800 2352 2855 velis
2376 2808 2506 2864 ergo
2534 2784 2791 2844 honorari
2818 2791 3040 2852 propter
3061 2774 3318 2831 canitiem
3341 2812 3356 2834 ,
3391 2784 3512 2820 eum

2824 2894 2947 2934 ttattt
2973 2881 3085 2944 ipsa
3114 2882 3329 2940 quoque
3358 2864 3425 2917 de
3461 2871 3513 2913 te

1915 2920 1973 2964 tu
2001 2909 2115 2977 ipsc
2160 2903 2210 2959 ei
2253 2898 2419 2953 facias
2462 2891 2711 2959 injttriam
2760 2898 2773 2935 :

1914 2952 2073 3055 del);
2095 3005 2283 3065 poenas
2302 2952 2543 3049 sumere,
2569 2976 2712 3050 quod
2737 2971 2981 3028 habitum
3008 2965 3144 3017 adeo
3173 2952 3516 3029 splendidum

1913 3100 1963 3146 et
1990 3083 2283 3159 pretiosum
2319 3076 2516 3148 probro
2547 3068 2771 3124 afﬁcias.
2806 3060 2923 3116 Non
2956 3057 3072 3110 bzec
3107 3060 3294 3105 contra
3326 3055 3521 3099 omnes

2898 3150 2910 3159 .
2997 3146 3024 3159 ,.
3110 3152 3123 3159 _
3160 3157 3170 3159 _
3202 3139 3408 3159 ,ΜΨ-η
3433 3147 3492 3159 η

1915 3139 2146 3237 dicimus
2168 3216 2183 3241 ,
2222 3186 2323 3227 nec
2353 3165 2598 3223 absolute
2625 3176 2655 3213 a
2684 3172 2769 3211 me
2800 3150 2963 3205 verba
2994 3146 3130 3201 ﬁunt
3152 3139 3411 3195 adversus
3433 3147 3523 3187 se.

1917 3278 2221 3328 nectutem;
2252 3277 2359 3316 non
2386 3273 2505 3313 sum
2537 3252 2673 3307 adeo
2696 3250 2949 3305 insanus;
2973 3236 3067 3292 sed
3090 3226 3524 3294 adversusjuve-

1920 3363 2081 3417 nilcm
2136 3356 2395 3416 animam,
2450 3360 2570 3417 qua:
2614 3339 2884 3397 dedecore
2930 3329 3099 3384 aflicit
3139 3327 3477 3381 senectutem
3506 3332 3524 3368 :

1920 3468 2096 3524 neque
2123 3450 2190 3505 de
2218 3448 2283 3501 iis
2312 3443 2401 3513 qui
2424 3438 2825 3495 eonsenueruut
2850 3425 2970 3479 bzec
2995 3420 3243 3477 dolentes
3268 3411 3523 3468 dicimus.

1922 3504 2024 3602 sed
2044 3544 2113 3600 de
2147 3541 2211 3595 iis
2236 3504 2611 3607 qni-canitiem
2638 3522 2995 3580 dedecorant.
3046 3512 3224 3567 Senex
3256 3504 3403 3561 enim
3442 3506 3529 3555 est

1925 3652 2037 3700 rex,
2069 3634 2112 3688 si
2143 3630 2302 3691 velit,
2326 3633 2382 3680 et
2412 3639 2477 3678 eo
2504 3619 2594 3691 qui
2623 3624 2707 3671 est
2730 3610 2953 3667 indutus
2976 3614 3211 3675 purpura
3241 3594 3413 3665 magis
3434 3604 3525 3646 re-

1923 3728 2079 3801 galis,
2099 3724 2143 3780 si
2174 3723 2403 3790 imperet
2422 3687 2583 3767 animi
2610 3695 3125 3779 perturbationibus,
3150 3698 3205 3745 et
3229 3687 3357 3742 vitia
3386 3693 3527 3739 tam-

2618 3798 2686 3801 "‘
2728 3797 2738 3801 ‘
2909 3790 2919 3799 '
3059 3796 3069 3801 -
3091 3797 3161 3801 κᾼ-
3202 3776 3446 3801 ¹-ΑΑιι-Ι.--
3475 3780 3527 3801 ιιι

1926 3776 2087 3890 quam
2121 3776 2384 3867 satellites
2413 3804 2514 3859 sibi
2546 3776 2801 3868 subjiciat
2832 3809 2846 3846 :
2878 3790 2960 3844 sin
2986 3796 3167 3839 autem
3202 3776 3446 3833 trahatur
3474 3780 3532 3827 et

1926 3866 1962 3965 al
1985 3906 2113 3962 sede
2141 3901 2443 3972 dejiciatur,
2477 3903 2533 3950 et
2562 3887 2828 3962 pecuniae,
2861 3879 3084 3943 amoris,
3114 3872 3301 3946 gloriae
3330 3866 3529 3931 inanis,

1926 4012 1983 4059 et
2025 3960 2225 4055 fucata;
2257 3989 2540 4065 elegantia:
2566 3960 3016 4044 deliciaruntque
3056 3976 3111 4025 et
3152 3960 3433 4021 ebrietatis
3477 3965 3536 4013 et

1931 4084 2027 4150 irte
2052 4101 2106 4148 et
2130 4088 2207 4145 rei
2236 4052 2485 4141 venerea:
2517 4076 2607 4132 fiat
2638 4085 2831 4129 servus
2852 4109 2866 4130 .
2892 4074 2949 4121 et
2973 4062 3116 4131 pilos
3144 4058 3347 4112 inlucct
3375 4052 3531 4112 oleo,

1933 4194 1989 4241 et
2011 4181 2266 4239 ostendat
2296 4184 2511 4230 aetatem
2537 4185 2565 4221 a
2596 4167 2771 4220 libero
2802 4156 2969 4214 animi
3003 4149 3229 4208 arbitrio
3251 4150 3533 4199 contume.

1936 4230 2280 4332 biiugi—sai
2299 4310 2313 4333 ,
2349 4279 2456 4335 quo
2487 4274 2595 4316 non
2626 4253 2786 4311 fuerit
2816 4251 2862 4304 is
2890 4247 3086 4316 dignus
3126 4235 3391 4310 supplicio
3413 4230 3536 4304 (a)?

1936 4367 2042 4423 Sed
2070 4379 2186 4428 vos,
2226 4363 2479 4430 juvenes,
2514 4366 2581 4406 ne
2617 4347 2737 4404 sitis
2768 4343 2902 4398 tales
2936 4356 2950 4393 :
2984 4348 3161 4407 neque
3205 4329 3350 4387 enim
3385 4324 3539 4378 vobis

1938 4416 2245 4531 ignoscitur:
2282 4450 2326 4504 si
2374 4443 2633 4517 peccatis.
2678 4427 3077 4505 Quamobrem?
3118 4420 3384 4493 Quoniam
3410 4416 3541 4470 licet

1939 4508 2139 4531 ,σωκ
2375 4508 2387 4517 _

1939 4566 2062 4608 esse
2092 4560 2276 4604 senem
2311 4544 2362 4597 in
2390 4541 2672 4610 juventute
2703 4548 2719 4597 ;
2769 4542 2834 4582 ac
2876 4526 3018 4580 sicut
3064 4526 3187 4574 sunt
3217 4515 3445 4586 juvenes
3484 4508 3540 4562 itt

1940 4647 2217 4700 senectute
2240 4676 2254 4701 ,
2289 4634 2358 4689 ita
2386 4600 2441 4686 et
2470 4638 2681 4685 contra.
2716 4621 2868 4677 Sicut
2902 4615 3047 4670 enim
3078 4610 3185 4665 illic
3224 4605 3362 4676 pilus
3387 4600 3541 4657 deal-

1943 4738 2100 4791 batus
2131 4730 2400 4786 neminem
2429 4730 2648 4786 servat,
2692 4717 2773 4771 sic
2816 4726 2918 4767 nec
2956 4708 3046 4762 hic
3072 4704 3225 4774 niger
3271 4695 3545 4754 neminem

1944 4824 2184 4897 impedit.
2231 4819 2364 4875 Nam
2403 4815 2505 4872 etsi
2540 4813 2657 4867 haec
2684 4822 2806 4878 qure
2837 4801 2947 4859 disi
2975 4811 3165 4855 senem
3196 4791 3433 4848 reddunt
3462 4786 3548 4841 in-

1944 4917 2311 4976 bonestiorem
2340 4910 2510 4965 multo
2536 4904 2707 4973 magis
2734 4912 2893 4971 quam
2917 4894 3169 4965 juvenem
3194 4902 3209 4953 ;
3241 4884 3335 4940 sed
3370 4894 3549 4935 tamen

1947 5028 2049 5069 nec
2090 5007 2303 5082 juvenis
2347 5004 2486 5059 liber
2528 5007 2611 5054 est
2647 5012 2675 5048 a
2723 4986 3174 5062 reprehensione.
3206 4979 3339 5034 Nam
3365 4973 3551 5045 juveni

1948 5119 2077 5164 tunc
2112 5103 2288 5159 solum
2333 5095 2510 5152 danda
2545 5100 2629 5147 est
2661 5086 2841 5150 venia,
2871 5078 3091 5152 quando
3121 5085 3346 5130 vocatur
3373 5070 3439 5125 ad
3470 5085 3557 5124 re-

1949 5215 2069 5255 rum
2093 5190 2640 5251 administrationem,
2672 5195 2794 5237 cum
2824 5178 2895 5231 sit
2922 5171 3224 5244 imperitus,
3257 5181 3379 5222 cum
3421 5175 3557 5220 tem-

1952 5306 2086 5363 pore
2132 5303 2267 5359 opus
2332 5282 2529 5337 haheat
2574 5285 2631 5331 et
2679 5267 3014 5341 experientia
3064 5283 3079 5320 :
3116 5258 3333 5334 quando
3377 5266 3559 5311 autem

1952 5390 2167 5451 oportet
2214 5372 2503 5430 ostendere
2552 5366 2860 5420 virilitatem
2909 5350 3319 5425 temperantiae,
3357 5360 3562 5415 nequa-

1955 5490 2115 5547 quam
2137 5514 2150 5540 ,
2184 5486 2359 5540 neque
2386 5463 2601 5535 quando
2625 5464 2843 5529 oportet
2870 5448 3112 5525 pecuniis
3139 5448 3426 5515 imperare.
3466 5440 3564 5494 Est

1956 5570 2099 5626 enim
2130 5565 2216 5619 ubi
2242 5559 2457 5634 juvenis
2486 5553 2659 5624 magis
2705 5542 3123 5620 reprehenditur
3165 5552 3326 5608 quam
3369 5547 3559 5589 senex.

1961 5663 2091 5719 Nam
2120 5675 2283 5715 senex
2308 5652 2529 5725 quidem
2562 5645 2729 5703 multa
2762 5654 2899 5713 opus
2930 5637 3091 5691 habet
3118 5630 3417 5694 curatione,
3442 5642 3565 5681 cum

2011 5773 2085 5835 (α)
2110 5770 2164 5819 la
2188 5773 2294 5819 base
2319 5766 2469 5816 verba
2493 5761 2675 5813 desinit
2700 5759 2807 5808 hac
2840 5752 3036 5806 ltomilia
3060 5752 3110 5802 in
3134 5747 3271 5802 Colb.
