4020 6396
592 299 659 354 (37
1284 302 1337 351 9.
1377 300 1651 359 .lO;\;\':\'lS
1688 305 2157 364 CHRYSOSTOMI
2197 310 2508 373 ARCHIEP.
2551 315 3081 380 CONSTANTINOP.
3814 350 3876 401 bit

616 407 736 445 eum
790 393 1113 449 imbecillum
1163 397 1352 453 reddat
1396 412 1643 457 St‘ltCCltls
1695 422 1707 457 :
1748 405 1959 474 juvenis
2003 422 2159 466 auten

602 497 720 535 eum
749 485 931 552 possit,
964 486 1007 540 si
1041 488 1185 553 velit,
1233 489 1328 543 sibi
1366 490 1635 559 sufﬁcere,
1684 512 1969 565 quamnaoi
2025 518 2164 556 asse-

598 596 787 654 quetur
831 590 1070 653 veniam,
1126 591 1340 660 quando
1367 596 1532 666 magis
1563 599 1699 667 rapit
1746 615 1904 666 quam
1957 614 2119 653 senex

589 677 800 745 quando
839 691 1073 749 accepta:
1119 684 1289 753 magis
1329 695 1412 740 est
1455 703 1660 741 memor
1688 689 1917 759 injuria),
1946 689 2159 759 quando

585 766 831 836 despicit,
878 771 1095 839 quando
1140 788 1244 827 non
1294 776 1461 845 magis
1506 777 1742 833 defendit
1766 796 1923 849 quam
1951 794 2151 838 senex.

583 860 795 926 quando
826 862 990 916 multa
1024 865 1263 934 loquitur
1290 866 1608 937 importune,
1641 871 1855 939 quando
1877 882 2154 926 contume-

580 948 651 1002 lia
675 948 860 1014 afficit,
891 953 1103 1022 quando
1130 956 1412 1013 maledicto
1437 960 1656 1029 appetit,
1685 961 1900 1031 quando
1923 961 2152 1015 inebria-

580 1040 711 1094 tur?
742 1043 795 1097 Si
831 1055 1011 1099 autem
1043 1046 1093 1100 in
1135 1050 1483 1116 temperantia
1526 1061 1579 1104 et
1605 1054 1930 1107 continentia
1960 1053 2144 1107 existi-

576 1141 685 1185 mat
713 1148 770 1186 se
801 1150 903 1187 non
938 1150 1094 1205 posse
1124 1139 1475 1208 reprehendi,
1523 1142 1642 1197 vide
1671 1160 1790 1199 eum
1823 1144 1910 1200 hic
1936 1160 2146 1215 quoque

573 1223 736 1276 multa
767 1225 960 1281 habere
986 1227 1311 1297 adjutnenta,
1331 1234 1384 1285 'si
1414 1235 1559 1289 velit.
1590 1236 1721 1289 Nam
1751 1238 1851 1291 etsi
1879 1238 2144 1308 cupiditas

570 1323 623 1365 et
652 1315 815 1369 libido
838 1318 885 1371 ei
908 1317 1074 1390 magis
1098 1331 1180 1376 est
1210 1324 1432 1378 molesta
1460 1343 1617 1395 quam
1646 1332 1781 1393 seni,
1813 1341 1937 1385 sunt
1964 1341 2140 1388 tamen

570 1407 731 1459 multa
763 1423 881 1476 qua:
910 1414 1142 1479 potuerit
1176 1416 1341 1485 magis
1373 1415 1547 1473 facere
1573 1436 1729 1490 quam
1762 1438 1922 1478 senex
1945 1465 1959 1489 ,
1995 1435 2047 1479 et
2078 1428 2139 1481 il~

566 1493 666 1545 lam
701 1496 968 1553 inmutare
1013 1500 1255 1558 bestiam.
1299 1506 1552 1570 Quanam
1581 1526 1641 1564 ea
1674 1513 1829 1567 sunt?
1866 1512 2136 1583 Labores,

560 1586 835 1653 lectiones,
866 1593 1166 1663 pervigilia,
1198 1596 1421 1665 jejunis.

635 1678 707 1731 De
733 1684 1082 1735 monac/n‘s.-—-
1102 1684 1208 1741 Cur
1232 1699 1406 1744 autem
1436 1692 1547 1747 lucc
1568 1694 1722 1750 nobis
1747 1696 1881 1751 dicis
1907 1699 1994 1769 qui
2021 1715 2125 1754 non

558 1780 749 1820 sumus
776 1772 1068 1826 monachi?
1100 1776 1223 1832 llzec
1246 1780 1372 1834 mihi
1400 1783 1575 1837 dicis?
1604 1786 1691 1839 dic
1718 1787 1883 1841 Paulo
1908 1830 1921 1852 ,
1954 1805 2127 1859 quatt-

555 1854 625 1906 do
645 1857 775 1911 dicit
802 1877 816 1914 :
862 1860 1134 1931 Vigilanles
1157 1866 1207 1919 in
1236 1871 1373 1922 omni
1399 1874 1640 1939 patientia
1669 1883 1715 1928 et
1752 1854 1985 1930 oratione
2003 1877 2127 1950 (Co-

550 1950 672 2002 loss.
696 1950 744 2003 4.
775 1950 832 2022 2)
864 1969 875 2004 :
902 1956 1116 2023 quando
1142 1956 1291 2025 dicit,
1319 1961 1498 2015 Carnis
1528 1981 1705 2019 curam
1733 1984 1795 2020 ne
1828 1970 2043 2036 feceritis
2069 1972 2121 2025 in

548 2043 964 2109 concupiscentiis
994 2044 1167 2116 (Rom.
1197 2049 1279 2106 l5.
1312 2052 1423 2121 Η).
1470 2054 1587 2109 Νοη
1617 2057 1759 2111 enim
1791 2057 1905 2113 haec
1948 2061 2119 2115 solum

548 2131 763 2200 scripsit
795 2137 1089 2204 monachis,
1115 2141 1207 2195 sed
1230 2146 1477 2198 omnibus
1506 2149 1594 2217 qui
1626 2160 1749 2204 sunt
1790 2152 1841 2205 in
1871 2154 2117 2208 urbibus.

548 2219 660 2274 Non
682 2222 840 2278 debet
863 2227 1005 2281 enim
1046 2231 1348 2288 mundanus
1379 2253 1472 2290 seu
1495 2240 1765 2296 scecularis
1786 2243 1904 2312 plus
1925 2245 2120 2302 habere

543 2325 700 2375 quam
741 2316 1054 2384 monachus,
1104 2321 1203 2375 nisi
1230 2324 1281 2377 in
1313 2325 1411 2380 hoc
1440 2329 1633 2391 solum,
1682 2333 1821 2401 quod
1848 2335 2118 2390 cohabitat

538 2492 632 2546 sed
662 2496 837 2550 omnia
855 2513 976 2552 eum
992 2514 1202 2570 oportet
1222 2504 1396 2563 facere
1426 2526 1575 2578 mque
1591 2526 1749 2582 atque
1769 2519 2110 2572 monachum.

537 2582 652 2637 Jam
670 2601 799 2642 vero
814 2598 865 2642 et
887 2589 1241 2650 beatitudines
1259 2614 1375 2666 quae
1390 2614 1418 2652 a
1436 2600 1651 2657 Christo
1663 2604 1817 2660 dieue
1833 2618 1977 2675 sunt,
2003 2626 2107 2665 non

532 2671 693 2728 diota:
719 2687 838 2732 sunt
880 2680 1050 2736 solum
1080 2688 1397 2757 monachis;
1430 2706 1548 2745 nam
1583 2696 1826 2762 periisset
1858 2707 1997 2754 totus
2022 2716 2109 2754 or-

579 2772 761 2782 η.-.
1736 2803 1956 2810 ’,ην

1967 2804 2253 2814 α--η

2268 414 2348 467 bis
2372 424 2547 481 terrae,
2579 430 2631 475 et
2662 437 3039 484 aceusaremus
3066 430 3230 486 Deum
3259 433 3618 495 crudelitatis.
3657 440 3718 495 Si
3759 457 3857 498 au-

2266 516 2369 559 tem
2400 508 2751 570 beatitudines
2769 516 2923 572 dicta:
2939 524 3203 578 suntsolis
3226 528 3519 596 monachis,
3540 541 3593 586 et
3611 531 3735 587 ﬁeri
3755 549 3858 588 non

2266 610 2439 667 potest
2485 613 2541 656 ut
2567 620 2658 659 cas
2699 622 3058 679 consequatur
3105 618 3443 683 mundanus;
3499 622 3617 692 ipse
3673 635 3855 681 autem

2263 694 2507 757 permisit
2532 694 2747 766 nuptias
2779 718 2792 753 :
2819 703 2933 772 ipse
2962 721 3089 776 ergo
3115 722 3305 766 omnes
3333 714 3583 782 perdidit.
3616 716 3679 773 Si
3711 719 3855 773 etiint

2260 782 2372 837 ﬁeri
2403 802 2507 841 non
2537 801 2711 857 potest
2740 802 2795 847 ut
2820 810 2939 849 cum
2988 802 3332 860 matrimonio
3361 807 3518 862 faciat
3544 825 3670 881 qum
3730 824 3857 866 sunt

2256 877 2664 945 monachorum,
2698 885 2968 951 perierunt
2995 895 3049 943 et
3070 892 3134 945 ad
3164 892 3438 951 interitum
3468 877 3691 955 redacta
3725 914 3851 956 sunt

2254 968 2452 1033 omnia,
2495 979 2545 1024 et
2589 984 2772 1028 coacta
2801 987 2883 1032 est
2922 978 3089 1035 virtus
3122 985 3174 1037 in
3211 988 3505 1055 angustias.
3556 990 3853 1060 Quomodo

2251 1067 2429 1112 autem
2461 1073 2586 1115 sunt
2616 1062 2956 1123 honorabiles
3007 1074 3204 1141 nuptiae
3239 1074 3422 1147 (Hebr.
3462 1081 3547 1135 13.
3577 1083 3699 1151 Η),
3728 1098 3850 1153 qua:

2250 1149 2403 1203 nobis
2430 1161 2631 1207 tantum
2663 1155 2895 1213 al'l‘erunt
2926 1162 3365 1231 impedimentum
3391 1170 3414 1223 ἲ
3436 1172 3573 1238 Quid
3601 1149 3849 1246 ergo—di-

2248 1240 2475 1294 cendqu
2504 1248 2624 1297 est?
2655 1246 2793 1302 Fieri
2828 1263 3022 1318 potest,
3062 1265 3222 1326 atque
3261 1258 3397 1314 adeo
3418 1261 3571 1317 valde
3602 1240 3752 1331 ﬁeri,
3789 1273 3846 1319 ut

2247 1347 2333 1399 ψη
2364 1329 2620 1392 habemus
2647 1356 2839 1399 uxores
2861 1388 2876 1414 ,
2906 1350 3156 1408 virtutem
3198 1367 3470 1415 sectemur
3497 1371 3554 1417 et
3578 1378 3850 1420 exercea-

2247 1438 2386 1487 mus,
2411 1426 2455 1480 si
2502 1430 2747 1490 velimus.
2779 1438 3058 1504 Quomodo
3080 1446 3104 1499 ?
3129 1446 3184 1503 Si
3224 1450 3486 1509 habentes
3514 1472 3722 1514 uxores
3773 1460 3858 1513 si-‘

2244 1528 2362 1567 mus
2385 1524 2651 1589 tamquam
2679 1541 2784 1581 non
2816 1530 3092 1603 habentes,
3127 1540 3170 1593 si
3203 1557 3309 1596 non
3332 1543 3575 1602 laetemur
3600 1549 3677 1604 ob
3710 1566 3845 1620 pos—

2245 1605 2535 1677 sessiones,
2562 1614 2607 1667 si
2655 1620 2855 1675 mundo
2904 1635 3116 1684 utamur
3154 1641 3424 1705 tamquam
3458 1655 3563 1695 non
3618 1652 3845 1699 utentes

2240 1695 2549 1795 (ιλσονςι.
2581 1708 2693 1777 51).
2720 1710 2777 1765 Si
2803 1715 2892 1783 qui
2916 1730 3093 1774 autem
3142 1695 3381 1795 impediti
3413 1729 3631 1787 fuerunt

2241 1786 2386 1890 ptiis,
2408 1792 2580 1847 sciant
2606 1800 2746 1865 quod
2770 1807 2968 1873 nuptiae
2993 1824 3099 1865 non
3127 1786 3274 1870 fuere
3302 1817 3716 1890 impedimento,
3740 1826 3838 1880 sed

2236 1871 2464 1932 liberum
2490 1884 2768 1944 arbitrium
2800 1871 2944 1962 quod
2970 1901 3112 1957 male
3138 1918 3292 1960 usum
3316 1871 3405 1963 es:
3427 1913 3627 1981 nuptiis
3658 1925 3672 1961 :
3703 1931 3833 1969 nam

2233 1978 2406 2037 neque
2431 1973 2613 2030 vinum
2638 1976 2767 2035 facit
2796 1986 3133 2057 ebrietatem,
3163 1996 3259 2050 sed
3301 1999 3500 2055 malum
3530 2004 3701 2059 animi
3737 2005 3833 2060 in-

2225 2072 2489 2139 stitutum,
2522 2088 2575 2131 et
2602 2078 2721 2146 ejus
2745 2095 2873 2137 usus
2899 2098 3061 2153 supra
3094 2089 3334 2145 modum.
3365 2094 3639 2156 Moderate
3670 2111 3836 2162 utere

2227 2162 2445 2230 nuptiis,
2488 2174 2541 2219 et
2570 2169 2679 2223 eris
2707 2172 2911 2239 primus
2938 2172 2992 2228 in
3028 2192 3197 2247 regno
3224 2185 3478 2240 caelorum
3501 2228 3517 2251 ,
3540 2199 3595 2244 et
3619 2189 3829 2257 frueris

2225 2251 2379 2307 bonis
2405 2259 2653 2315 omnibus
2681 2280 2694 2315 :
2728 2279 2848 2334 quae
2880 2266 3038 2323 detur
3066 2272 3221 2328 nobis
3251 2279 3501 2336 omnibus
3530 2251 3827 2359 consequi:

2220 2346 2390 2413 gratia
2413 2360 2463 2403 et
2492 2348 2820 2421 benignitate
2850 2356 3060 2415 Domini
3092 2367 3260 2420 nostri
3284 2366 3411 2424 Jesu
3441 2369 3664 2441 Christi,
3692 2346 3823 2435 c-tnn

2219 2451 2325 2505 quo
2368 2438 2513 2495 Patri
2565 2446 2833 2517 simulque
2860 2462 3049 2507 sancto
3079 2453 3302 2527 Spiritui
3328 2463 3519 2533 gloria,
3549 2438 3822 2541 potestas,

2220 2526 2412 2593 honor,
2464 2547 2605 2589 nunc
2647 2544 2701 2592 et
2741 2552 2982 2611 semper,
3037 2555 3092 2600 et
3120 2548 3173 2602 in
3222 2554 3417 2608 saecula
3465 2561 3819 2619 smeulorum.

2218 2622 2409 2675 Amen.

2258 2808 2587 2821 *Ἢ

2598 2817 3795 2860 -—.~___________.____-_

1856 2860 2197 2927 HOMlLlA
2239 2870 2408 2931 Vlll.

530 2976 654 3030 CAP.
699 2981 751 3033 5.
811 2999 858 3034 v.
914 2987 959 3040 l.
1004 2986 1187 3044 Omnis
1229 2994 1359 3046 enim
1432 3000 1661 3069 pontifex
1712 3018 1775 3055 ea:
1822 3004 2109 3062 hominibus

603 3085 907 3141 assumptus,
936 3096 1025 3147 pro
1057 3082 1343 3139 hominibus
1366 3090 1684 3143 constituitur
1711 3094 1761 3146 in
1786 3094 1849 3147 iis
1865 3112 1975 3164 qua:
1993 3109 2110 3151 sunt

598 3162 668 3213 ad
699 3163 857 3218 Deum
882 3208 896 3233 ,
931 3183 983 3222 ut
1006 3172 1185 3237 o/ferat
1215 3178 1350 3231 dona
1377 3191 1423 3233 et
1447 3184 1698 3251 sacriﬁcia
1727 3203 1819 3256 pro
1846 3192 2064 3257 peccatis
2090 3208 2109 3245 :

599 3252 651 3306 Ξ.
684 3258 769 3324 qui
798 3262 1061 3315 condolere
1074 3270 1233 3335 possit
1250 3270 1312 3322 iis
1333 3273 1419 3340 qui
1445 3274 1682 3340 ignorant
1704 3287 1750 3330 et
1771 3290 1960 3346 errant,
1983 3298 2111 3350 quo-

597 3346 734 3399 niam
763 3359 808 3400 et
836 3350 943 3419 ipse
980 3354 1318 3414 circumdatus
1347 3372 1418 3415 est
1447 3364 1739 3431 infirmitate
1769 3384 1790 3422 :
1819 3370 1870 3424 3.
1901 3381 1947 3424 et
1986 3388 2109 3442 pro-

597 3447 767 3505 pterea
793 3441 954 3507 debet,
1002 3450 1425 3513 quemadmodum
1456 3472 1547 3522 pro
1580 3460 1801 3528 papula,
1831 3460 1902 3514 ita
1954 3441 2106 3518 etiam

596 3537 642 3579 ct
683 3546 776 3599 pro
803 3535 1068 3604 semetipso
1092 3538 1276 3605 offerre
1302 3559 1397 3612 pro
1428 3549 1667 3614 peccatis.

600 3618 652 3672 1.
681 3619 804 3674 Vult
823 3621 1079 3694 deinceps
1093 3632 1378 3689 ostendere
1405 3634 1591 3691 beatus
1609 3638 1823 3705 Paulus,
1845 3659 1984 3712 quod
2002 3646 2103 3702 hoc

527 3706 926 3768 Testamentum
957 3728 1036 3771 est
1056 3718 1212 3791 longe
1235 3723 1425 3780 melius
1452 3739 1503 3783 et
1526 3735 2054 3800 praestantiusVetcri
2082 3755 2097 3806 ;

526 3802 708 3865 procul
735 3804 967 3862 rationes
992 3810 1138 3877 prius
1154 3812 1363 3880 jacieus
1386 3825 1651 3889 tamquam
1674 3822 2098 3886 fututamentum.

522 3888 654 3945 Nam
683 3896 932 3963 quoniam
960 3901 1093 3955 nihil
1122 3912 1239 3958 erat
1258 3888 1560 3977 corporale,
1582 3928 1753 3983 neque
1798 3917 2097 3989 imaginale,

521 3997 711 4051 nempe
746 4001 850 4039 non
885 3991 1173 4060 templum,
1228 4010 1333 4051 non
1368 4010 1551 4055 sancta
1603 4016 1935 4073 sanctorum,
1988 4027 2097 4077 non

520 4075 773 4131 sacerdos
805 4087 1007 4135 tantum
1036 4082 1238 4140 habens
1268 4103 1616 4163 apparatum,
1649 4113 1752 4152 non
1784 4100 1977 4169 legales
2004 4105 2099 4159 ob-

516 4346 675 4402 rebus
702 4351 1092 4421 spiritualibns;
1124 4362 1413 4429 spiritualia
1442 4378 1617 4423 autem
1644 4371 1963 4430 infirmiores
1990 4394 2091 4432 non

514 4453 666 4509 usque
693 4442 945 4500 inducunt
972 4457 1130 4519 atque
1154 4459 1449 4523 corporalia
1485 4479 1497 4512 :
1527 4462 1645 4517 ideo
1674 4474 1841 4519 totum
1889 4468 1987 4522 hoc
2009 4471 2092 4523 di-

513 4533 667 4585 cendi
702 4550 1067 4604 argumentum
1096 4556 1272 4599 versat
1312 4558 1364 4602 et
1390 4552 1572 4619 agitat.
1600 4554 1729 4609 Vide
1754 4569 1931 4614 autem
1976 4562 2091 4631 ejus

518 4627 832 4694 sapientiam
870 4650 880 4682 :
911 4631 1115 4689 initium
1152 4638 1294 4694 ducit
1334 4658 1362 4696 a
1394 4648 1692 4716 sacerdote,
1723 4667 1777 4709 et
1817 4663 2087 4716 contineo.

519 4728 597 4769 ter
628 4734 750 4773 eum
780 4722 1013 4791 appellat
1040 4730 1365 4798 pontiﬁcem,
1396 4748 1447 4791 et
1476 4740 1542 4795 ah
1576 4742 1689 4812 ipso
1716 4750 1885 4814 primo
1907 4763 2089 4808 Osten-

514 4812 590 4863 dit
620 4812 996 4872 diﬂ‘erentiam.
1041 4820 1329 4893 Propterea
1370 4832 1594 4899 primum
1642 4812 1827 4893 deiinit
1854 4845 1977 4913 quid
2020 4850 2087 4909 sit

512 4904 765 4960 sacerdos
786 4948 809 4975 ,η
829 4916 885 4962 et
909 4912 1143 4968 0>tendit
1183 4918 1226 4970 si
1254 4936 1353 4989 qua
1389 4922 1585 4982 habeat
1611 4904 1929 5002 sacerdotis,
1960 4950 2013 4995 et
2043 4943 2084 4996 si

512 5008 612 5061 qua
645 4995 752 5051 sint
776 5000 1015 5069 symbolo
1056 5009 1363 5066 sacerdotii.
1392 5014 1451 5069 Ei
1482 5030 1656 5074 autem
1688 5030 2002 5084 occurrebat
2036 5046 2088 5086 et

511 5083 782 5155 ohstahat,
812 5092 953 5159 quod
977 5108 1147 5164 neque
1165 5113 1303 5155 esset
1319 5118 1381 5159 ex
1400 5121 1598 5175 genere
1617 5116 1801 5183 nobili,
1819 5136 1993 5190 neque
2022 5139 2084 5177 ex

514 5173 651 5227 tribu
682 5179 1021 5247 sacerdotali,
1055 5202 1226 5257 neque
1253 5197 1501 5251 sacerdos
1524 5214 1684 5270 super
1705 5220 1929 5277 terram;
1965 5212 2086 5268 hinc

512 5272 691 5317 autem
712 5268 927 5335 quidam
948 5273 1135 5331 dicturi
1160 5296 1278 5337 esse
1297 5285 1631 5357 videbantur,
1660 5296 1939 5363 Quomodo
1957 5320 2083 5374 ergo

508 5356 798 5411 sacerdos?
827 5363 969 5431 quod
1000 5367 1049 5418 in
1078 5369 1312 5437 Epistola
1344 5380 1408 5431 ad
1438 5380 1707 5443 Romanos
1742 5390 1863 5446 l'ecit
1900 5395 2076 5459 (Rom.

510 5548 618 5591 tum
674 5558 777 5597 non
842 5550 1151 5622 probabile,
1198 5560 1239 5611 si
1298 5560 1399 5618 hoc
1453 5581 1701 5635 operetur
1748 5548 1883 5633 ﬁdes
1933 5583 2073 5649 quod

504 5647 606 5686 non
640 5638 796 5691 valuit
833 5640 977 5697 labor
1006 5644 1133 5715 legis
1154 5660 1206 5705 et
1235 5652 1284 5705 iu
1314 5656 1414 5710 vita
1450 5660 1766 5720 lllSllltlUlltll
1796 5688 1855 5723 sn

503 5728 747 5782 Ostendat
778 5732 823 5784 id
868 5746 918 5788 et
965 5738 1076 5792 ﬁeri
1108 5747 1343 5810 patuisse
1383 5762 1433 5805 et
1473 5752 1662 5809 factum
1708 5778 1843 5827 t‘.\Si‘,
1890 5781 1915 5816 t'
1946 5767 2076 5822 niu-

2219 3016 2295 3086 git
2338 2994 2828 3093 ad‘patriarcham,
2876 3040 2931 3084 et
2970 3035 3274 3094 universum
3326 3042 3535 3100 reduxit
3562 3048 3631 3104 ad
3675 3051 3815 3109 illud

2221 3114 2449 3177 tempus.
2475 3109 2547 3166 Ita
2580 3113 2666 3170 hic
2703 3132 2916 3190 quoque
2951 3125 3172 3182 alteram
3219 3135 3501 3191 sacerdotii
3541 3140 3677 3196 viam
3724 3145 3816 3201 in-

2218 3196 2478 3263 greditur,
2509 3215 2815 3271 proponens
2858 3224 2923 3263 ex
2955 3210 3020 3266 iis
3048 3229 3166 3284 quze
3194 3227 3603 3287 pr'mcesseruut.
3634 3232 3705 3287 Et
3732 3236 3815 3291 si-

2215 3497 2423 3553 quoque
2452 3486 2679 3556 primum
2702 3492 2986 3548 confirmat
3010 3510 3037 3549 a
3063 3502 3441 3567 praesentibus.
3470 3503 3601 3558 Nam
3628 3519 3803 3574 opor-

2213 3575 2356 3629 tebat
2384 3579 2597 3647 quidem
2628 3587 2959 3641 terrestrium
3006 3590 3161 3644 ﬁdem
3213 3592 3327 3648 ﬁeri
3360 3611 3424 3650 ex
3455 3597 3804 3665 cmlestibus;

2211 3666 2301 3719 sed
2329 3668 2542 3737 quando
2586 3673 2834 3731 imbecilli
2878 3688 3002 3733 sunt
3026 3682 3321 3751 auditores,
3358 3688 3413 3741 lit
3442 3692 3803 3747 contrarium.

2212 3757 2384 3825 Atque
2412 3758 2622 3817 interim
2643 3765 2856 3832 quidem
2890 3770 3056 3837 prima
3084 3775 3230 3841 ponit
3262 3791 3323 3829 ea
3351 3794 3471 3846 qua:
3496 3790 3618 3833 sunt
3638 3796 3807 3836 com-

2210 3847 2387 3903 munia
2412 3866 2426 3915 ;
2450 3860 2503 3905 et
2531 3862 2655 3908 tunc
2684 3858 2918 3912 ostendit
2949 3860 2997 3912 id
3030 3863 3168 3928 quod
3193 3878 3497 3936 exsuperet.
3529 3868 3618 3925 Sic
3647 3874 3800 3928 enim

2208 3937 2263 3991 tit
2289 3945 2633 4011 exsuperatio
2666 3962 2759 4015 per
2799 3954 3278 4022 comparationem,
3309 3959 3524 4026 quando
3570 3961 3623 4015 in
3672 3964 3801 4019 aliis

2202 4030 2416 4098 quidem
2448 4044 2528 4088 est
2560 4036 2697 4091 inter
2719 4053 2812 4093 eos
2841 4046 3147 4098 communio
3168 4056 3221 4100 et
3249 4050 3477 4103 sociezas
3500 4093 3514 4116 ,
3570 4053 3621 4106 in
3668 4054 3800 4109 aliis

2204 4134 2329 4173 vero
2355 4134 2677 4192 exsuperat:
2704 4128 2784 4181 sin
2814 4131 3010 4197 minus,
3037 4148 3140 4186 non
3171 4134 3227 4187 iit
3252 4139 3480 4207 amplius
3511 4156 3605 4209 per
3634 4159 3797 4198 eom-

2204 4211 2553 4275 parationem.
2587 4215 2764 4272 Omnis
2800 4223 3029 4291 pontifex
3058 4241 3121 4278 ex
3153 4226 3444 4284 hominibus
3473 4245 3792 4302 assumptus,

2205 4298 2314 4353 lloc
2344 4314 2423 4355 cst
2449 4303 2660 4361 Christo
2686 4323 2992 4367 commune.
3018 4312 3123 4368 Pro
3150 4316 3437 4375 hominibus
3465 4326 3797 4381 constituitur

2199 4393 2249 4445 in
2277 4396 2339 4448 iis
2367 4413 2477 4464 qua:
2508 4400 2576 4452 ad
2619 4400 2781 4455 Deum
2814 4407 3085 4474 pertinent.
3124 4410 3185 4463 lit
3215 4412 3342 4466 illud
3370 4429 3678 4473 commune.
3718 4418 3793 4474 Ut

2198 4483 2377 4551 o/Ierat
2404 4491 2537 4542 dona
2566 4503 2609 4544 et
2651 4496 2904 4563 sacriﬁcia
2928 4516 3019 4567 pro
3045 4504 3253 4571 populo.
3286 4505 3354 4559 Et
3398 4508 3501 4563 hoc
3528 4526 3743 4580 quoque
3770 4556 3787 4580 ,

2197 4580 2291 4634 sed
2334 4597 2439 4636 non
2476 4594 2641 4639 totum
2682 4603 2841 4656 :quae
2888 4600 3095 4647 restant
3149 4607 3367 4663 autem,
3421 4616 3784 4672 nequaquam.

2200 4670 2297 4739 Qui
2324 4674 2592 4730 condolere
2617 4680 2772 4746 possit
2796 4681 2856 4734 iis
2882 4686 2967 4752 qui
2994 4685 3227 4756 ignorant
3255 4700 3300 4742 et
3323 4704 3512 4745 errant.
3552 4695 3644 4749 llic
3667 4697 3785 4765 jam

2193 4771 2271 4816 est
2288 4769 2641 4833 exsuperatio.
2668 4769 2917 4834 Quoniam
2932 4775 3036 4845 ipse
3050 4779 3393 4837 circumdatus
3417 4795 3490 4838 est
3508 4787 3786 4855 inﬁrmita-

2192 4861 2259 4919 te,
2284 4865 2329 4907 et
2356 4868 2561 4925 propter
2580 4876 2690 4912 eam
2716 4862 2878 4925 debet,
2898 4868 3321 4934 quemadmodum
3353 4891 3444 4941 pro
3462 4879 3671 4946 populo,
3706 4883 3783 4936 ita

2190 4944 2337 4998 etiam
2365 4963 2453 5017 pro
2468 4950 2630 5020 seipso
2647 4950 2829 5019 o/ferre
2850 4973 2943 5026 pro
2959 4963 3195 5025 peccatis.
3222 4963 3423 5021 Deinde
3437 4944 3581 5023 aliud
3598 4971 3777 5029 addit:

2188 5035 2293 5103 Fit,
2326 5038 2514 5109 inquit,
2547 5042 2614 5096 ab
2644 5045 2773 5107 alio,
2808 5056 2861 5101 et
2892 5052 3005 5119 ipse
3035 5065 3140 5105 non
3169 5053 3386 5109 invadit.
3417 5056 3528 5111 lloc
3559 5076 3777 5132 quoque

2186 5140 2265 5181 est
2288 5144 2590 5185 commune.
2622 5134 2673 5187 4.
2708 5134 2818 5191 Nec
2831 5139 3095 5209 quisquam
3116 5144 3212 5197 sibi
3229 5148 3381 5200 sumit
3400 5149 3663 5220 honorem,
3685 5158 3777 5209 sed

2186 5220 2271 5289 qui
2299 5233 2502 5277 vocatur
2526 5241 2556 5277 α
2582 5224 2709 5292 Deo,
2740 5238 2995 5300 tamquam
3040 5235 3233 5291 Aaron.
3264 5239 3359 5293 llic
3397 5242 3541 5297 aliud
3574 5260 3729 5303 curat
3752 5293 3770 5315 ,

2184 5311 2470 5366 ostendens
2497 5317 2637 5384 quod
2670 5334 2698 5371 a
2732 5319 2838 5372 Deo
2864 5322 2933 5375 sit
2969 5325 3184 5380 missus.
3215 5328 3366 5395 Quod
3396 5334 3612 5401 quidem
3644 5311 3769 5394 enni

2180 5402 2377 5458 Judscis
2399 5407 2669 5464 disserens
2697 5414 2911 5470 assidue
2941 5417 3154 5473 dicebat
3184 5420 3428 5479 Christus
3462 5444 3473 5479 :
3508 5428 3608 5496 Qui
3630 5434 3767 5486 misit

1806 5445 1810 5446 ,
2180 5445 2377 5458 -..υνυς
2400 5445 2669 5464 emus...

516 5446 598 5510 4).
626 5445 673 5497 id
706 5459 757 5501 et
785 5466 925 5507 nunc
969 5457 1107 5511 facit.
1139 5460 1267 5517 Nam
1299 5482 1419 5523 cum
1450 5478 1770 5545 suscepisset
1796 5499 2087 5554 argnuten-
2178 5512 2275 5557 me,
2311 5501 2475 5564 maior
2504 5519 2581 5555 me
2609 5516 2681 5557 est

2733 5505 2911 5576 (Joan.
2956 5510 3010 5565 8.
3039 5512 3169 5583 £2);
3202 5525 3275 5581 et,
3326 5517 3368 5571 Α
3400 5532 3479 5573 me
3524 5524 3635 5593 ipso
3664 5543 3770 5579 non

2177 5590 2306 5643 veni.
2339 5590 2433 5644 llic
2452 5593 2577 5647 mihi
2606 5597 2810 5652 ridetur
2834 5601 2994 5655 etiam
3022 5607 3181 5661 tacite
3205 5607 3513 5667 .ludtuorum
3542 5615 3765 5673 iunuere

1878 5675 1988 5735 lor;
2027 5686 2080 5730 ut
2174 5683 2609 5757 sacerdotes.qui
2645 5691 2985 5764 invadebant,
3007 5706 3059 5752 et
3084 5698 3254 5769 legem
3278 5704 3549 5761 violabant
3578 5726 3759 5764 sacer-

2173 5774 2321 5827 dotii.
2358 5777 2406 5829 5.
2443 5778 2528 5831 Sir
2550 5792 2593 5832 rt
2624 5780 2854 5841 Cln'istus
2886 5805 2985 5841 non
3017 5793 3337 5860 semetipsum
3365 5779 3665 5865 glori/ienuit
3707 5816 3760 5857 ut
