4020 6402
143 355 211 413 69
1000 342 1071 401 lN
1110 340 1327 399 EPlST.
1370 338 1461 394 AD
1500 333 1851 395 llEBRtEOS
1908 339 2065 397 CAP.
2106 339 2174 398 Υ.
2212 336 2451 395 HOMIL.
2500 336 2629 391 \lll.

3366 337 3437 395 τῦ

160 474 395 548 pontifex
422 472 582 543 ﬁeret.
616 469 719 529 Ubi
748 483 877 542 ergo
915 468 1014 526 fuit
1054 469 1335 526 institutus
1356 477 1410 525 et
1431 467 1762 526 ordinatus?
1839 470 2023 517 mm":
2048 458 2095 505 ⁸⁸
2122 455 2423 523 Ροτεειαίίηη
2452 442 2611 548 Ῐίίξδεσ
2628 455 2808 496 mm“
2824 440 3245 545 recipiendum
3262 440 3441 548 λιιι·

158 530 341 622 Aaroit
356 566 499 621 enim
523 580 668 635 stupe
688 563 784 619 fuit
808 563 1084 619 institutus
1103 571 1158 618 et
1178 560 1481 629 ordinatus,
1504 572 1561 616 ut
1582 563 1635 616 in
1652 562 1761 617 vir-

1862 563 1919 600 us
1947 544 2083 600 tollit
2108 558 2223 597 eam
2246 555 2281 593 a
2305 554 2405 605 me,
2434 537 2524 591 sed
2540 550 2637 607 ego
2662 550 2775 589 eam
2805 549 2941 606 pono
2967 549 3000 587 a
3023 533 3219 603 meipso
3257 530 3444 607 (Joan.

156 677 245 730 επ,
267 669 320 717 et
335 660 549 732 quando
573 659 708 730 ignis
727 657 1027 721 descendit,
1046 666 1101 712 et
1116 671 1210 713 eos
1227 656 1314 728 qui
1336 655 1655 712 invadebant
1673 671 1761 712 sa-

153 754 506 809 cerdotiume
523 751 702 808 medio
722 751 972 807 sustulit:
994 750 1081 805 hic
1102 759 1284 805 autem
1308 758 1517 814 contra,
1536 765 1643 804 non
1665 764 1759 805 so-

154 847 265 902 lum
293 847 374 903 eis
400 845 530 901 nihil
559 845 686 900 mali
714 843 930 909 accidit,
957 841 1054 899 sed
1086 842 1136 897 in
1164 840 1304 897 bona
1332 849 1456 895 sunt
1482 839 1760 895 existima-

154 940 327 995 tione.
373 938 654 995 Uudenam
696 936 870 1008 ergo?
902 936 1012 991 lloc
1054 933 1293 990 ostendit
1335 948 1402 989 ex
1448 932 1755 1004 prophetia.

149 1031 298 1086 Nihil
326 1030 487 1085 habet
512 1030 711 1086 sensile
741 1045 840 1085 nec
878 1026 1232 1097 aspectabile.
1266 1023 1392 1081 ideo
1417 1023 1522 1080 hoc
1550 1024 1755 1080 conﬁr-

150 1136 264 1180 mat
290 1139 358 1180 ex
384 1122 664 1193 prophetia
707 1133 762 1180 et
786 1138 852 1179 ex
878 1120 1073 1177 futuris
1107 1139 1120 1176 :
1155 1119 1264 1177 Sed
1294 1120 1383 1191 qui
1411 1121 1652 1189 loquutus
1676 1127 1753 1173 est

145 1216 211 1270 ad
249 1235 369 1269 eum
398 1225 417 1261 -'
454 1217 619 1272 Filius
657 1234 799 1271 meus
835 1233 887 1272 es
909 1227 984 1277 tu.
1018 1233 1108 1288 ego
1147 1216 1298 1271 hodie
1321 1216 1474 1287 genui
1515 1226 1581 1271 te.
1612 1213 1754 1285 Quid

149 1306 253 1363 hoc
280 1308 349 1361 ad
379 1306 619 1363 Filium?
660 1308 909 1375 Maxime,
933 1306 1126 1378 inquit,
1150 1305 1254 1362 hoc
1272 1306 1340 1362 de
1360 1305 1501 1361 Filio
1522 1306 1751 1363 dictum.

145 1399 289 1469 Quid
319 1403 384 1457 ad
413 1404 761 1473 quaestionem
782 1402 1038 1459 confert?
1065 1402 1289 1458 Multum
1319 1420 1334 1458 :
1366 1400 1486 1458 hrec
1507 1417 1587 1460 est
1611 1402 1751 1459 enim

147 1496 470 1565 pnecedens
501 1495 747 1566 probatio
774 1495 915 1567 quod
952 1497 1024 1550 sit
1051 1510 1082 1551 a
1128 1496 1240 1551 Deo
1272 1494 1546 1549 institutus
1570 1501 1625 1550 et
1663 1508 1754 1550 or-

144 1586 388 1644 dinatus.
418 1588 474 1645 6.
508 1587 947 1656 Quemadmodum
972 1598 1020 1643 et
1044 1589 1096 1643 in
1126 1589 1229 1642 alio
1260 1588 1373 1642 loco
1398 1586 1520 1641 dicit
1555 1603 1568 1641 :
1599 1582 1680 1639 Tu
1708 1599 1764 1638 es

146 1680 396 1734 sacerdos
434 1680 487 1734 in
519 1690 766 1734 aeternum
794 1680 1073 1735 secundum
1096 1682 1327 1735 ordinent
1356 1677 1753 1736 Melchisedech.

145 1772 248 1828 Cui
303 1782 489 1829 autem
542 1772 645 1829 hoc
682 1773 884 1829 dictum
907 1774 1036 1829 est?
1065 1775 1184 1845 quis
1209 1782 1295 1830 est
1336 1773 1633 1829 secundum
1670 1787 1753 1828 or-

147 1864 339 1921 dinem
400 1865 837 1921 Melchisedech?
890 1865 1082 1922 Nullns
1126 1866 1293 1933 alius;
1353 1880 1548 1923 omnes
1609 1866 1759 1922 enim

147 1966 310 2012 erant
350 1957 453 2012 sub
498 1958 637 2029 lege,
670 1972 859 2014 omnes
883 1957 1245 2015 observabant
1273 1958 1518 2022 sabbata,
1562 1973 1758 2016 omnes

148 2051 699 2107 circumcidebantur.
757 2052 875 2108 Non
920 2059 1100 2122 potest
1150 2052 1416 2123 quispiam
1473 2052 1638 2107 alium
1675 2051 1761 2107 di-

148 2159 300 2198 cere.
326 2145 382 2199 7.
419 2142 517 2211 Qui
563 2145 618 2198 in
672 2142 846 2200 diebus
884 2144 1057 2199 carnis
1103 2160 1232 2213 suae,
1276 2161 1450 2217 preces
1487 2144 1760 2217 supplica-

150 2236 418 2303 tionesque
465 2235 533 2290 ad
563 2252 697 2302 eum,
728 2237 815 2309 qui
861 2237 1021 2307 possit
1072 2236 1223 2291 illum
1267 2236 1467 2291 salvum
1521 2236 1692 2306 facere
1728 2253 1763 2290 a

150 2337 339 2395 morte,
383 2343 501 2381 cum
545 2328 770 2383 clamore
806 2328 981 2383 valido
1022 2337 1070 2383 et
1115 2327 1353 2399 lacrymis
1380 2327 1622 2396 offerens,
1664 2344 1759 2384 ea:-

150 2418 363 2472 auditus
403 2430 479 2472 est
526 2433 619 2488 pro
667 2434 761 2471 sua
811 2419 1108 2473 reverentia.
1160 2419 1217 2475 8.
1269 2416 1340 2472 Et
1386 2419 1593 2489 quidem
1642 2435 1760 2473 cum

148 2519 278 2564 esset
333 2508 506 2564 Filius
560 2508 677 2575 Dei,
717 2510 897 2563 didicit
944 2526 1009 2564 ea:
1041 2510 1106 2564 iis
1150 2525 1266 2580 qua
1294 2526 1475 2579 passus
1519 2518 1592 2565 est
1637 2509 1760 2564 obe-

150 2600 423 2654 dientiam.
454 2598 617 2655 Vides
660 2600 803 2671 quod
844 2600 978 2655 nihil
1021 2600 1166 2656 aliud
1217 2601 1361 2668 iacit,
1410 2615 1573 2673 quam
1611 2601 1756 2673 quod

149 2691 395 2748 ostendit
422 2707 579 2761 quam
611 2694 749 2763 gerit
801 2707 985 2747 curam
1036 2703 1092 2747 et
1141 2708 1407 2749 summam
1434 2694 1763 2750 caritatem?

152 2782 292 2850 Quid
328 2782 472 2837 enim
504 2782 605 2836 sibi
636 2784 750 2837 vult
792 2783 942 2849 illud,
975 2782 1101 2840 Cum
1128 2785 1351 2839 clamore
1385 2785 1555 2840 ualido
1578 2785 1603 2839 ἵ
1628 2800 1761 2841 nus—

150 2889 318 2945 quam
350 2874 456 2929 hoc
499 2874 629 2931 dicit
667 2876 1040 2948 Evangelium,
1088 2892 1263 2948 neque
1308 2877 1450 2949 quod
1494 2893 1659 2936 orans
1690 2879 1761 2936 sit

150 2967 511 3037 tacrymatus,
559 2983 733 3039 neque
778 2968 921 3039 quod
966 2969 1259 3024 clamorem
1310 2968 1560 3025 ediderit.
1598 2970 1762 3028 Vides

150 3061 301 3131 quod
336 3061 441 3117 hoc
460 3067 579 3115 erat
599 3062 680 3115 sui
708 3060 775 3115 ad
805 3070 1049 3115 nostrum
1074 3070 1287 3131 captum
1310 3060 1613 3119 demissio?
1642 3063 1761 3118 Non

150 3154 303 3209 enim
341 3152 474 3208 satis
498 3151 687 3207 habuit
715 3152 893 3207 dicere
917 3153 1059 3223 quod
1083 3156 1149 3207 sit
1178 3162 1445 3222 precatus,
1472 3154 1566 3210 sed
1598 3156 1760 3210 etiam

152 3245 300 3318 quod
331 3260 452 3301 cum
472 3244 712 3301 clamore
742 3244 942 3300 valido.
976 3245 1041 3299 Et
1069 3246 1297 3311 auditus,
1330 3246 1520 3316 inquit,
1546 3264 1638 3318 pro
1668 3264 1763 3301 sua

154 3338 463 3392 reverentia.
500 3336 721 3391 Etiamsi
750 3346 875 3391 esset
904 3336 1096 3400 Filius,
1124 3338 1303 3390 didicit
1332 3355 1395 3393 ex
1420 3340 1483 3392 iis
1505 3354 1621 3408 que
1640 3356 1762 3411 pas-

155 3448 242 3486 sus
275 3440 352 3484 est
378 3428 737 3483 obedientiam.
772 3427 826 3483 9.
854 3428 920 3482 Et
950 3439 1330 3483 consummatus
1356 3431 1520 3501 factus
1550 3442 1622 3483 cst
1649 3442 1762 3485 om-

156 3526 309 3579 nibus
353 3520 812 3591 obtemperantibus
837 3521 883 3574 ci
910 3537 1064 3575 causa
1092 3519 1275 3576 salutis
1297 3532 1520 3587 ceterum,
1550 3522 1636 3577 lO.
1670 3539 1766 3593 ap-

156 3614 387 3685 pellatus
412 3630 444 3666 a
482 3612 593 3667 Deo
640 3613 873 3684 pontifex
891 3613 1047 3684 juxta
1090 3613 1320 3667 ordinem
1362 3612 1760 3667 Melchisedech.

159 3708 296 3762 Esto
329 3720 450 3760 cum
478 3704 721 3761 clamore
754 3722 766 3757 :
796 3718 894 3758 cur
920 3704 1080 3757 etiam
1115 3703 1336 3757 valido?
1370 3702 1567 3756 Etcum
1594 3705 1763 3775 tacry-

158 3804 295 3867 mis,
340 3800 532 3871 inquit,
582 3796 837 3864 offerens,
888 3796 1159 3851 exauditus
1203 3806 1275 3851 est
1319 3813 1411 3866 pro
1462 3791 1761 3850 reverentia.

157 3893 503 3948 Erubescant
531 3890 791 3951 hrrretici.
846 3889 937 3958 qui
981 3903 1198 3944 carnem
1256 3896 1453 3955 negant
1487 3888 1582 3960 (α).
1625 3887 1765 3957 Quid

156 3983 355 4042 dicis?
395 3981 787 4038 exaudiebatur
833 3979 998 4034 Filius
1053 3980 1143 4033 Dei
1191 3994 1290 4050 pro
1317 3979 1658 4034 reverentia?
1688 3980 1758 4034 Et

158 4087 290 4158 quid
320 4084 389 4140 de
418 4080 692 4153 prophetis
722 4078 841 4148 plus
868 4074 1149 4130 dixeritis?
1178 4074 1435 4138 Qu:enam
1475 4078 1655 4123 autem
1678 4077 1761 4124 est

157 4172 553 4247 consequentia
574 4170 778 4233 dicere,
811 4166 1096 4223 Exauditus
1126 4180 1218 4235 pro
1242 4162 1517 4216 reverentia
1542 4179 1560 4223 ;
1586 4172 1638 4216 et
1669 4158 1764 4214 ad-

160 4271 319 4331 dere,
378 4264 593 4319 Etiamsi
641 4270 767 4315 esset
804 4257 992 4317 Filius,
1024 4256 1200 4309 didicit
1244 4270 1307 4308 ex
1348 4254 1410 4306 iis
1436 4269 1550 4322 quae
1579 4269 1760 4321 passus

161 4374 234 4415 cst
262 4356 597 4415 obedientiam
621 4354 645 4407 ?
671 4352 857 4407 haecne
904 4350 971 4405 de
1004 4349 1112 4403 Dco
1138 4347 1333 4401 dixerit
1362 4346 1671 4416 quispiam?
1714 4355 1766 4398 et

163 4454 285 4522 quis
312 4450 450 4504 adeo
490 4445 812 4502 iusauierit‘.’
842 4442 960 4511 quis
990 4450 1168 4493 autem
1200 4446 1393 4494 emotae
1422 4438 1615 4491 mentis
1649 4434 1766 4489 itatc

165 4546 331 4598 fuerit
356 4539 647 4612 loquutus?
689 4536 1000 4599 Exauditae,
1022 4534 1212 4601 inquit,
1243 4548 1335 4601 pro
1364 4530 1660 4591 rcvcrentia,
1687 4529 1767 4581 di-

164 4638 287 4690 dicit
310 4651 373 4688 ex
400 4635 462 4686 iis
487 4647 600 4698 qua:
625 4646 806 4700 passus
827 4638 899 4681 est
918 4626 1275 4680 obedientiam.
1298 4623 1467 4689 Quam
1500 4622 1765 4676 obedien-

166 4730 324 4785 tiam?
355 4727 442 4796 qui
472 4740 638 4794 usque
668 4722 734 4775 ad
766 4730 991 4776 mortem
1022 4729 1173 4773 antea
1203 4717 1458 4782 obedivit,
1493 4726 1766 4787 tamquam

167 4823 306 4894 patri
344 4820 503 4880 lilius,
527 4814 795 4885 quomodo
825 4821 1007 4882 postea
1032 4811 1213 4863 didicit
1237 4810 1259 4860 ’ἲ

238 4914 295 4969 2.
331 4912 491 4966 Vides
532 4909 633 4962 hoc
672 4907 871 4961 dictum
915 4919 1034 4958 esse
1064 4903 1129 4957 de
1158 4901 1370 4957 carne?
1409 4901 1547 4971 quod
1588 4910 1766 4956 autem

175 5009 304 5063 .licit
356 5016 438 5058 est
481 4998 811 5070 huiusmodi.
865 4996 961 5050 llic
1005 4994 1157 5059 mihi,
1206 4994 1499 5063 rogabatue
1554 4994 1767 5047 Patrem

170 5111 228 5155 ut
270 5104 581 5156 servaretur
636 5108 664 5145 a
718 5098 915 5153 morte,
972 5096 1025 5141 et
1074 5095 1359 5155 propterea
1401 5094 1517 5139 erat
1575 5084 1765 5148 tristis,

167 5172 463 5249 ctdiccbat
494 5204 507 5239 :
542 5184 602 5239 Si
635 5182 871 5252 possibile
898 5190 989 5245 est,
1019 5188 1241 5232 transeat
1289 5194 1321 5230 a
1360 5193 1439 5230 me
1494 5175 1631 5230 calix
1678 5177 1771 5229 iste

173 5282 416 5358 (Matth.
456 5278 551 5333 86.
594 5276 662 5335 39
693 5274 747 5344 )?
798 5289 897 5343 pro
946 5270 1347 5327 resurrectione
1396 5277 1573 5323 autem
1638 5282 1770 5322 nus-

172 5390 334 5445 qnam
388 5369 563 5426 oravit
614 5368 848 5430 Patrem,
902 5362 995 5418 sed
1034 5370 1220 5417 contra
1262 5362 1377 5431 ipse
1420 5358 1768 5430 pronuntiat,

172 5470 359 5523 dicens
386 5483 400 5519 :
432 5462 626 5519 Soluite
654 5458 900 5528 templum
945 5455 1060 5519 hoc,
1092 5465 1136 5509 et
1164 5456 1215 5507 in
1244 5454 1402 5508 tribus
1428 5454 1606 5508 diebus
1636 5455 1774 5507 exci-

175 5564 290 5617 tabo
340 5561 544 5628 ipsum;
588 5563 673 5620 et,
726 5552 1033 5606 Potcstatem
1074 5548 1233 5602 habeo
1278 5545 1502 5615 ponendi
1547 5547 1774 5600 animam

230 5729 304 5788 (α)
319 5714 561 5788 μεταθεῖ
586 5711 653 5763 ί¹¹ί
676 5701 1506 5788 ‘1“?Fame'l‘.Pfgf'.‘f‘l.'il.'.ii.?ff"3‘
1528 5704 1609 5788 fl?“
1625 5703 1770 5788 ,δῖἷῖἷζ

172 5766 549 5841 mii’diﬁsuim
564 5766 733 5838 specie
746 5780 932 5821 tantum
946 5766 1143 5818 carnem
1155 5767 1495 5827 assutnpsisse,
1509 5766 1537 5813 (J
1548 5780 1572 5813 ε)
1594 5783 1604 5812 t
1613 5767 1772 5829 putus

176 5864 335 5905 supra.

254 5870 335 5901 ιη.

234 5870 244 5915 1
497 5954 767 6012 Ριτιιοιι.
817 5952 935 6003 ttn.
980 5944 1183 6004 LXlll.

1837 641 1891 695 2.
1921 639 2009 697 l9.
2039 647 2089 693 et
2116 634 2207 694 l0.
2240 630 2354 705 18).
2384 628 2522 702 Quid
2553 636 2637 685 est
2675 626 2845 698 ergo?
2870 642 3163 698 quamnam
3209 625 3281 683 ob
3308 640 3445 681 eau-

1836 749 1951 790 sam
1984 726 2350 803 precabatur?
2380 724 2451 780 Et
2492 737 2680 778 rursus
2726 714 2988 777 dicebat:
3022 718 3155 774 Ecce
3202 719 3414 774 escendi

1837 843 1950 881 mus
1977 821 2380 894 Jerosolymatn,
2412 826 2459 873 et
2488 815 2659 871 Filius
2682 814 2906 870 hominis
2936 814 3165 868 tradetur
3186 813 3443 885 pontiﬁci-

1834 920 1928 974 bus
1954 928 2002 974 et
2032 915 2236 981 scribis,
2263 921 2313 968 et
2340 908 2750 967 condemnabam
2774 922 2889 963 eum
2933 916 3113 971 morte,
3154 914 3205 959 et
3244 904 3447 960 tradent

1834 1029 1951 1068 eum
1979 1010 2212 1084 gentibus
2230 1006 2303 1061 ad
2330 1003 2655 1060 illudendunt
2676 1010 2723 1057 et
2748 999 3125 1071 ﬂagellandum
3155 1008 3202 1053 et
3232 998 3446 1066 cruci/i-

1834 1104 2077 1179 gendum,
2106 1111 2153 1157 et
2190 1099 2338 1155 tertia
2358 1098 2443 1152 die
2466 1102 2700 1166 resurget
2722 1091 2943 1164 (Matth.
2974 1090 3067 1147 20.
3100 1088 3211 1164 l8).
3243 1090 3309 1145 Et
3334 1105 3443 1145 non

1835 1199 1991 1263 dixit,
2021 1195 2183 1254 Pater
2210 1208 2300 1250 me
2342 1189 2502 1246 faciet
2544 1200 2851 1257 resurgere.
2881 1182 3168 1253 Quomodo
3211 1198 3341 1253 ergo
3376 1182 3446 1237 de

1833 1304 1901 1347 eo
1924 1286 2291 1363 precabatur?
2312 1284 2418 1341 Sed
2454 1298 2555 1355 pro
2599 1280 2796 1353 quibus
2842 1276 3170 1350 precabatur
3197 1275 3221 1331 ?
3248 1291 3347 1347 pro
3376 1275 3446 1331 iis

1834 1384 1924 1457 qui
1955 1384 2009 1439 in
2036 1382 2214 1454 ipsum
2244 1378 2611 1435 crediderant.
2654 1372 2811 1443 Quod
2848 1380 3031 1427 autem
3058 1369 3192 1427 dicit
3234 1380 3317 1426 est
3346 1369 3446 1457 ltu-

1837 1456 2075 1543 jusmodi
2109 1469 2333 1526 :Facile
2379 1467 2689 1525 exauditur.
2739 1463 2878 1520 Nam
2932 1461 3188 1535 quoniam
3238 1460 3307 1515 de
3354 1456 3449 1513 illo

1840 1565 2082 1621 nondum
2129 1562 2400 1621 habebant
2442 1576 2562 1617 eam
2594 1574 2757 1631 quam
2802 1571 2903 1628 par
2945 1562 3064 1612 erat
3094 1550 3403 1625 opinionem
3427 1590 3447 1614 ,

1840 1658 2126 1716 dixitcum
2161 1654 2330 1712 fuisse
2358 1653 2696 1717 exauditum,
2725 1648 2868 1705 sicut
2894 1646 3013 1718 ipse
3038 1656 3253 1717 quoque
3280 1639 3450 1700 disci-

1844 1752 2000 1823 pulos
2027 1748 2317 1806 consolans
2344 1746 2560 1804 dicebat
2595 1761 2608 1799 :
2643 1742 2705 1799 Si
2734 1758 2817 1796 me
2835 1739 3139 1811 ditigeretis,
3162 1732 3454 1808 gauderetis

1842 1822 2036 1915 utique,
2065 1840 2308 1914 quoniam
2348 1837 2417 1893 ad
2459 1836 2672 1894 Patrem
2708 1849 2878 1888 meum
2926 1830 3080 1896 vado,
3125 1830 3248 1899 quia
3294 1822 3454 1879 Pater

1844 1937 2014 2009 major
2059 1950 2142 1989 me
2166 1943 2239 1989 est
2260 1930 2457 2002 (Joan.
2491 1931 2581 1986 li.
2610 1928 2684 1985 28
2705 1925 2749 1994 ).
2780 1923 3068 1995 Quomodo
3111 1931 3291 1977 autem
3345 1933 3454 1975 non

1845 2031 2084 2100 seipsum
2125 2024 2470 2098 gloriﬁcavit,
2501 2023 2593 2096 qui
2638 2021 2880 2093 scipsum
2912 2016 3197 2074 exinaniit.
3242 2013 3333 2085 qui
3364 2028 3456 2067 se-

1848 2121 2021 2192 ipsum
2069 2118 2326 2173 tradidit?
2364 2115 2604 2173 Tradidit
2651 2114 2820 2180 enim,
2851 2111 3059 2183 inquit,
3102 2116 3323 2184 seipsum
3363 2120 3460 2177 pro

1848 2213 2070 2288 peccatis
2114 2212 2303 2268 nostris
2342 2209 2487 2283 (Gal.
2522 2211 2573 2265 ι.
2607 2208 2701 2281 ι);
2745 2217 2801 2264 et
2823 2220 3042 2271 rursus,
3076 2204 3177 2271 Qui
3203 2200 3343 2257 dedit
3380 2216 3462 2255 si»

1848 2313 2017 2382 ipsum
2039 2308 2437 2379 redemptionem
2465 2322 2559 2377 pro
2580 2304 2817 2359 omnibus
2842 2300 2987 2356 nobis
3015 2299 3095 2371 (l.
3121 2297 3255 2353 Tim.
3285 2296 3343 2350 2.
3374 2294 3456 2358 6).

1850 2401 1991 2472 Quid
2035 2415 2165 2471 ergo
2191 2398 2320 2455 est?
2352 2398 2516 2454 Vides
2562 2396 2705 2468 quod
2750 2403 2978 2467 pr0pter
3020 2406 3242 2447 carnem
3289 2389 3356 2443 de
3401 2401 3465 2442 se

1854 2494 2093 2567 loquitur
2131 2492 2355 2548 humilia
2381 2493 2405 2545 ?
2433 2491 2506 2546 lta
2538 2490 2627 2546 hic
2670 2503 2906 2561 quoque,
2936 2484 3148 2542 etiamsi
3178 2492 3325 2539 esset
3369 2480 3463 2535 Fi-

1855 2588 1978 2656 lius,
2008 2585 2298 2644 exauditus
2347 2584 2448 2639 fuit
2483 2598 2581 2654 pro
2630 2597 2725 2637 sua
2776 2578 3080 2637 reverentia
3116 2597 3131 2637 :
3161 2576 3276 2632 vult
3316 2574 3464 2630 enim

1854 2682 2141 2740 ostendere
2166 2680 2217 2734 id
2242 2678 2387 2749 quod
2414 2685 2626 2748 gestum
2658 2684 2742 2730 est
2767 2674 2935 2743 magis
2966 2685 3087 2727 esse
3115 2684 3252 2740 opus
3281 2682 3465 2730 suum,

1856 2792 2017 2849 quam
2044 2775 2141 2831 Dei
2185 2773 2395 2846 gratim.
2425 2770 2618 2835 Tanta,
2652 2769 2843 2840 inquit,
2874 2765 2973 2821 fuit
2997 2766 3118 2835 eius
3162 2761 3468 2818 reverentia

1858 2886 1921 2927 ac
1948 2870 2140 2943 pietas,
2172 2876 2232 2921 ut
2258 2866 2384 2920 ideo
2413 2880 2537 2920 eum
2566 2870 2911 2919 revereretur
2938 2860 3102 2914 Deus.
3137 2855 3352 2923 Didicit,
3382 2854 3469 2908 in-

1859 2963 1996 3034 quit,
2046 2960 2160 3018 Deo
2188 2959 2433 3014 obedire.
2466 2957 2565 3013 ilic
2607 2968 2797 3011 rursus
2826 2952 3065 3009 ostendit
3111 2959 3371 3022 quantum
3401 2947 3471 3002 sit

1860 3058 2069 3114 lucrum
2101 3053 2535 3123 perpessionum.
2559 3049 2626 3104 Et
2650 3055 3053 3111 consummatus,
3076 3044 3269 3116 inquit,
3303 3045 3470 3116 factus

1862 3160 1933 3207 est
1963 3148 2197 3204 omnibus
2224 3143 2687 3217 obtemperantibus
2714 3143 2759 3196 ei
2776 3156 2936 3195 causa
2965 3138 3166 3194 salutis.
3199 3136 3255 3192 Si
3288 3144 3471 3190 autem

1863 3244 1975 3307 ille,
2003 3257 2124 3298 cum
2154 3246 2302 3296 esset
2326 3237 2517 3300 Filius,
2546 3250 2611 3292 ex
2642 3232 3086 3305 perpessionibus
3124 3230 3364 3284 lucratus
3391 3239 3476 3285 cst

1864 3345 1922 3389 ut
1970 3332 2237 3394 obediret,
2283 3329 2457 3385 multo
2504 3327 2676 3399 magis
2726 3340 2844 3379 nos.
2890 3323 3055 3379 Vides
3099 3339 3259 3392 quam
3307 3322 3475 3377 multa

1864 3426 2004 3481 dicat
2034 3425 2102 3480 de
2132 3422 2463 3486 obedientia,
2496 3430 2554 3475 ut
2586 3419 2683 3489 ipsi
2714 3417 3184 3489 persuadeantnr?
3214 3416 3478 3472 Videntur

1865 3517 2012 3574 enim
2061 3513 2190 3571 mihi
2222 3513 2531 3583 frequentes-
2576 3510 2817 3566 habenas
2864 3517 3120 3564 excutere
3168 3522 3269 3563 nec
3318 3508 3483 3563 dictis

1866 3610 2245 3679 obtemperare
2277 3624 2289 3659 :
2324 3604 2428 3659 hoc
2449 3605 2594 3659 enim
2618 3596 3010 3667 subindicavit,
3036 3601 3251 3669 dicens,
3283 3601 3482 3671 chnes

1869 3701 1991 3773 [acti
2018 3699 2136 3754 estis
2174 3697 2242 3751 ad
2287 3696 2623 3750 audiendum.
2658 3693 2736 3748 Ex
2767 3693 2831 3748 iis
2862 3708 2985 3764 qua:
3029 3707 3224 3763 passus
3251 3702 3355 3759 est,
3402 3694 3483 3747 itt-

1868 3792 2004 3863 quit,
2026 3788 2368 3845 continenter
2404 3786 2595 3842 didicit
2622 3786 2733 3841 Deo
2758 3784 3005 3840 obedire.
3042 3784 3109 3839 Et
3153 3802 3483 3839 consumma.

1869 3892 1951 3937 tus
1990 3898 2011 3935 :
2056 3895 2152 3951 per
2179 3879 2479 3950 passiones,
2512 3878 2702 3948 inquit.
2729 3876 2844 3932 Hoc
2867 3886 2953 3932 est
2975 3891 3106 3947 ergo
3132 3892 3484 3932 consumma-

1872 3973 1969 4039 tio,
1997 3981 2054 4029 et
2079 3987 2175 4041 per
2205 3971 2310 4025 hoc
2339 3970 2524 4025 venire
2564 3979 2779 4038 oportet
2806 3968 2871 4023 ad
2919 3969 3331 4038 perfectionem.
3367 3969 3484 4025 Non

1879 4070 2052 4124 solum
2102 4068 2215 4136 ipse
2262 4064 2443 4117 salvus
2474 4061 2664 4124 evasit,
2712 4054 2809 4113 sed
2856 4056 2961 4111 hoc
3007 4054 3170 4108 etiam
3216 4050 3316 4107 fuit
3364 4049 3487 4105 aliis

1880 4162 2030 4231 copia
2065 4160 2286 4215 salutis:
2308 4158 2700 4211 Consummatus
2715 4152 2860 4209 enim
2894 4149 2990 4221 fuit
3010 4146 3481 4217 obtemperantibus

1881 4254 1977 4318 ipsi
2016 4268 2175 4305 causa
2216 4249 2396 4304 salutis
2436 4256 2660 4301 ccternce.
2694 4242 3018 4312 Appellatus,
3067 4240 3257 4310 inquit,
3296 4255 3327 4291 a
3377 4234 3483 4290 Dea

1884 4344 2117 4413 pontifex
2142 4340 2424 4395 secundant
2451 4337 2688 4391 ordinem
2719 4331 3115 4390 Melchiscdcch.
3156 4332 3239 4384 ll.
3277 4328 3354 4383 De
3387 4345 3485 4399 quo

1884 4434 2026 4487 nobis
2064 4432 2276 4504 grandis
2319 4445 2485 4484 sermo
2511 4437 2559 4481 et
2602 4424 3054 4497 inintcrpretabilis
3098 4422 3166 4474 ad
3193 4419 3486 4475 dicendum.

1889 4525 2224 4579 Deducturus
2274 4520 2573 4575 orationem
2626 4518 2692 4573 ad
2743 4517 3103 4572 differentiam
3159 4512 3485 4567 sacerdotii.

1885 4620 2035 4689 prius
2064 4632 2157 4672 eos
2205 4617 2471 4684 increpat,
2517 4611 2813 4667 ostendens
2839 4610 2981 4679 quod
3015 4618 3124 4662 tam
3169 4622 3359 4676 magna
3405 4605 3490 4657 sui

1884 4711 2146 4766 demissio
2173 4712 2246 4763 sit
2283 4710 2403 4773 lac;
2440 4718 2491 4760 ct
2514 4706 2655 4777 quod
2693 4706 2764 4759 illi
2795 4705 2903 4757 sint
2926 4701 3181 4767 infantes,
3202 4699 3371 4770 magis
3405 4708 3489 4752 est

1886 4806 2203 4857 immoratus
2235 4803 2286 4855 in
2322 4800 2507 4854 luuniti
2557 4800 2646 4868 qui
2674 4806 2758 4852 est
2787 4796 3085 4851 secundum
3132 4809 3352 4849 carnem
3383 4806 3487 4845 ser-

1885 4911 2063 4957 mone,
2097 4905 2150 4948 et
2184 4893 2419 4963 loquitur
2468 4903 2739 4961 tamquam
2784 4893 2851 4943 de
2891 4888 3122 4959 quodam
3148 4888 3312 4956 justo.
3353 4885 3486 4939 Vide

1882 4999 2059 5041 autem
2096 5005 2106 5038 :
2138 4999 2239 5039 nec
2279 4984 2501 5038 omnino
2555 4983 2813 5051 metet-iit
2861 4997 2971 5034 rem
3018 4979 3257 5043 silentio,
3313 4993 3488 5046 neque

1894 5083 2027 5135 dixit
2060 5098 2071 5133 :
2103 5095 2223 5132 nam
2258 5078 2384 5133 illud
2417 5078 2632 5147 quidem
2659 5076 2783 5129 fecit
2809 5082 2866 5127 ut
2895 5082 3129 5128 mentem
3164 5086 3349 5126 eorum
3379 5072 3489 5125 eri-

1879 5182 2048 5244 geret,
2079 5182 2137 5246 et
2180 5171 2531 5240 persuaderet
2579 5178 2635 5223 ut
2676 5175 2858 5223 essent
2908 5164 3161 5237 perfecti,
3195 5175 3249 5219 et
3276 5166 3484 5236 magnis

1880 5268 1985 5321 non
2033 5265 2372 5335 privarentur
2417 5262 2797 5331 dogmatibus;
2832 5260 2932 5313 hoc
2977 5268 3156 5314 autem
3208 5259 3353 5324 fecit,
3419 5274 3485 5313 ne

1876 5360 2134 5415 obrueret
2163 5372 2350 5413 eorum
2384 5355 2816 5425 intelligentiam.
2863 5352 2941 5406 De
2964 5368 3061 5421 quo
3091 5351 3231 5404 nobis
3270 5352 3485 5422 grandis

1877 5470 2064 5517 sermo,
2105 5452 2296 5522 inquit,
2332 5460 2377 5503 et
2414 5445 2866 5516 iitinterprelabilis
2914 5445 2984 5496 ad
3027 5444 3318 5507 dicendum,
3347 5459 3482 5511 quo-

1876 5550 2015 5601 niam
2042 5545 2316 5598 imbecilles
2348 5542 2471 5612 facti
2500 5540 2619 5593 estis
2647 5538 2715 5591 ad
2753 5537 3085 5591 audiendum.
3114 5536 3380 5601 Quoniam
3408 5536 3481 5589 illi

1877 5656 1983 5695 non
2015 5639 2265 5701 audiunt,
2296 5646 2579 5705 prepterca
2632 5638 2718 5687 est
2747 5631 2922 5686 oratio
2949 5628 3187 5684 dil‘licilis
3218 5626 3285 5682 ad
3315 5628 3482 5681 inter-

1877 5730 2217 5804 pretandum.
2253 5726 2481 5796 Quando
2505 5725 2651 5780 ettitn
2680 5724 2839 5779 alicui
2870 5738 2956 5778 res
2983 5730 3067 5778 est
3095 5736 3217 5777 cum
3250 5722 3483 5777 homini-

1878 5828 1973 5882 bus
1992 5827 2083 5897 qui
2104 5840 2209 5879 non
2227 5832 2589 5893 assequuntur
2606 5835 2705 5875 nec
2729 5818 3036 5891 intelligunt
3058 5834 3180 5887 quae
3201 5818 3475 5883 dicuntur,

3135 5926 3173 5985 δ
