4020 6402
602 327 659 384 τι
1302 330 1359 384 S.
1398 326 1667 383 JOANNlS
1705 324 2177 381 CllRYSOS'l'OMl
2218 322 2531 382 ARCIHEP.
2561 320 3086 383 CONS'l'ANTINOP.
3798 314 3861 367 7‘3

608 444 653 492 is
684 456 786 495 non
834 449 1007 509 potest
1036 442 1114 495 eis
1140 448 1284 493 recte
1337 437 1687 505 interpretari.
1720 434 1823 491 Sed
1870 436 2001 490 forte
2026 439 2173 506 quis-

608 534 743 597 piam
792 548 861 585 ex
910 531 1080 596 vobis,
1131 530 1217 600 qui
1251 528 1335 582 hic
1375 528 1545 589 statis,
1575 527 1789 596 caligat,
1839 538 1893 580 et
1921 526 2171 579 danmum

604 642 713 677 rem
761 640 880 680 esse
911 624 1196 687 existimat,
1227 622 1269 674 si
1313 622 1425 689 ipse
1473 627 1691 688 propter
1720 617 1971 671 llcbrteos
2016 616 2174 672 fuerit

605 718 890 786 impeditus
936 731 1001 769 nc
1059 727 1360 768 sermonem
1412 711 1720 779 loqueretur
1776 707 2169 778 perfectiorcm.

600 815 774 876 Atque
797 810 926 860 forte
939 806 1149 875 quidem
1171 805 1255 858 hic
1270 817 1503 873 quoque,
1524 809 1716 870 pneter
1737 815 1953 869 paucos,
1978 800 2171 855 multos

601 901 791 968 opinor
812 913 929 952 esse
958 898 1109 960 tales,
1133 906 1189 949 ut
1210 895 1309 947 hoc
1333 894 1491 949 etiam
1524 891 1590 945 de
1612 892 1758 944 vobis
1785 888 2023 943 dicatur:
2044 905 2171 959 pro-

602 1000 715 1057 pter
744 1003 936 1058 paucos
966 998 1142 1041 autem
1174 986 1368 1041 dicam.
1408 982 1671 1052 Numquid
1712 996 1838 1051 ergo
1868 995 2169 1035 sermonem

596 1080 808 1134 silentio
840 1078 1115 1147 praeteriit,
1141 1087 1235 1131 aut
1262 1091 1383 1130 eum
1415 1089 1601 1129 rursus
1624 1073 1849 1140 sumpsit
1877 1072 1928 1125 in
1955 1072 2020 1125 iis
2048 1087 2167 1142 qua:

601 1169 848 1232 deinceps
875 1182 1190 1239 sequuntur,
1211 1178 1265 1225 ct
1291 1169 1429 1224 idem
1462 1169 1588 1224 fecit
1607 1169 1747 1239 quod
1770 1168 1822 1222 in
1852 1169 2087 1238 Epistola
2105 1166 2172 1221 ad

605 1260 916 1315 Romanos?
944 1275 1063 1314 nam
1097 1260 1207 1315 illic
1250 1274 1482 1329 quoque,
1529 1274 1649 1313 cum
1681 1272 1743 1313 os
1787 1257 1934 1329 prius
1956 1257 2177 1313 obstru-

600 1354 766 1408 xisset
794 1352 1305 1415 contradicentibus,
1339 1360 1393 1404 et
1435 1350 1685 1416 dixisset,
1722 1348 1766 1403 0
1788 1354 1955 1409 homo,
1988 1358 2039 1400 tu
2065 1362 2179 1417 quis

601 1460 651 1497 es
676 1444 761 1512 qui
801 1444 1106 1512 respondeas
1141 1440 1250 1495 Deo
1282 1440 1456 1512 (Rom.
1486 1441 1541 1495 9.
1584 1439 1723 1510 20)?
1751 1449 1875 1494 tunc
1906 1438 2179 1509 subjungit

601 1535 945 1591 solutionem.
981 1534 1090 1605 Ego
1132 1545 1309 1588 autem
1352 1541 1479 1603 puto
1526 1547 1697 1602 neque
1743 1531 1915 1601 ipsum
1957 1530 2177 1585 omnino

602 1626 815 1680 silentio
836 1626 1177 1695 przeteriisse,
1202 1639 1372 1694 neque
1392 1623 1612 1689 dixisse,
1645 1634 1700 1677 ut
1723 1624 1993 1678 auditores
2022 1621 2178 1676 indu-

601 1727 689 1770 cat
719 1717 769 1770 in
799 1716 1140 1772 desiderium.
1169 1715 1298 1770 Nam
1322 1731 1441 1771 cum
1471 1714 1856 1781 admonuisset,
1882 1724 1935 1769 et
1955 1712 2178 1769 dixisset

601 1823 792 1878 magna
824 1810 1064 1878 quasdam
1092 1823 1212 1863 esse
1242 1810 1340 1862 sita
1372 1810 1422 1863 in
1452 1823 1720 1871 sermone,
1754 1807 1875 1861 vide
1905 1807 2175 1877 quomodo

602 1916 723 1953 cum
752 1902 907 1956 laude
944 1917 1037 1956 eos
1066 1902 1321 1970 increpet.
1354 1900 1466 1954 lloc
1505 1899 1645 1954 enim
1669 1914 1880 1967 semper
1905 1906 1988 1952 est
2029 1898 2175 1953 Pauli

602 1995 897 2063 sapientia),
920 1994 1158 2049 difﬁcilia
1181 2009 1241 2047 ac
1263 1993 1486 2047 molesta
1507 1993 1731 2045 miscere
1750 2006 1872 2044 cum
1897 1990 2172 2060 benignis:

604 2086 742 2152 quod
762 2086 920 2138 etiam
946 2084 1131 2137 facitin
1155 2083 1385 2152 Epistola
1405 2083 1468 2135 ad
1486 2081 1717 2144 Galatas,
1741 2080 1925 2135 dicens
1954 2097 1966 2132 :
1995 2078 2181 2135 Curre-

604 2175 731 2227 batis
759 2176 876 2227 bene
904 2189 920 2226 :
946 2175 1057 2243 quis
1089 2189 1174 2226 vos
1205 2172 1461 2241 impedivit
1484 2170 1677 2241 (Galat.
1703 2169 1756 2223 5.
1794 2169 1885 2235 7)?
1911 2178 1983 2232 ct,
2013 2169 2179 2223 Tanta

604 2268 739 2333 passi
771 2267 888 2320 estis
926 2266 1033 2319 sine
1056 2282 1207 2319 causa
1229 2264 1252 2318 .’
1271 2265 1314 2317 si
1340 2272 1505 2317 tamet:
1548 2264 1655 2315 sine
1696 2277 1851 2315 causa
1887 2260 1904 2331 (
1928 2260 2096 2314 Galat.
2124 2263 2177 2317 '5.

602 2356 659 2426 Δ)
685 2374 701 2422 ;
732 2366 807 2419 ct,
854 2356 963 2425 Ego
1015 2356 1077 2408 de
1128 2355 1264 2408 vobis
1304 2354 1505 2422 conﬁdo
1534 2355 1585 2405 in
1634 2351 1851 2405 Domino
1896 2350 2093 2421 (Calai.
2122 2352 2177 2407 5.

604 2448 715 2518 10).
769 2447 921 2514 Quod
978 2446 1061 2500 his
1106 2460 1317 2515 quoque
1373 2444 1497 2497 dicit
1533 2461 1545 2495 :
1577 2443 1889 2510 Con/idimus
1935 2442 1997 2494 de
2044 2442 2180 2496 vobis

600 2539 849 2598 meliora.
906 2546 951 2590 ct
1019 2537 1259 2589 viciniora
1326 2534 1480 2588 saluti
1542 2533 1743 2603 (Hebr.
1799 2533 1851 2587 6.
1909 2532 2006 2603 9).
2067 2535 2180 2588 Duo

598 2644 728 2700 ergo
774 2628 890 2683 ba‘c
944 2626 1067 2681 facit
1095 2645 1107 2680 :
1138 2642 1310 2695 neque
1361 2624 1518 2678 nimis
1566 2624 1827 2688 intendit,
1872 2639 2047 2693 neque
2101 2625 2179 2678 si-

600 2723 678 2776 nit
721 2737 815 2777 eos
862 2719 1161 2775 concidere.
1208 2718 1390 2773 Recte.
1423 2717 1554 2773 Nam
1587 2718 1629 2771 si
1668 2718 1891 2773 aliormn
1939 2719 2178 2788 exempla

598 2814 869 2867 sufficiunt
899 2811 963 2865 ad
1002 2811 1338 2866 excitandum
1381 2811 1701 2873 auditorem,
1733 2820 1783 2865 et
1810 2810 1875 2865 ad
1904 2811 2176 2865 adducen-

600 2906 723 2956 dum
770 2904 835 2955 ad
867 2902 1259 2955 :emulationem
1296 2918 1309 2955 :
1342 2899 1555 2970 quando
1596 2904 1714 2969 quis
1756 2900 1916 2954 habet
1944 2916 1972 2952 a
2004 2901 2181 2969 seipso

600 2996 924 3065 exemplum.
959 3004 1012 3048 et
1038 2994 1253 3061 jubelur
1299 2994 1531 3063 seipsum
1573 2993 1835 3058 aemulari,
1874 2986 2040 3047 multo
2072 3010 2182 3047 ma-

598 3088 678 3153 gis
709 3086 973 3139 inducitur
1021 3084 1284 3147 doctrina,
1330 3092 1387 3135 ut
1434 3081 1546 3136 ﬁeri
1593 3092 1785 3151 potest.
1824 3083 1888 3137 Et
1919 3084 2017 3137 hoc
2049 3100 2175 3153 ergo

600 3175 850 3237 ostendit,
900 3190 1069 3242 neque
1100 3173 1223 3227 sinit
1254 3187 1346 3227 eos
1387 3181 1657 3241 tamquam
1699 3173 1850 3227 valde
1896 3173 2177 3228 damnatos

600 3267 903 3329 concilerc,
937 3282 1035 3319 nec
1079 3274 1132 3317 ut
1174 3264 1260 3333 qui
1302 3279 1515 3333 semper
1563 3262 1671 3317 sint
1716 3264 1861 3329 mali,
1914 3266 2174 3335 sedquod

600 3363 757 3414 etiam
784 3358 1064 3427 aliquando
1097 3358 1292 3411 fuerint
1315 3357 1457 3410 boni.
1491 3356 1574 3409 12.
1610 3356 1809 3408 Etenim
1840 3374 1949 3409 cum
1978 3357 2179 3411 debere—

600 3456 660 3505 tis
673 3468 777 3506 csse
796 3449 1023 3521 magistri
1044 3460 1247 3518 prapter
1274 3457 1488 3517 tempus,
1513 3447 1701 3517 inquit.
1724 3446 1965 3501 Ostendit
1984 3448 2065 3502 hic
2087 3464 2179 3503 eos

602 3546 757 3611 longo
787 3551 908 3593 ante
941 3552 1181 3608 tempore
1210 3539 1501 3593 credidisse
1534 3558 1545 3590 :
1579 3538 1813 3591 ostendit
1852 3539 2011 3591 etiam
2040 3540 2177 3607 quod

600 3639 757 3687 etiam
788 3634 921 3686 alios
951 3632 1180 3685 debeant
1210 3629 1652 3684 instituere.Vide
1679 3643 1806 3697 ergo
1824 3645 1944 3684 eum
1973 3631 2178 3684 assidue

621 3719 901 3786 parturire,
956 3729 1010 3771 ut
1053 3720 1353 3773 introducat
1381 3735 1681 3774 sermonem
1726 3723 1793 3773 de
1824 3726 2091 3789 pontitice,
2140 3730 2191 3775 et

618 3824 829 3862 setnner
874 3807 1108 3863 dill'erre.
1168 3810 1302 3863 Audi
1354 3813 1495 3864 enim
1550 3813 1819 3880 quomodo
1885 3813 2188 3882 inceperit:

622 3895 869 3950 [labentes
896 3898 1179 3966 pontiﬁcem
1210 3916 1470 3968 magnum,
1501 3903 1586 3968 qui
1623 3903 1895 3970 penetravit
1922 3903 2071 3955 cazlos
2094 3919 2111 3964 ;
2138 3912 2192 3956 ct

617 4004 733 4040 rum
784 3989 1210 4055 prmtermisissct
1249 3991 1430 4046 dicere
1461 3993 1732 4062 quomodo
1763 4009 2034 4062 magnum,
2069 4011 2189 4048 rur-

617 4095 705 4129 sus
729 4080 893 4131 dicit:
930 4077 1105 4133 Omnis
1132 4082 1262 4132 enim
1308 4083 1535 4149 pontifex
1576 4099 1638 4136 ea:
1667 4084 1949 4137 hominibus
1990 4103 2191 4138 assunt-

618 4180 748 4234 ptus,
775 4184 862 4233 pro
880 4170 1158 4238 hominibus
1176 4173 1491 4225 constituitur
1508 4176 1558 4225 in
1577 4175 1635 4225 iis
1654 4190 1765 4241 (μίαν
1784 4186 1898 4227 sunt
1918 4178 1983 4227 ad
2010 4177 2190 4243 Deum;

618 4269 669 4311 et
698 4274 904 4323 rursus,
937 4260 1024 4313 Sic
1056 4262 1204 4313 etiam
1251 4261 1481 4315 Christus
1513 4281 1611 4317 non
1637 4267 1854 4334 seipsum
1887 4268 2191 4337 gloriﬁcavit

617 4358 670 4398 ut
701 4349 836 4414 ﬁeret
868 4351 1113 4419 pontifex.
1148 4352 1209 4404 Et
1250 4354 1437 4406 iterum
1470 4370 1589 4407 cum
1637 4355 1878 4419 dixisset,
1918 4357 1991 4411 Tu
2030 4376 2080 4412 es
2106 4376 2193 4413 sa-

614 4441 787 4491 cerdos
830 4441 882 4492 in
920 4451 1159 4493 taternunt
1202 4446 1472 4495 secundum
1501 4444 1727 4497 ordinem
1771 4446 2191 4512 Melchisedech;

617 4544 798 4581 rursus
824 4528 1020 4591 differt,
1045 4530 1226 4584 dicens
1260 4550 1272 4584 :
1306 4532 1405 4597 Qui
1434 4534 1484 4587 in
1508 4535 1679 4589 diebus
1700 4539 1864 4590 carnis
1890 4555 1995 4591 sate
2019 4557 2188 4609 preces

615 4618 1101 4689 supplicationesque
1130 4623 1326 4674 obtulit.

686 4710 737 4762 ὖ.
781 4710 1038 4776 Quoniam
1087 4726 1214 4780 ergo
1260 4714 1415 4767 toties
1448 4713 1540 4767 fuit
1578 4715 1856 4785 depulsus,
1890 4720 2048 4773 veluti
2100 4736 2189 4779 tw-

614 4802 880 4868 spondens
926 4813 978 4857 et
1022 4819 1078 4857 se
1122 4820 1405 4865 excusans,
1455 4807 1623 4860 dicit:
1663 4809 1716 4862 ln
1764 4827 1858 4864 vos
1906 4826 2061 4866 causa
2105 4824 2189 4867 est

613 4893 909 4947 referenda.
954 4895 1131 4964 Pup-.13,
1163 4908 1355 4965 quanta
1384 4898 1719 4955 differentia!
1766 4918 1885 4956 cum
1931 4906 2189 4960 deberent

614 4986 746 5037 alios
778 4985 987 5050 docere,
1024 4999 1147 5039 sunt
1176 4988 1387 5055 quidem
1435 5005 1541 5042 non
1571 4992 1743 5045 solmn
1776 4994 2043 5064 discipuli,
2093 4996 2187 5051 scd

614 5074 773 5126 etiam
802 5066 979 5127 ultimi
1010 5076 1281 5145 discipuli.
1312 5077 1510 5131 Etenim
1544 5097 1654 5133 cum
1681 5084 1919 5137 deberetis
1945 5104 2053 5140 esse
2080 5105 2188 5140 nta-

614 5164 757 5231 gistri
800 5175 1001 5234 propter
1039 5179 1251 5234 tempus,
1301 5186 1470 5223 rursus
1515 5172 1750 5241 indigetis
1796 5186 1844 5226 ut
1885 5194 1966 5230 vos
1996 5180 2186 5232 docea-

616 5256 736 5305 mini
779 5271 890 5325 qua:
934 5268 1046 5308 sunt
1084 5259 1323 5311 elementa
1353 5262 1543 5313 exordii
1590 5280 1873 5317 sermonum
1926 5267 2040 5322 Doi.
2092 5270 2186 5326 llic

616 5346 877 5399 clencnta
909 5346 1109 5400 exordii
1139 5348 1263 5401 dicit
1299 5351 1699 5408 immanitatem.
1733 5354 1801 5410 Ut
1831 5360 1974 5411 enim
2006 5361 2053 5413 in
2087 5379 2186 5417 cx-

620 5438 780 5487 tet'uis
805 5437 968 5489 literis
986 5440 1212 5506 primum
1239 5454 1442 5507 oportet
1466 5443 1675 5498 discere
1697 5448 1982 5512 elementa,
2012 5453 2078 5505 ita
2102 5454 2187 5508 hic

620 5544 830 5594 quoque
877 5530 1101 5597 prinmm
1156 5530 1334 5584 doceri
1383 5538 1663 5601 opn‘tebat
1708 5539 1775 5592 de
1835 5542 2181 5599 humanitate.

620 5618 778 5671 Vides
817 5635 1054 5686 quzenam
1106 5624 1175 5674 sit
1214 5638 1371 5676 causa
1405 5642 1499 5677 cur
1544 5627 1787 5696 loquatur
1821 5632 2080 5687 humilia?
2112 5637 2184 5691 lta

615 5711 770 5763 etiam
803 5708 924 5763 fecit
954 5711 1140 5765 Paulus
1180 5713 1449 5769 disserens
1494 5730 1613 5769 cum
1644 5718 2080 5788 Atheniensibus,
2130 5736 2185 5781 et

2269 436 2451 490 dicens
2483 451 2495 485 :
2526 431 2591 486 Et
2635 440 2861 501 tempora
2889 431 3091 500 quidem
3128 428 3279 501 hujus
3321 426 3637 498 ignorantia:
3683 425 3855 494 despi-

2267 528 2400 577 ciens
2430 523 2582 590 Dcus,
2612 538 2743 575 nunc
2768 523 3037 575 annuntiat
3074 518 3357 574 hominibus
3385 526 3439 570 ut
3466 533 3648 570 attines
3673 516 3858 584 ubique

2268 619 2606 687 penitentiam
2620 626 2793 685 agant,
2816 631 2873 668 eo
2893 614 3029 684 quod
3049 615 3227 669 statuit
3256 613 3409 676 diem,
3438 613 3493 664 in
3518 628 3621 680 quo
3644 610 3857 679 judica-

2268 721 2408 762 tnrus
2433 718 2502 763 est
2526 707 2691 760 orbem
2716 707 2766 758 in
2794 707 3049 775 (equitate,
3080 707 3131 758 in
3154 706 3257 758 viro
3283 706 3334 757 in
3363 702 3675 774 quoslutuit,
3706 702 3859 767 [idem

2269 800 2489 871 prwbcns
2516 798 2765 863 omnibus,
2787 798 3037 851 suscitans
3058 812 3172 850 eum
3194 813 3225 849 a
3243 796 3453 849 mortuis
3481 794 3619 865 (Act.
3653 795 3744 848 17.
3769 792 3856 846 50.

2267 897 2379 962 Si).
2414 896 2697 962 Propterea
2723 892 2765 946 si
2798 891 3065 960 quidpiam
3100 890 3315 959 quidem
3346 889 3471 943 dicit
3494 889 3781 943 excelsum
3811 896 3863 937 et

2270 986 2514 1048 sublime,
2548 983 2647 1036 hoc
2678 982 2807 1036 dicit
2837 982 3068 1036 breviter
3095 999 3107 1034 :
3143 979 3360 1033 humilia
3388 988 3564 1032 autem
3606 979 3861 1041 dispersa

2278 1082 2402 1126 sunt
2446 1074 2496 1126 in
2545 1075 2724 1128 mttltis
2755 1076 2884 1131 locis
2923 1073 3196 1143 Epistolae.
3243 1074 3308 1128 Et
3348 1075 3426 1131 sic
3470 1074 3791 1131 ostenditur
3822 1075 3870 1129 id

2278 1164 2418 1231 quod
2452 1173 2533 1218 est
2563 1164 2830 1219 excelsum
2874 1175 2926 1219 et
2956 1165 3223 1219 sublime:
3256 1179 3381 1219 nam
3411 1166 3554 1237 quod
3596 1177 3684 1224 est
3718 1166 3873 1220 valde

2280 1251 2499 1319 humile,
2550 1271 2654 1309 non
2690 1255 2815 1308 sinit
2846 1264 2902 1308 ut
2952 1255 3019 1309 de
3064 1254 3344 1311 divinitate
3390 1258 3755 1326 suspicemur.
3800 1259 3871 1312 Ita

2281 1343 2366 1399 hic
2395 1360 2605 1415 quoque
2630 1345 2768 1415 quod
2803 1354 2970 1399 tutum
3012 1355 3094 1401 est
3130 1361 3373 1411 servans,
3410 1347 3637 1403 humilia
3674 1350 3874 1402 huma-

2280 1435 2434 1489 nitati
2478 1436 2720 1505 adjungit
2751 1454 2762 1488 :
2796 1436 2847 1489 in
2889 1450 3050 1490 causa
3084 1447 3260 1490 autem
3298 1447 3433 1501 erat,
3466 1437 3606 1509 quod
3642 1440 3721 1493 illi
3771 1456 3874 1493 non

2282 1537 2500 1597 possent
2534 1527 2846 1597 perfectiora
2876 1528 3085 1582 audire.
3119 1528 3230 1583 lloc
3270 1531 3500 1584 maxime
3529 1530 3878 1601 significabat

2283 1618 2334 1671 in
2368 1618 2603 1688 Epistula
2637 1619 2701 1673 ad
2752 1618 3081 1687 Corinthios,
3124 1619 3347 1675 dicens:
3378 1619 3504 1674 Cum
3547 1621 3686 1674 enim
3718 1623 3876 1690 fuerit

2282 1710 2412 1763 inter
2472 1727 2557 1765 vos
2609 1711 2747 1765 zelus
2797 1722 2842 1766 et
2905 1713 3191 1777 contentio,
3239 1728 3406 1767 nonne
3459 1715 3697 1767 carnales
3762 1714 3877 1767 estis

2289 1802 2362 1873 (1.
2396 1801 2515 1856 Cor.
2544 1804 2596 1857 '5.
2627 1804 2725 1872 '5)?
2768 1802 2900 1858 Vide
2949 1814 3127 1858 autem
3183 1804 3405 1857 multam
3461 1805 3579 1875 ejus
3640 1809 3878 1875 pruden-

2286 1893 2413 1947 tiam
2445 1910 2458 1945 :
2491 1908 2681 1963 nempe
2711 1909 2869 1963 quam
2902 1904 3261 1964 congruenter
3302 1905 3356 1949 et
3386 1898 3780 1951 convenienter
3821 1913 3877 1951 se

2283 1995 2431 2054 gerat
2459 1984 2513 2038 in
2536 1984 2806 2055 subjectos
2831 1986 3192 2055 aegritudines.
3216 1986 3348 2040 Nam
3382 1988 3491 2041 illic
3516 1987 3740 2058 quidem
3775 1990 3876 2041 im-

2287 2073 2546 2129 becillitas
2591 2090 2779 2144 magna
2824 2090 2889 2129 ex
2938 2087 3088 2145 parte
3126 2077 3390 2131 existebat
3432 2094 3497 2132 ex
3544 2082 3875 2149 ignorantia,

2286 2167 2369 2221 vel
2396 2168 2575 2237 potius
2614 2184 2680 2223 ex
2724 2170 2997 2238 peccatis;
3034 2169 3121 2224 hic
3151 2179 3328 2225 autem
3363 2186 3466 2226 non
3514 2189 3579 2227 ex
3608 2177 3876 2243 peccatis,

2291 2258 2383 2312 sed
2412 2273 2474 2312 ex
2506 2260 2904 2314 continentibus
2931 2260 3328 2316 afﬂictionibus.
3359 2263 3426 2317 Et
3470 2264 3590 2318 ideo
3620 2280 3753 2319 usus
3798 2276 3880 2320 est

2291 2352 2451 2407 etiam
2496 2352 2818 2406 dictionibus
2865 2368 2983 2421 quae
3029 2356 3237 2423 possint
3284 2355 3572 2410 ostendere
3616 2357 3880 2411 dim-ren-

2292 2442 2437 2504 tiam,
2469 2442 2577 2494 illic
2599 2441 2805 2507 dicens,
2836 2442 3083 2497 Carnales
3113 2446 3238 2515 facti
3267 2447 3414 2511 estis;
3439 2446 3523 2500 hic
3556 2464 3707 2511 vero,
3742 2448 3879 2515 Quit

2292 2536 2463 2605 major
2502 2545 2617 2590 erat
2654 2536 2829 2601 dolor,
2866 2537 3089 2594 hebetes
3127 2538 3251 2593 facti
3300 2541 3451 2594 estis.
3488 2541 3565 2594 llli
3595 2557 3702 2594 non
3733 2544 3878 2595 enim

2293 2641 2396 2679 non
2426 2634 2716 2697 potuerunt
2744 2626 2904 2692 ferre,
2939 2630 3104 2699 utqui
3138 2638 3320 2684 essent
3345 2631 3620 2695 carnales;
3659 2632 3745 2684 isti
3778 2648 3883 2685 au-

2293 2726 2400 2772 tem
2434 2726 2740 2785 potuerunt.
2776 2718 2965 2773 Dicere
2987 2720 3155 2787 enim,
3202 2720 3453 2788 Quoniam
3481 2723 3762 2776 imbecilles
3796 2729 3877 2792 {a-

2293 2807 2358 2860 cti
2406 2807 2523 2860 estis
2563 2808 2629 2859 ad
2661 2808 2994 2872 audiendum,
3046 2818 3128 2863 est
3169 2810 3515 2881 signiﬁcantis
3557 2813 3702 2882 quod
3750 2815 3880 2867 olim

2298 2897 2493 2953 fuerint
2534 2898 2646 2952 sani
2676 2911 2729 2953 et
2761 2897 2925 2954 fortes
2955 2902 3223 2971 animique
3266 2903 3539 2959 alacritate
3584 2905 3879 2970 ferventes,

2296 2997 2349 3042 et
2388 2997 2572 3057 postea
2627 2989 2726 3043 hoc
2766 2989 2833 3043 de
2878 2992 2955 3044 eis
2987 3001 3229 3046 testatur.
3274 2992 3340 3047 Et
3368 2996 3490 3064 [acti
3533 2997 3653 3049 estis
3697 2999 3884 3064 quibus

2297 3081 2423 3133 lacte
2442 3097 2565 3149 opus
2593 3082 2677 3147 sit,
2709 3097 2807 3135 non
2850 3084 3014 3137 solido
3052 3086 3181 3139 cibo.
3227 3085 3452 3156 Semper
3481 3087 3563 3141 lae
3592 3099 3749 3143 vocat
3784 3089 3886 3143 btt-

2298 3172 2475 3226 tnilem
2504 3187 2829 3240 sermonem,
2863 3185 2919 3230 et
2963 3175 3048 3229 hic
3094 3185 3148 3231 et
3177 3177 3306 3232 illic.
3338 3177 3463 3232 Cum
3506 3181 3775 3247 deberetis,
3811 3182 3887 3236 in-

2298 3266 2430 3333 quit,
2455 3282 2560 3319 esse
2582 3267 2809 3337 magistri
2831 3279 3037 3339 propter
3066 3280 3262 3342 tempus
3294 3288 3392 3327 :ac
3421 3276 3464 3328 si
3496 3275 3717 3341 diceret,
3744 3278 3885 3333 Pro-

2299 3365 2417 3424 pter
2450 3356 2587 3424 quod
2621 3358 2849 3410 maxime
2875 3358 3121 3414 dissoluti
3153 3373 3207 3415 et
3234 3365 3409 3432 supini
3436 3364 3561 3421 facti
3585 3368 3735 3433 estis,
3762 3386 3888 3438 pro-

2299 3457 2418 3516 pter
2448 3447 2498 3501 id
2531 3450 2759 3502 maxime
2788 3450 2995 3506 debetis
3042 3469 3161 3508 esse
3202 3453 3390 3523 fortes,
3440 3473 3632 3527 nempe
3666 3473 3885 3534 propter

2302 3548 2527 3607 tempus.
2572 3539 2677 3594 Lac
2703 3552 2853 3594 vocat
2880 3541 3133 3598 lmmilcm
3169 3561 3472 3601 sermonem
3501 3551 3643 3618 quod
3676 3567 3889 3608 convc-

2302 3630 2413 3681 niat
2439 3630 2851 3698 simplicioribus
2884 3652 2895 3685 :
2924 3634 3023 3689 hoc
3051 3646 3226 3691 autem
3265 3648 3347 3692 est
3391 3642 3717 3695 contrarimn
3762 3661 3888 3712 per-

2303 3716 2633 3787 fectioribns,
2668 3730 2720 3775 et
2764 3732 2839 3775 est
2878 3725 3097 3779 noxium
3132 3728 3181 3779 in
3233 3727 3297 3781 iis
3341 3730 3637 3784 immorari.
3680 3735 3887 3796 Quam-

2297 3815 2478 3870 obrem
2509 3828 2614 3869 non
2648 3814 2930 3884 oportebat
2968 3830 3107 3870 nunc
3139 3816 3321 3871 inferri
3353 3818 3560 3888 legalis,
3597 3836 3776 3890 neque
3806 3841 3873 3879 ex

2296 3906 2375 3958 his
2404 3906 2515 3959 fieri
2568 3906 3019 3975 comparationem
3045 3925 3058 3960 :
3083 3910 3205 3977 quia
3231 3910 3494 3978 pontifex,
3538 3922 3593 3966 et
3621 3916 3749 3983 quia
3798 3934 3886 3970 sa-

2294 3998 2567 4061 criﬁcavit,
2609 4009 2663 4052 et
2710 3999 2880 4051 orarit
2923 4012 3042 4053 cum
3091 4001 3324 4055 clamore
3358 4011 3407 4055 et
3455 4005 3877 4073 supplicatione.

2296 4087 2424 4141 Vide
2451 4103 2579 4157 ergo
2606 4089 2873 4157 quomodo
2918 4089 3030 4144 hmc
3063 4091 3214 4144 nobis
3241 4091 3456 4146 fastidio
3503 4095 3649 4156 sint;
3683 4098 3780 4151 scd
3816 4116 3880 4153 ea

2294 4180 2411 4231 illos
2448 4189 2570 4233 tunc
2603 4182 2927 4247 nutriebant,
2959 4198 3130 4252 neque
3157 4197 3377 4254 usquam
3406 4200 3465 4239 ea
3503 4185 3877 4247 fastidiebam.

2296 4268 2460 4323 Verus
2483 4284 2611 4339 ergo
2640 4270 2790 4325 cibus
2816 4283 2938 4326 sunt
2970 4273 3058 4325 Dei
3086 4274 3318 4343 eloquia,
3352 4291 3470 4345 qua:
3496 4279 3733 4332 animam
3773 4299 3878 4335 nn-

2292 4360 2471 4413 triuut.
2503 4362 2651 4426 Quod
2675 4372 2850 4415 autem
2880 4366 3098 4417 verbum
3127 4364 3194 4419 sit
3227 4382 3367 4433 esca,
3398 4368 3521 4423 hinc
3540 4371 3715 4438 palam
3746 4385 3835 4428 est
3862 4391 3876 4428 :

2295 4450 2430 4503 Dabo
2467 4453 2629 4513 enim,
2674 4454 2859 4523 inquit,
2903 4457 2972 4508 eis
3016 4474 3114 4508 non
3156 4460 3340 4525 {autem
3384 4462 3550 4529 panis,
3594 4478 3683 4516 nec
3731 4466 3874 4519 sitim

2287 4557 2447 4605 (il/ua},
2477 4545 2563 4592 sed
2585 4544 2771 4608 [amem
2791 4546 3029 4596 audiendi
3065 4547 3192 4598 verbi
3224 4546 3431 4601 Domini
3455 4550 3633 4619 (Amos
3659 4552 3714 4604 8.
3753 4557 3870 4624 Η).

2286 4632 2389 4682 Lac
2418 4634 2550 4685 vobis
2582 4645 2751 4701 potum
2782 4635 2918 4699 a'ea'i,
2954 4654 3052 4689 non
3098 4654 3259 4690 escam
3282 4639 3357 4711 (1.
3392 4640 3511 4694 Cor.
3542 4643 3595 4696 5.
3628 4643 3705 4713 9.).
3737 4645 3871 4700 Non

2284 4724 2439 4785 dixit,
2486 4723 2676 4789 Nutrii,
2720 4726 3012 4780 ostendens
3048 4729 3096 4779 id
3144 4744 3247 4782 non
3279 4745 3399 4784 esse
3451 4734 3868 4801 nutrimentum,

2284 4815 2375 4867 sed
2407 4816 2455 4867 id
2488 4832 2604 4869 esse
2641 4817 2777 4870 sicut
2810 4818 3117 4884 infantibus,
3147 4821 3235 4889 qui
3269 4838 3372 4877 non
3402 4836 3624 4893 possunt
3670 4831 3867 4884 nutriri

2285 4922 2417 4973 pane
2451 4924 2462 4957 ε
2491 4908 2551 4958 iis
2583 4908 2723 4960 enim
2758 4926 2860 4961 non
2906 4911 3062 4963 datur
3093 4922 3265 4980 polus,
3316 4914 3409 4969 sed
3453 4927 3535 4969 est
3579 4918 3658 4971 eis
3691 4923 3872 4975 nutri—

2283 5010 2515 5050 mentum
2549 5014 2643 5066 pro
2668 5010 2816 5068 potu.
2852 5001 3036 5071 Neque
3075 5002 3232 5069 dixit,
3285 5004 3431 5074 Opus
3460 5006 3689 5072 habetis,
3739 5013 3865 5075 sed,

2283 5092 2425 5144 Facti
2458 5094 2570 5144 estis
2598 5094 2773 5161 quibus
2816 5094 2943 5146 lacte
2968 5112 3094 5163 opus
3121 5097 3205 5158 sit,
3242 5114 3340 5149 non
3377 5100 3541 5152 solido
3584 5102 3729 5165 cibo;
3762 5106 3867 5160 hoc

2279 5198 2376 5248 est,
2412 5185 2515 5237 νος
2537 5186 2801 5243 voluistis.
2835 5202 2925 5239 vos
2958 5190 3101 5255 ipsos
3129 5204 3193 5241 eo
3214 5190 3517 5259 redegistis,
3547 5203 3599 5245 et
3627 5194 3690 5244 ad
3722 5194 3865 5251 hanc

2276 5277 2599 5344 compuli5tis
2642 5278 3038 5331 necessitatem.
3082 5280 3167 5332 15.
3207 5279 3384 5333 Omnis
3417 5284 3548 5335 enim
3596 5286 3681 5352 qui
3711 5285 3862 5340 lactis

2274 5378 2344 5418 est
2393 5369 2661 5435 particeps,
2710 5384 2891 5436 expers
2929 5380 3000 5421 est
3044 5374 3290 5423 sermonis
3314 5374 3530 5442 justitite
3561 5390 3578 5426 :
3610 5381 3861 5444 parvulus

2275 5459 2401 5509 enim
2432 5469 2517 5510 est.
2557 5458 2690 5523 Quid
2722 5470 2803 5511 cst
2849 5475 3027 5513 sermo
3056 5461 3275 5528 justitize
3299 5466 3319 5513 ζ’
3349 5464 3442 5515 llic
3487 5466 3612 5516 mihi
3643 5467 3859 5523 videtur

2272 5550 2429 5599 etiam
2464 5549 2582 5601 vita:
2617 5550 2873 5602 rationem
2896 5550 3231 5603 stthindicaro
3256 5572 3265 5602 :
3290 5554 3427 5621 qttnd
3448 5556 3659 5623 quidem
3694 5558 3857 5613 Chri-

2271 5649 2382 5691 stus
2398 5655 2606 5707 qnoque
2627 5639 2981 5703 diccb;tt,t\'isi
3000 5642 3325 5695 abundaverit
3342 5647 3535 5701 iustitia
3553 5658 3716 5700 vestra
3736 5652 3855 5718 plus

2269 5748 2414 5793 quant
2444 5732 2719 5784 scribarum
2750 5742 2793 5785 et
2841 5731 3217 5785 l’ltm'istrorunt
3263 5734 3471 5803 (Matth.
3509 5738 3559 5791 5.
3591 5738 3706 5805 ΞΟ).
3742 5740 3853 5796 lloc
