4020 6444
987 331 1051 388 lN
1092 329 1308 389 EPIST.
1354 326 1443 383 A‘D
1482 320 1847 381 llEBR.-EOS.
1891 317 2044 375 CAP.
2086 322 2153 378 Υ.
2195 314 2427 373 illiilli...
2464 309 2604 369 VIII.
3411 297 3485 347 Ἠ

1872 431 2035 484 alium
2061 426 2359 481 introduxit
2388 424 2552 479 Deum
2574 463 2587 487 ,
2638 422 2726 493 qui
2762 436 2866 476 non
2898 428 3001 477 est.
3048 420 3184 475 Ecce
3232 420 3319 475 hic
3352 420 3471 490 plus

160 340 234 397 Β.

169 454 291 517 ipse
317 458 532 515 quoque
560 441 710 506 dicit,
747 439 1029 510 Imperitos
1078 437 1325 493 sermonis
1356 439 1578 507 justitias
1612 454 1631 491 .'
1665 438 1768 493 huc

162 548 268 603 αι,
298 537 585 607 imperitus
612 533 966 606 philosophia:
988 546 1258 601 superum,
1302 546 1408 586 non
1434 539 1611 603 potest
1639 546 1765 586 sus-

160 631 351 700 cipere
397 630 558 683 vitam
593 628 882 697 perfectam
928 633 985 679 et
1027 634 1292 678 exactam.
1356 624 1462 677 Ant
1499 622 1763 693 justitiam

158 720 247 775 hic
277 719 410 775 dicit
436 718 728 784 Christum,
776 715 1163 782 excelsumque
1190 722 1244 768 et
1274 707 1558 767 sublimem
1589 713 1659 767 de
1698 726 1762 768 ea

154 829 216 867 re
245 825 580 867 sermonem.
614 811 790 878 Atque
829 808 964 862 dixit
999 808 1223 878 quidem
1270 805 1415 877 quod
1447 806 1673 863 hebetes
1705 816 1761 862 et

155 902 414 959 imbecilli
443 902 566 957 facti
598 901 729 967 sint,
761 899 1029 956 undeuam
1076 910 1278 963 autem,
1325 900 1563 955 nondum
1605 898 1761 955 addi-

153 995 253 1060 dit,
289 993 423 1063 ipsis
455 992 505 1047 id
535 991 815 1047 sciendum
842 990 1141 1054 dimittens,
1168 998 1224 1046 et
1249 993 1535 1047 molestam
1564 992 1757 1049 nolens

157 1089 396 1147 reddere
420 1088 744 1143 orationem.
770 1086 827 1142 in
858 1086 1065 1149 Calatis
1092 1095 1269 1141 autem
1298 1095 1355 1142 et
1400 1084 1625 1140 miratus
1656 1092 1763 1149 est.

156 1192 212 1237 et
243 1181 555 1237 dubitarit:
584 1180 725 1251 quod
772 1180 942 1235 multo
987 1178 1162 1248 majus
1207 1188 1294 1234 est
1340 1176 1407 1232 ad
1436 1175 1764 1232 consolatio-

157 1288 307 1337 nem,
358 1283 415 1325 ut
442 1273 531 1341 qui
560 1285 851 1340 numquam
883 1278 1256 1342 exspectasset
1283 1268 1401 1325 fore
1440 1277 1498 1323 ut
1533 1266 1636 1323 hoc
1665 1269 1763 1323 lie~

156 1376 259 1420 ret.
296 1362 412 1419 lioc
439 1366 583 1417 enim
613 1372 699 1417 est
722 1361 1010 1417 dubitatio.
1042 1359 1202 1417 Vides
1244 1360 1403 1415 aliam
1431 1373 1552 1414 esse
1585 1358 1761 1415 infan-

155 1455 336 1510 tiaml
388 1453 541 1509 vides
592 1454 754 1508 aliam
803 1468 926 1509 esse
970 1451 1397 1523 perfectionem?
1448 1449 1762 1507 Efficiamur

157 1563 287 1618 ergo
318 1547 540 1619 perfecti
585 1546 685 1601 hac
731 1545 1105 1617 permotione:
1140 1545 1287 1607 licet,
1331 1544 1546 1600 etiamsi
1590 1542 1761 1598 simus

155 1639 311 1714 pueri
343 1648 398 1695 et
425 1638 675 1709 juvenes,
705 1636 771 1692 ad
805 1637 950 1691 illam
976 1637 1164 1692 venire
1190 1635 1579 1708 perfectionem
1613 1653 1626 1684 τ
1655 1650 1761 1689 non

156 1742 239 1787 est
264 1731 419 1787 enim
441 1740 668 1795 naturze,
698 1728 792 1784 sed
824 1727 1056 1783 virtutis.
1094 1729 1183 1785 M.
1218 1725 1572 1799 Perfectorum
1592 1736 1761 1779 autem

156 1834 229 1878 est
278 1824 479 1878 solidus
531 1823 674 1877 cibus
705 1837 923 1878 :eorum
975 1822 1065 1891 qui
1108 1836 1203 1891 pro
1232 1821 1345 1891 ipsa
1399 1819 1766 1873 consuetudine

156 1917 464 1971 exercitatos
493 1915 678 1969 habent
711 1930 890 1970 sensus
916 1914 984 1967 ad
1016 1913 1373 1968 discretionem
1403 1910 1524 1966 boni
1546 1921 1594 1967 et
1616 1895 1759 1965 mali.

156 2010 295 2079 Quid
341 2009 513 2068 vero?
569 2024 676 2062 non
719 2005 991 2066 habebunt
1040 2005 1115 2060 illi
1160 2019 1357 2061 sensus
1408 2005 1763 2070 exercitatos,

157 2118 336 2172 neque
354 2101 597 2159 sciebant
614 2098 739 2170 quid
768 2100 990 2163 bonum,
1011 2095 1139 2167 quid
1171 2097 1368 2151 malum
1386 2096 1409 2151 ἲ
1427 2096 1510 2151 Ab
1527 2110 1593 2151 eo
1619 2110 1764 2151 nunc

158 2210 265 2250 non
286 2194 466 2263 agitur
490 2191 559 2246 de
588 2192 719 2257 vita,
752 2188 967 2261 quando
993 2189 1145 2255 dicit,
1167 2188 1246 2242 Ad
1272 2189 1625 2243 discretionem
1646 2188 1765 2242 boni

157 2293 203 2338 et
239 2282 366 2336 ntali
384 2298 404 2346 ;
428 2281 530 2338 hoc
546 2282 691 2335 enim
723 2288 900 2350 potest
929 2278 1152 2348 quilibet
1178 2280 1341 2342 seire,
1372 2288 1533 2335 etest
1567 2277 1761 2345 facile;

158 2372 253 2429 sed
284 2373 353 2429 de
384 2372 551 2428 rectis
576 2381 628 2428 ct
659 2370 983 2427 subinnibus
1013 2370 1379 2440 dogmatibus,
1411 2379 1466 2427 et
1492 2369 1560 2426 de
1584 2371 1765 2441 pravis

160 2464 565 2534 humilibusque
612 2472 668 2517 et
706 2461 955 2532 abjeetis.
986 2460 1167 2517 infans
1204 2475 1309 2516 non
1341 2470 1521 2531 potest
1564 2461 1763 2516 malum

158 2567 211 2612 et
242 2557 444 2610 bonum
469 2555 656 2610 cibum.
678 2554 1048 2624 distinguere:
1079 2566 1223 2623 saape
1253 2553 1467 2623 quidem
1494 2562 1553 2608 et
1573 2553 1764 2624 pulve-

158 2662 271 2702 rem
318 2648 372 2700 in
423 2660 485 2701 os
535 2645 726 2714 injicit,
775 2655 825 2699 et
876 2643 1030 2714 quod
1066 2656 1147 2699 est
1189 2646 1411 2701 noxium
1451 2644 1667 2716 accipit,
1711 2657 1766 2703 et

159 2738 340 2792 omnia
366 2736 493 2791 facit
526 2737 660 2791 citra
683 2735 1095 2792 discretionem.
1119 2734 1225 2792 Sed
1254 2753 1361 2792 non
1392 2747 1477 2794 est
1496 2738 1765 2807 ejusmodi

161 2831 209 2884 iii
236 2829 384 2901 quod
434 2840 515 2884 est
546 2826 865 2899 perlectum.
899 2826 1060 2883 Tales
1109 2838 1235 2883 sunt
1278 2828 1370 2900 qui
1401 2829 1654 2886 omnibus
1682 2842 1765 2887 te-

161 2936 308 2976 tuere
354 2919 595 2974 animum
642 2918 925 2984 adhibent,
982 2928 1037 2974 et
1077 2920 1201 2975 sine
1247 2920 1563 2978 discrimine
1606 2938 1767 2981 aures

161 3015 410 3087 pru'bcut
438 3032 451 3068 :
484 3021 541 3068 et
568 3028 662 3068 eos
702 3011 1053 3083 reprehendit
1096 3023 1152 3067 ut
1178 3014 1266 3084 qui
1296 3023 1501 3069 temere
1528 3014 1764 3072 circum-

162 3107 428 3173 ferautur,
459 3114 514 3161 et
540 3119 683 3161 nunc
710 3105 927 3176 quidem
961 3105 1066 3168 his,
1100 3121 1245 3160 nunc
1272 3122 1400 3162 vero
1431 3108 1537 3163 illis
1579 3123 1638 3163 se
1663 3109 1766 3167 de-

162 3197 288 3254 dant
319 3218 333 3254 :
361 3197 507 3269 quod
536 3200 700 3253 ctiam
736 3198 788 3251 in
827 3198 934 3252 fine
981 3196 1369 3264 subindicavit,
1400 3199 1611 3267 dicens,
1656 3200 1764 3257 Do-

161 3291 339 3345 ctrinis
378 3290 533 3344 uariis
568 3299 616 3343 et
643 3288 925 3360 peregrinis
963 3290 1122 3343 nolite
1148 3289 1367 3353 abduci;
1399 3290 1502 3346 hoc
1548 3302 1659 3360 est,
1686 3296 1768 3349 Ad

162 3382 516 3437 discretionem
542 3382 660 3436 boni
689 3386 737 3435 et
773 3381 916 3435 ntali.
951 3380 1085 3436 Nam
1126 3391 1313 3452 guttur
1344 3382 1559 3452 quidem
1587 3396 1764 3455 gustat

162 3472 332 3537 cibos,
362 3472 544 3526 anima
571 3486 702 3526 vero
725 3485 1031 3528 sermones.

228 3563 282 3617 4.
343 3562 617 3631 Quomodo
689 3563 1026 3617 discernendo
1085 3564 1250 3619 errori
1310 3566 1420 3635 apti
1469 3566 1762 3636 clﬁcientur.

165 3652 452 3724 Scriptura:
496 3670 623 3723 quos
667 3656 935 3709 habuerint
974 3659 1297 3725 interpretes.
1346 3687 1420 3698 —
1470 3656 1578 3713 Nos
1625 3669 1763 3729 qu‘o-

156 3762 255 3813 que
294 3746 403 3834 hoc
443 3745 715 3801 discamus
753 3764 766 3798 :
810 3746 854 3801 si
884 3745 1120 3801 audieris
1160 3746 1310 3816 quod.
1341 3762 1444 3801 nou
1493 3746 1564 3801 sit
1589 3745 1747 3803 Cra:-

156 3850 276 3905 eus,
327 3850 432 3892 nec
471 3835 721 3901 Iudaeus,
765 3851 835 3893 ne
867 3838 1110 3906 protinus
1150 3838 1429 3894 existimes
1463 3853 1585 3894 eum
1625 3853 1746 3896 esse

150 3927 515 3985 Christianum
537 3971 555 3995 ,
587 3928 683 3985 sed
724 3929 885 3983 etiam
913 3928 1017 3985 alia
1046 3929 1225 3985 omnia
1268 3929 1546 3985 examines
1576 3946 1590 3983 :
1620 3944 1744 3985 nam

153 4030 203 4074 et
233 4020 545 4087 Maniehzei,
592 4028 648 4076 et
673 4034 864 4075 omnes
906 4020 1141 4077 haareses
1173 4024 1312 4076 hanc
1341 4036 1638 4092 personam,
1664 4023 1741 4079 in-

152 4110 414 4178 duerunt,
456 4120 514 4166 ut
551 4110 635 4167 sic
684 4110 959 4180 decipiant
1009 4112 1366 4180 simpliciores
1396 4131 1412 4169 :
1442 4112 1537 4169 sed
1568 4112 1611 4168 si
1645 4113 1741 4168 ha-

153 4203 369 4259 beamus
412 4202 581 4258 animi
624 4217 818 4259 sensus
863 4203 1192 4259 exercitatos
1241 4203 1309 4258 ad
1354 4203 1739 4260 discretionem

150 4294 269 4350 boni
311 4305 370 4352 et
409 4295 569 4363 mali,
602 4296 902 4365 poterimus
931 4310 1027 4351 eos
1076 4295 1410 4351 discernere.
1455 4296 1740 4363 Quomodo

148 4397 319 4444 autem
344 4389 481 4443 lium
505 4401 699 4443 sensus
737 4387 910 4442 nostri
931 4388 1257 4443 exercitati?
1288 4390 1329 4443 A
1358 4389 1612 4444 continua
1642 4404 1737 4445 au-

147 4480 379 4543 ditione.
411 4497 441 4537 a
486 4481 888 4549 Scripturarum
922 4480 1135 4549 peritia.
1179 4480 1405 4549 Quando
1434 4482 1577 4536 enim
1610 4497 1734 4551 pro-

149 4575 483 4641 posuerimus
509 4589 697 4629 corum
742 4588 983 4629 errorem
1006 4615 1020 4635 ,
1058 4582 1114 4628 et
1155 4572 1317 4628 hodie
1344 4575 1645 4642 audiveris,
1680 4585 1736 4631 et

144 4680 257 4720 cras
285 4682 393 4721 non
422 4674 572 4721 recte
606 4665 809 4721 habere
849 4665 1167 4737 probaveris
1188 4704 1202 4729 ,
1253 4675 1425 4721 totum
1453 4667 1685 4722 didicisti
1715 4708 1731 4735 ,

145 4763 302 4811 totum
347 4755 648 4825 cognovisti
677 4773 690 4809 :
722 4764 776 4812 et
807 4756 852 4811 si
894 4755 1055 4812 hodie
1086 4772 1193 4812 non
1229 4757 1728 4827 comprehendisti,

140 4861 250 4903 eras
286 4846 742 4917 comprehendes.
788 4846 985 4902 Eorum
1008 4889 1022 4911 ,
1051 4847 1263 4919 inquit,
1305 4850 1392 4921 qui
1434 4866 1610 4904 sensus
1633 4850 1730 4904 Ita-

142 4937 248 4993 bent
277 4939 605 4994 exercitum.
641 4937 806 4996 Vides
831 4937 977 5006 quod
1007 4954 1168 4994 aures
1196 4950 1394 4994 nostra:
1430 4942 1539 4996 sint
1566 4956 1727 4997 exer-

140 5031 315 5086 cenda:
354 5030 557 5086 divinis
596 5030 967 5086 auditionibus
992 5072 1007 5096 ,
1058 5042 1116 5086 ut
1145 5046 1252 5086 non
1284 5032 1533 5088 dicantur
1567 5049 1723 5104 pere-

140 5124 321 5191 grina?
370 5122 724 5190 Exercitatos,
777 5124 983 5195 inquit,
1036 5125 1118 5179 ud‘
1168 5125 1521 5179 discretionem
1566 5145 1579 5180 :
1624 5128 1726 5183 hoc

138 5224 254 5283 est,
305 5230 431 5273 esse
484 5216 737 5287 peritum.
788 5217 941 5270 Alius
994 5217 1208 5286 quidem
1273 5216 1405 5272 dicit
1450 5232 1555 5273 non
1603 5234 1724 5275 esse

140 5309 605 5374 resurrectionem;
662 5308 801 5362 alius
855 5316 1034 5362 autem
1078 5323 1149 5363 ex
1184 5310 1376 5363 futuris
1432 5309 1561 5364 nihil
1613 5326 1717 5365 ex-

137 5408 367 5467 spectat;
396 5400 531 5454 alius
554 5400 717 5454 alium
746 5398 880 5454 dicit
916 5400 1081 5455 Deum
1111 5416 1126 5464 ;
1168 5401 1306 5457 alius
1332 5416 1361 5455 a
1401 5400 1567 5456 Maria
1596 5417 1717 5457 eum

139 5486 320 5548 haltere
346 5492 688 5563 principium.
740 5492 875 5548 Vide
919 5502 1100 5549 autem
1147 5495 1397 5565 protinus
1443 5496 1719 5565 quomodo

138 5591 310 5638 omnes
336 5592 463 5638 sunt
489 5583 622 5653 lapsi
645 5598 715 5639 ex
738 5583 1208 5652 immoderationc,
1235 5602 1357 5642 cum
1380 5588 1470 5641 alii
1499 5588 1716 5660 quidem

141 5671 277 5741 plus,
323 5673 413 5728 alii
467 5688 599 5731 vero
654 5675 833 5730 minus
882 5673 1187 5733 habuerint.
1234 5677 1481 5750 Exempli
1526 5695 1712 5750 causa,

143 5764 291 5829 prima
335 5765 552 5838 quidem
600 5767 842 5825 omnium
869 5766 1093 5826 htcrcsis
1137 5780 1219 5827 est
1246 5769 1531 5829 Marcionis
1577 5790 1589 5827 :
1626 5774 1713 5829 illa

1868 531 1971 576 est.
2005 520 2131 574 Post
2161 518 2305 572 illam
2337 514 2560 570 interesis
2590 511 2835 578 Sabellii,
2869 526 2987 581 qua!
3020 511 3149 567 dicit
3180 510 3377 565 Filium
3406 520 3463 565 et

1870 611 2084 667 Patrem
2126 618 2182 664 et
2209 606 2469 679 Spiritum
2521 620 2681 659 uuam
2736 617 2860 659 esse
2906 615 3219 673 personam.
3263 600 3470 658 Deinde

1868 702 2099 757 Marcelli
2148 698 2373 755 h-eresis
2413 705 2469 751 et
2500 695 2748 757 Photini.
2787 689 2909 765 qua:
2946 694 3058 764 ipsa
3089 707 3306 764 quoque
3351 692 3469 749 lum

1865 798 1981 869 ipsa
2009 792 2209 866 asserit
2245 799 2300 847 et
2326 788 2604 861 prmdieat.
2636 787 2701 841 lit
2732 785 2881 841 Pauli
2914 784 3252 843 Satunsateni
3297 784 3471 839 luere-

1862 892 1939 945 sis
1962 928 1976 954 ,
2022 886 2209 942 dicens
2236 897 2360 939 eum
2405 878 2660 935 habuisse
2698 878 2909 933 initium
2950 892 3017 933 ex
3045 876 3231 933 Marii.
3263 874 3469 933 lluind.

1865 977 2087 1035 hzrresis
2118 977 2535 1037 Mauiebmorum
2566 992 2580 1029 :
2607 974 2725 1029 haec
2754 983 2837 1029 est
2885 974 3031 1026 enim
3082 969 3323 1023 onmiutu
3374 983 3466 1021 ru-

1861 1072 2194 1129 ceutissima.
2226 1069 2353 1126 Post
2376 1069 2492 1123 illas
2521 1066 2745 1122 hmresis
2770 1064 2905 1119 Arii.
2930 1062 3067 1119 Sunt
3095 1072 3275 1115 autent
3299 1060 3463 1114 etiam

1859 1165 2002 1221 ali-.c.
2033 1164 2102 1219 Et
2124 1162 2247 1218 ideo
2279 1160 2439 1217 fidem
2467 1159 2796 1230 accepimus,
2824 1171 2892 1212 ne
2921 1167 3145 1210 necesse
3169 1151 3466 1207 habeamus

1860 1257 1927 1311 ad
1974 1254 2397 1312 innumerabiles
2444 1252 2683 1309 hmreses
2730 1247 3022 1314 accedere,
3075 1246 3368 1317 vexarique
3409 1253 3467 1301 et

1862 1365 1893 1402 ιι
1914 1348 2107 1404 olestia
2147 1345 2324 1411 allici,
2353 1344 2449 1401 sed
2476 1342 2623 1414 quod
2652 1342 2706 1398 ei
2733 1341 2823 1397 vel
2852 1337 3162 1405 addiderit,
3214 1337 3301 1394 vel
3329 1334 3460 1392 adon

1859 1438 2020 1496 merit
2064 1438 2333 1509 quispiam
2357 1480 2374 1506 ,
2417 1437 2469 1493 id
2498 1434 2875 1494 cxistimenius
2909 1447 3035 1489 esse
3072 1429 3460 1487 adulterinum.

1859 1530 1993 1587 Nam
2020 1531 2160 1585 sicut
2188 1531 2223 1585 ii
2267 1530 2356 1600 qui
2388 1528 2518 1583 dant
2569 1527 2817 1596 regulas,
2859 1540 2966 1581 non
3000 1537 3227 1581 necesse
3259 1522 3461 1578 habent

1860 1636 2144 1683 mensuras
2171 1621 2595 1675 innumerabiles
2614 1619 2829 1673 curiose
2860 1615 3159 1686 inquirere,
3192 1612 3287 1669 sed
3310 1611 3459 1668 illam

1855 1728 1976 1784 q-ne
2022 1712 2141 1768 data
2176 1710 2270 1765 fuit
2298 1712 2498 1783 jubent
2529 1718 2759 1766 tenere“:
2786 1707 2858 1762 ita
2897 1708 3060 1765 etiam
3091 1705 3147 1761 in
3192 1705 3458 1778 dogmati-

1858 1804 1976 1861 bus.
2007 1803 2114 1859 Sed
2141 1817 2301 1858 nemo
2327 1810 2443 1857 vult
2469 1800 2756 1857 attendere
2784 1796 3082 1868 Scripturis
3108 1814 3121 1852 ι
3150 1810 3273 1852 nam
3298 1796 3343 1852 si
3372 1805 3457 1851 ato

1856 1898 2221 1961 tenderemus,
2248 1909 2355 1949 non
2373 1895 2546 1949 solum
2574 1907 2681 1948 non
2710 1890 3074 1947 incideremus
3102 1889 3156 1943 in
3180 1902 3456 1955 errorem,

1854 1988 1951 2043 sed
1994 1987 2155 2043 etiam
2188 1985 2446 2057 deceptos
2484 1984 2840 2040 liberaremus
2860 2024 2875 2049 ,
2905 1990 2960 2037 ct
2984 1978 3396 2037 cxtraheremus
3425 1994 3455 2034 a

1856 2080 2131 2151 periculis.
2173 2078 2308 2134 Nam
2357 2078 2515 2133 miles
2563 2076 2719 2132 fortis
2750 2091 2859 2131 non
2904 2074 3011 2129 sibi
3058 2074 3237 2130 solum
3278 2080 3457 2143 potest

1851 2170 2139 2239 sufficere,
2167 2170 2265 2226 sed
2295 2169 2462 2225 etiam
2488 2168 2578 2240 qui
2608 2178 2694 2223 est
2727 2166 2879 2238 juxta
2910 2181 3033 2223 eum
3077 2166 3287 2221 socium
3319 2178 3455 2220 eou-

1856 2247 2107 2329 servare,
2140 2260 2293 2316 etab
2340 2260 2574 2315 hostium
2619 2274 2759 2314 noxa
2789 2257 3041 2313 liberare.
3088 2254 3242 2312 Nune
3271 2262 3452 2312 autem

1854 2370 1952 2409 nec
1968 2352 2112 2425 quod
2134 2354 2243 2409 sint
2263 2351 2484 2425 quidem
2504 2351 2798 2423 Scriptura:
2820 2360 3023 2406 norunt
3038 2348 3207 2420 aliqui
3227 2366 3241 2402 :
3265 2362 3427 2420 quam
3442 2379 3457 2390 -

1852 2461 2013 2517 quam
2058 2455 2283 2501 sanctus
2311 2444 2545 2516 Spiritus
2584 2451 2695 2497 tam
2740 2442 2912 2496 multa
2958 2439 3358 2495 administrarit
3400 2448 3458 2494 ut

1854 2553 1934 2594 eas
1963 2536 2391 2593 custodirentur.
2426 2534 2613 2591 Videte
2659 2542 2841 2589 autem
2884 2531 2953 2588 ab
2998 2531 3117 2603 ipso
3147 2538 3459 2602 repetentes

1854 2630 2038 2697 initio,
2093 2640 2153 2685 ut
2207 2629 2299 2685 Dei
2352 2628 2578 2685 discatis
2635 2625 2963 2682 iueﬂ'abilem
3012 2625 3401 2704 benignitatem
3434 2642 3455 2681 :

1857 2722 2041 2779 Mosen
2065 2721 2369 2793 inspiravit,
2395 2720 2607 2777 tabulas
2633 2718 2937 2789 insculpsit,
2966 2717 3321 2790 quadraginta
3338 2711 3457 2773 ditis

1853 2830 1977 2871 eum
1998 2814 2170 2870 tenuit
2197 2815 2247 2869 in
2267 2822 2471 2883 monte,
2496 2822 2553 2870 et
2578 2825 2764 2868 rursus
2786 2812 3006 2869 totidem
3030 2811 3255 2867 utdaret
3278 2812 3454 2882 legem

1854 2903 2174 2978 (Exacta).
2194 2905 2388 2961 Postea
2404 2913 2584 2958 autem
2610 2902 2754 2958 misit
2770 2902 3060 2974 prophetas
3073 2902 3211 2957 mala
3231 2915 3456 2971 perpes-

1850 3010 1941 3053 sos
1972 2995 2406 3051 innumerabilia.
2429 2994 2628 3065 Ingruit
2646 2994 2865 3060 bellum,
2884 3008 3073 3050 omnes
3097 2992 3454 3055 sustulerunt,

1850 3089 2269 3156 conscidernnt,
2302 3089 2477 3145 exusti
2520 3087 2734 3144 fuerunt
2759 3086 2904 3144 libri.
2932 3089 3113 3145 Alium
3151 3103 3340 3146 rursus
3372 3091 3454 3143 vi-

1852 3198 1967 3237 rum
2002 3181 2282 3252 inspiravit
2311 3181 2686 3237 admirabilem
2707 3223 2723 3250 ,
2757 3190 2815 3237 ut
2840 3181 2965 3238 illos
2992 3190 3292 3253 exponeret
3312 3224 3328 3251 .
3354 3183 3458 3243 Es-

1847 3272 2039 3340 dram,
2083 3272 2342 3341 inquam,
2387 3280 2445 3327 et
2473 3271 2602 3327 fecit
2629 3282 2690 3327 ut
2733 3282 3193 3343 eomponerenlur
3230 3288 3301 3333 ex
3326 3273 3456 3331 reli-

1850 3364 2020 3435 quiis.
2075 3363 2270 3419 Postea
2328 3372 2512 3425 autem
2572 3365 2785 3419 curavit
2842 3373 2901 3421 ut
2954 3364 3309 3435 Septuaginta
3362 3380 3457 3423 eas

1850 3456 2341 3527 interpretarentur
2369 3473 2383 3512 :
2410 3456 2490 3511 illi
2527 3470 2623 3513 eas
2667 3456 3182 3527 suntinterpretati.
3224 3455 3457 3517 Advenit

1849 3546 2129 3615 Christus,
2177 3565 2273 3605 eas
2300 3549 2562 3621 suscipit,
2594 3549 2829 3622 apostoli
2875 3550 2927 3605 in
2973 3565 3164 3607 omnes
3207 3550 3459 3608 dissenti-

1862 3657 1992 3706 nant
2021 3665 2037 3703 :
2067 3646 2323 3707 Christus
2348 3648 2475 3705 fecit
2502 3650 2659 3721 signa
2677 3658 2738 3706 et
2760 3649 3043 3707 miracula.
3067 3652 3207 3721 Quid
3230 3652 3472 3711 deinde!

1864 3743 1989 3800 Post
2011 3754 2117 3797 tam
2136 3741 2324 3811 multa,
2348 3751 2457 3798 tam
2478 3751 2732 3800 accurate
2750 3751 2923 3814 gesta,
2944 3744 3282 3815 scripserunt
3301 3744 3471 3805 etiam

1862 3835 2110 3907 apostoli,
2139 3835 2279 3891 sicut
2301 3836 2463 3891 etiam
2486 3836 2623 3893 dixit
2649 3836 2847 3893 Paulus
2876 3855 2889 3893 :
2918 3837 3127 3911 Scripta
3155 3849 3271 3895 sunt
3301 3850 3470 3897 autem

1860 3930 1928 3982 ad
1972 3939 2201 3983 nostram
2249 3928 2685 3994 admonitionem,
2715 3929 2785 3982 ad
2832 3945 2959 3997 quos
2988 3931 3117 3999 lines
3160 3933 3471 3987 saeculorum

1860 4030 2194 4091 pervenerunt
2212 4020 2289 4089 (l.
2314 4018 2438 4076 Cor.
2469 4020 2556 4075 10.
2588 4021 2699 4092 Η).
2722 4020 2789 4076 Et
2809 4019 3060 4077 Christus
3084 4021 3299 4079 dicebat
3326 4041 3339 4078 :
3368 4022 3470 4079 Er-

1859 4116 2002 4177 ratis,
2034 4113 2308 4167 nescientcs
2331 4111 2634 4183 Scripturas
2660 4112 2878 4185 (Matth.
2908 4114 3001 4169 Si.
3026 4114 3146 4187 29).
3182 4116 3250 4171 Et
3275 4132 3487 4187 rursus,

1856 4206 2068 4261 diccbat
2099 4205 2299 4263 Paulus
2327 4224 2340 4259 :
2373 4204 2472 4260 Per
2496 4207 2797 4277 patientiam
2814 4217 2863 4263 et
2889 4210 3292 4265 consolationem
3315 4210 3465 4268 Scri.

1858 4309 2126 4367 pturarum
2164 4315 2308 4368 spem
2347 4298 2627 4355 habeamus
2670 4298 2851 4371 (Rom.
2905 4301 2993 4358 15.
3033 4304 3125 4375 4);
3171 4314 3229 4360 et
3273 4320 3462 4364 rursus

1858 4389 2039 4445 Omnis
2064 4392 2322 4462 scriptura
2354 4392 2598 4447 diuinitus
2625 4393 2881 4463 inspirata
2911 4396 3161 4465 est‘utilis
3203 4397 3284 4465 (8.
3317 4396 3460 4453 Tim.

1852 4484 1907 4540 3.
1942 4488 2061 4556 tu“),
2096 4458 2182 4550 et,
2226 4482 2445 4539 Verbum
2491 4484 2683 4539 Christi
2709 4458 2905 4542 habitet
2934 4458 3158 4544 in.t'obis
3188 4458 3447 4547 abundan-

1854 4588 1925 4633 tcr
1954 4576 2091 4650 (Col.
2124 4578 2178 4634 ὃ.
2210 4578 2320 4649 iii).
2355 4578 2419 4632 Et
2449 4577 2712 4649 propheta
2739 4620 2755 4647 ,
2800 4578 2866 4633 In
2895 4582 3006 4652 lege
3033 4584 3149 4654 ejus
3186 4585 3456 4640 meditabi-

1850 4678 1934 4723 tur
1960 4671 2043 4724 die
2067 4687 2129 4724 ac
2157 4679 2304 4724 nocte
2337 4669 2511 4742 (Psal.
2547 4671 2599 4725 1.
2630 4670 2730 4742 2);
2764 4682 2818 4728 et
2850 4689 3039 4729 rursus
3065 4676 3197 4731 alibi
3217 4718 3232 4744 ,
3281 4678 3460 4733 Omnis

1851 4763 2079 4817 narratio
2104 4772 2193 4816 tua
2222 4762 2286 4816 sit
2316 4763 2373 4816 in
2396 4762 2507 4834 lege
2526 4764 2778 4818 Altissimi
2802 4764 2995 4837 (Eccli.
3021 4765 3075 4823 9.
3104 4766 3199 4838 ‘23)
3216 4786 3232 4833 ;
3261 4777 3318 4824 et
3342 4785 3453 4826 ruc-

1846 4869 1973 4921 sus,
2005 4854 2172 4923 Quam
2198 4855 2373 4909 dulcia
2403 4858 2601 4927 gutturi
2627 4873 2736 4911 meo
2770 4859 2973 4928 eloquia
2996 4870 3084 4914 tua
3111 4860 3131 4935 (
3163 4877 3270 4917 non
3297 4862 3455 4931 dixit,

1846 4949 2083 5003 Auribus
2105 4991 2120 5013 ,
2148 4948 2244 5004 sed
2264 4989 2281 5015 ,
2315 4946 2529 5003 Gutturi
2567 4966 2679 5005 meo
2709 4949 2730 5023 )
2758 4967 2915 5022 super
2952 4954 3054 5007 mel
3081 4964 3128 5007 et
3168 4956 3344 5026 [auum
3381 4960 3459 5012 ori

1851 5060 1967 5099 meo
1980 5053 1990 5107 (
2004 5043 2153 5099 Psal.
2176 5044 2260 5101 18.
2285 5046 2397 5115 ll).
2414 5044 2480 5101 Et
2498 5044 3365 5125 Moses,Meditaberis,inquit,in
3383 5058 3467 5113 eis

1850 5149 2075 5203 semper,
2100 5152 2341 5222 surgens.
2368 5138 2577 5199 sedens.
2602 5140 2803 5194 cubans
2832 5139 3023 5211 (Deut.
3046 5142 3099 5198 6.
3126 5142 3203 5214 7).
3245 5145 3373 5201 ideo
3403 5155 3463 5201 et

1852 5225 2058 5283 Paulus
2075 5228 2327 5283 scribens
2339 5227 2758 5286 ad'l‘immheum
2775 5232 3096 5289 dicebatzln
3110 5233 3219 5290 illis
3232 5238 3457 5301 sta,lnec

1854 5319 2110 5377 meditare
2135 5321 2211 5384 ti.
2237 5321 2376 5379 Tim.
2397 5322 2451 5377 4.
2479 5323 2785 5395 15).Ᾱιιμιθ
2810 5326 3101 5383 innumera
3126 5328 3195 5385 de
3221 5328 3307 5386 his
3342 5330 3454 5388 diei

1841 5411 2068 5479 pessint.
2097 5410 2202 5467 Sed
2248 5420 2429 5468 tamen
2466 5422 2585 5482 post
2618 5422 2724 5468 tam
2772 5415 2939 5471 multa
2975 5426 3101 5472 sunt
3147 5420 3309 5491 aliqui
3360 5424 3450 5493 qui

1840 5502 2087 5558 nesciunt
2110 5504 2325 5575 quidem
2348 5506 2491 5576 quod
2510 5507 2619 5561 sint
2638 5506 2955 5578 Seripturae.
2988 5510 3279 5581 Propterea
3304 5517 3449 5585 apud

1839 5610 1937 5649 nos
1966 5596 2097 5651 nihil
2128 5612 2338 5661 sanum,
2364 5597 2499 5653 nihil
2527 5607 2755 5667 rectum,
2788 5601 2919 5656 nihil
2946 5603 3093 5659 utile.
3119 5601 3225 5659 Sed
3254 5606 3298 5660 si
3322 5608 3450 5662 velit

1835 5688 2052 5759 quidem
2063 5689 2332 5761 quispiam
2354 5700 2526 5745 artem
2552 5690 2763 5749 discere
2787 5694 3098 5762 militarent,
3123 5711 3349 5753 necesse
3364 5709 3448 5755 est

1834 5779 2056 5850 utlcges
2073 5780 2246 5842 discat
2272 5781 2563 5838 militares:
2587 5793 2638 5839 et
2670 5786 2714 5841 si
2738 5785 2857 5857 quis
2872 5785 2998 5843 velit
3024 5786 3232 5844 discere
3263 5790 3443 5846 scicnt-
