4020 6402
610 323 682 383 75
1324 323 1380 380 8.
1418 320 1692 379 JOANNlS
1726 313 2191 375 CIIRYSOSTOMI
2231 313 2542 370 ARCIIIEP.
2581 314 3112 376 CONSTANTINOP.
3815 324 3883 383 π

622 429 747 478 tiam
776 424 1127 494 gubernaculi
1146 467 1159 490 ,
1187 436 1276 481 aut
1301 426 1624 491 fabricandi,
1652 437 1747 482 aut
1774 429 1823 483 si
1848 428 1975 499 quid
2007 430 2149 486 aliud
2172 471 2189 498 ,

618 532 842 571 necesse
870 526 953 569 est
983 531 1035 569 ut
1061 516 1230 571 discat
1269 532 1386 585 qua:
1425 528 1549 571 sunt
1590 518 1720 573 artis
1742 535 1756 572 :
1780 519 1865 574 hic
1895 529 2074 575 autem
2104 520 2188 575 ni-

615 608 691 663 hil
722 609 897 679 agitur
921 608 1181 678 ejusmodi
1207 648 1220 669 ,
1253 608 1410 677 idque
1453 625 1572 663 cum
1601 609 1717 665 iure
1762 610 1981 665 scientia
2008 612 2188 667 multis

613 714 748 769 opus
776 700 965 753 habeat
986 698 1197 768 vigiliis.
1228 697 1361 753 Nam
1382 700 1521 769 quod
1545 700 1643 755 hoc
1668 716 1878 770 quoque
1900 701 1971 756 sit
1996 718 2083 758 ars
2109 704 2187 758 in-

609 792 796 862 digens
822 790 1062 845 doctrina
1081 831 1097 855 ,
1126 790 1253 845 audi
1281 793 1596 865 prophetam
1625 792 1896 849 dicentem
1927 810 1943 850 :
1989 794 2181 860 Venite,

612 882 729 949 ﬁlii,
759 884 932 937 audite
955 899 1032 938 me
1058 899 1077 939 :
1099 886 1329 941 timorem
1351 885 1559 941 Domini
1578 888 1765 942 docebo
1784 903 1874 944 vos
1890 889 2062 961 (Psal.
2087 890 2176 943 35.

611 971 679 1025 12
707 973 872 1044 -M).
907 974 1044 1030 Vere
1093 992 1220 1046 ergo
1271 978 1511 1033 doctrina
1559 994 1696 1048 opus
1746 978 1905 1035 habet
1956 980 2052 1035 Dei
2109 980 2180 1033 ti-

610 1079 747 1120 mor.
780 1065 981 1122 Deinde
1007 1068 1082 1122 ait
1111 1086 1126 1126 :
1162 1071 1287 1135 Quis
1312 1082 1383 1125 est
1409 1072 1556 1126 homo
1580 1074 1668 1143 qui
1696 1075 1801 1127 vult
1820 1074 1975 1129 vitam
1997 1075 2026 1130 1
2049 1075 2175 1131 dicit

608 1154 767 1207 vitam
798 1171 918 1225 quzc
946 1158 1053 1213 illic
1077 1170 1189 1223 est.
1215 1161 1280 1215 Et
1306 1162 1707 1226 rursus,CoIiibe
1726 1166 1954 1235 linguam
1984 1177 2122 1221 tuam
2146 1184 2177 1220 a

606 1247 763 1313 malo,
787 1260 834 1301 et
861 1250 995 1303 labia
1027 1262 1111 1304 tua
1134 1269 1196 1305 ne
1222 1253 1493 1323 loquantur
1511 1256 1685 1309 dolum
1706 1273 1726 1310 :
1747 1258 1944 1314 declina
1970 1276 2003 1312 a
2022 1261 2176 1323 malo,

604 1349 652 1391 et
682 1341 767 1408 fac
792 1338 977 1394 bonum
1001 1359 1020 1395 :
1046 1358 1215 1411 qurere
1239 1360 1445 1413 pacem,
1490 1357 1537 1400 et
1580 1364 1872 1418 persequere
1897 1365 2026 1403 eam.
2060 1349 2178 1406 Sci-

608 1427 745 1484 tisne
781 1432 1025 1500 quisnam
1072 1436 1332 1503 propheta
1377 1436 1490 1490 hmc
1533 1436 1763 1503 dixerit,
1794 1448 1885 1493 aut
1925 1439 2178 1495 historio-

602 1519 853 1589 graphus,
882 1530 969 1575 aut
998 1524 1291 1593 apostolus,
1319 1533 1411 1579 aut
1438 1526 1803 1595 evangelista?
1830 1528 1942 1597 Ego
1964 1529 2177 1599 quidem

604 1628 709 1666 non
730 1614 941 1682 Opinor,
968 1626 1161 1684 praxter
1191 1630 1394 1685 paucos
1419 1633 1434 1673 :
1463 1626 1622 1687 atque
1649 1632 1835 1673 rursus
1861 1619 1926 1673 iis
1950 1619 2102 1689 ipsis,
2134 1621 2177 1675 si

604 1702 982 1759 adduxerimus
1016 1705 1234 1761 aliunde
1264 1707 1629 1762 testimonium
1648 1750 1662 1773 ,
1694 1708 1834 1764 idem
1860 1710 2001 1779 quod
2030 1711 2177 1767 vobis

603 1795 834 1849 eveniet.
864 1797 1002 1850 Ecce
1028 1798 1171 1851 enim
1198 1797 1371 1852 dicam
1404 1798 1549 1853 idem
1581 1799 1780 1853 dictum
1808 1801 1928 1854 aliis
1957 1800 2135 1855 verbis
2160 1817 2176 1857 :

606 1884 871 1939 Lavamini
892 1927 906 1951 ,
937 1888 1112 1939 mundi
1152 1897 1341 1953 estote,
1366 1891 1565 1958 auferte
1599 1891 1870 1959 pravitates
1904 1901 2092 1946 vestras
2116 1892 2177 1946 ab

601 1973 867 2028 animabus
896 1976 1070 2029 vestris
1097 1991 1270 2028 coram
1300 1976 1460 2030 oculis
1485 1975 1606 2031 meis
1626 2017 1641 2042 ,
1683 1978 1861 2034 discite
1885 1980 2071 2034 bonum
2096 1985 2180 2053 fa-

602 2082 711 2119 cere
731 2109 744 2131 ,
771 2068 1014 2137 exquirite
1025 2067 1280 2136 judicium
1306 2068 1518 2121 :coliibe
1539 2069 1766 2139 linguam
1796 2080 1935 2125 tuam
1962 2088 1993 2124 α
2018 2073 2175 2139 malo,

602 2166 647 2210 et
671 2161 751 2229 fac
781 2160 965 2212 bonum
996 2177 1017 2213 :
1044 2160 1218 2214 discite
1243 2159 1425 2214 bonum
1456 2161 1660 2231 faccre(
1691 2161 1819 2217 lsai.
1853 2165 1903 2218 l.
1938 2165 2027 2219 16.
2061 2165 2175 2235 17).

607 2248 766 2303 Vides
789 2250 929 2319 quod
978 2250 1149 2303 virtus
1172 2258 1326 2320 egeat
1364 2250 1648 2305 doctrina?
1693 2269 1813 2306 nam
1846 2254 1937 2309 ille
1964 2253 2179 2325 quidem

601 2340 763 2404 dicit,
801 2339 1048 2393 Timorem
1095 2340 1304 2395 Domini
1331 2341 1515 2395 docebo
1555 2359 1641 2396 vos
1681 2360 1700 2397 .'
1737 2342 1822 2398 hic
1854 2360 1981 2400 vero
2005 2386 2020 2412 ,
2050 2344 2177 2399 Dis-

601 2430 697 2482 cite
722 2431 903 2484 bonum
930 2432 1112 2499 facere.

672 2520 892 2574 Lectoris
927 2522 1138 2591 officium
1185 2522 1237 2575 in
1269 2522 1517 2577 Ecclesia.
1563 2554 1635 2567 —-
1663 2526 1890 2582 Scitisue
1921 2529 2012 2584 ubi
2049 2528 2166 2585 lucc

599 2600 723 2665 sita'
748 2612 849 2665 sint
875 2614 897 2665 ?
929 2613 1036 2682 l-Zgo
1068 2612 1281 2682 quidem
1327 2631 1430 2668 nou
1462 2616 1653 2685 Opinor
1675 2660 1689 2681 ,
1721 2628 1915 2687 praeter
1956 2636 2173 2689 paucos.

600 2703 756 2771 Atqui
788 2702 1012 2771 singulis
1040 2701 1390 2758 hebdomadis
1418 2704 1531 2761 haec
1576 2708 1726 2763 vobis
1771 2708 1853 2764 bis
1883 2713 1966 2767 vel
1994 2720 2076 2769 ter
2098 2713 2175 2769 le-

2279 443 2516 503 guntur;
2546 438 2601 485 et
2627 443 2748 484 cum
2778 428 2945 483 lector
2973 424 3315 488 ascenderit,
3354 422 3484 478 dicit
3510 423 3751 495 primum
3784 438 3869 478 cu-

2278 526 2363 592 jus
2409 524 2479 577 sit
2520 521 2677 585 liber,
2720 534 2913 589 nempe
2964 518 3122 586 hujus
3168 516 3247 570 vel
3279 516 3425 570 illius
3456 514 3739 585 pr0phetu:
3786 527 3868 569 ant

2279 614 2559 686 apostoli,
2606 621 2698 666 aut
2741 610 3119 679 evangelistm;
3182 617 3307 663 tunc
3349 608 3436 662 illa
3477 607 3655 674 dicit,
3703 616 3760 661 ut
3812 622 3869 664 ea

2279 709 2448 777 magis
2493 704 2715 774 signetis
2743 712 2796 757 et
2826 701 3149 763 observetis,
3198 708 3253 754 et
3301 714 3407 753 non
3460 700 3643 753 solum
3692 699 3869 753 sciatis

2292 815 2396 870 pta:
2424 798 2534 852 illic
2558 797 2660 850 sita
2690 802 2837 860 sunt,
2868 791 2962 847 sed
2992 800 3046 845 et
3070 806 3287 845 causam
3311 806 3495 844 eorum
3520 806 3645 859 qua:
3676 791 3867 859 scripta

2278 903 2421 956 sunt,
2456 900 2509 946 et
2535 890 2779 961 quisnam
2810 901 2871 941 ea
2895 885 3112 939 dixerit.
3146 882 3253 938 Sed
3282 883 3459 936 omnia
3484 882 3689 935 frustra
3718 880 3867 948 ﬁunt,

2278 987 2456 1038 omnia
2475 990 2677 1036 temere
2708 994 2722 1032 :
2754 992 2874 1031 nam
2908 985 3075 1029 totum
3098 983 3336 1029 vestrum
3364 974 3598 1028 studium
3623 982 3713 1028 est
3737 974 3869 1028 εσυ-

2278 1089 2396 1129 sum
2430 1074 2483 1126 in
2510 1086 2571 1126 ea
2600 1084 2719 1139 qua:
2748 1066 2815 1122 ad
2845 1067 2979 1120 hanc
3007 1065 3168 1119 vitam
3192 1062 3481 1133 pertinent,
3505 1065 3862 1134 spiritualium

2283 1177 2413 1216 vero
2440 1161 2585 1216 nulla
2617 1161 2843 1215 habetur
2866 1161 3022 1214 ratio.
3058 1159 3347 1226 Propterea
3380 1171 3477 1209 nec
3505 1156 3594 1209 illa
3629 1154 3784 1206 vobis
3810 1168 3871 1205 ex

2276 1253 2543 1309 sententia
2570 1253 2859 1318 eveniunt;
2890 1251 2984 1308 sed
3022 1250 3132 1305 illic
3162 1265 3373 1321 quoque
3404 1250 3584 1302 multa:
3621 1257 3753 1300 sunt
3775 1244 3880 1298 dif-

2281 1346 2569 1400 ficultates.
2599 1344 2729 1400 Nam
2752 1344 2999 1399 Christus
3022 1342 3234 1412 quidem
3262 1341 3392 1394 dicit
3420 1357 3433 1392 :
3460 1338 3631 1393 Petite
3660 1354 3872 1406 regnum

2279 1435 2375 1489 Dei
2401 1477 2415 1501 ,
2443 1446 2489 1490 el
2519 1437 2627 1491 lucc
2656 1435 2827 1489 omnia
2856 1434 3166 1504 adjicientur
3193 1431 3329 1485 vobis
3354 1432 3374 1497 (
3398 1429 3582 1483 Matth.
3620 1428 3677 1483 6.
3709 1428 3823 1497 55)
3854 1444 3868 1480 :

2280 1537 2332 1583 et
2358 1527 2473 1581 haec
2491 1526 2705 1598 quidem
2733 1526 2863 1581 dicit
2882 1523 3056 1578 danda
3083 1538 3177 1593 pro
3198 1523 3541 1585 accessione;
3568 1534 3672 1574 nos
3694 1529 3870 1573 autem

2280 1618 2523 1673 ordinem
2561 1616 2915 1680 invertimus,
2963 1624 3020 1670 et
3067 1624 3264 1668 terram
3313 1612 3603 1683 qumrimus
3636 1620 3694 1665 et
3736 1611 3870 1663 bona

2282 1718 2440 1763 terra!
2484 1716 2753 1778 tamquam
2780 1706 2869 1760 illa
2897 1706 3004 1759 sint
3030 1704 3202 1759 danda
3235 1718 3330 1772 pro
3347 1703 3683 1757 accessione.
3740 1701 3872 1754 Pro-

2281 1812 2464 1871 pterea
2484 1815 2658 1871 neque
2681 1800 2795 1854 haec
2823 1799 3102 1864 habemus,
3129 1811 3303 1867 neque
3329 1796 3439 1849 illa.
3463 1794 3710 1849 Tandem
3743 1808 3873 1863 ergo

2281 1894 2678 1959 resipiscamus,
2733 1901 2787 1947 et
2833 1890 3010 1944 futura
3044 1888 3485 1956 concupiscamus
3538 1903 3552 1939 :
3591 1886 3673 1940 sic
3724 1885 3867 1939 enim

2273 1980 2386 2034 lnec
2409 1994 2623 2049 quoque
2646 1986 2951 2048 sequentur.
2978 1976 3121 2031 Fieri
3146 1974 3291 2030 enim
3316 1987 3422 2027 non
3457 1981 3658 2042 potest,
3691 1979 3752 2024 ut
3777 1971 3863 2039 qui

2273 2086 2338 2126 ea
2367 2070 2554 2140 quaerit
2579 2085 2696 2140 qua:
2737 2069 2845 2124 Deo
2873 2075 3210 2138 congruunt,
3238 2065 3467 2118 humana
3498 2077 3719 2132 quoque
3764 2077 3867 2115 non

2274 2170 2628 2231 assequatur:
2663 2159 2779 2214 haec
2815 2168 2899 2214 est
2941 2157 3205 2212 sententia
3260 2155 3426 2225 ipsius
3454 2153 3717 2211 Veritatis
3768 2150 3871 2207 hoc

2274 2252 2523 2307 dicentis.
2560 2250 2639 2306 Ne
2678 2231 2811 2321 ergo
2839 2249 2995 2304 aliter
3023 2246 3315 2312 faciamus,
3365 2244 3460 2299 sed
3501 2242 3704 2299 Christi
3735 2258 3870 2298 con-

2274 2343 2452 2397 silium
2485 2351 2798 2407 teneamus,
2830 2355 2897 2395 ne
2928 2340 2993 2393 ab
3037 2336 3288 2392 omnibus
3330 2334 3665 2390 excidamus.
3724 2335 3868 2388 Deus

2274 2444 2449 2488 autem
2485 2440 2567 2487 est
2605 2441 2795 2501 potens
2836 2445 2935 2484 nos
2964 2442 3358 2499 compungere,
3390 2434 3445 2480 et
3485 2425 3747 2481 meliores
3797 2426 3872 2478 fa-

2285 2540 2428 2591 cere,
2463 2524 2512 2577 in
2546 2522 2760 2578 Christo
2788 2521 2914 2578 Jesu
2948 2521 3173 2575 Domino
3196 2527 3401 2583 nostro,
3431 2532 3553 2572 cum
3583 2532 3692 2587 quo
3722 2517 3869 2571 Patri

2279 2634 2379 2672 una
2397 2632 2516 2671 cum
2535 2626 2720 2670 sancto
2736 2614 2935 2684 Spiritu
2949 2612 3138 2683 gloria,
3160 2610 3462 2683 imperium,
3483 2607 3657 2662 honor
3677 2620 3735 2663 et
3752 2608 3872 2662 ado-

2278 2709 2432 2775 ratio,
2453 2721 2593 2762 nunc
2614 2716 2667 2761 et
2683 2720 2916 2776 semper,
2932 2712 2987 2758 et
3014 2705 3068 2759 in
3083 2703 3275 2757 sarcula
3300 2701 3642 2756 saeculorum.
3674 2701 3871 2755 Amen.

619 2838 3843 2887 MM

1939 2930 2283 2993 HOMILIA
2326 2934 2441 2996 IX.

610 3072 745 3130 Cn.
795 3076 847 3133 6.
885 3093 935 3132 ν.
986 3079 1037 3132 1.
1085 3077 1405 3150 QuaprOptcr
1442 3079 1822 3134 intermittentes
1857 3079 2191 3133 inclwationis
2263 3104 2293 3145 ε
2321 3087 2477 3145 nobis
2502 3088 2794 3146 haberetur
2822 3089 2961 3145 ratio
2986 3130 3001 3153 ,
3031 3096 3306 3159 oporteret
3326 3092 3545 3159 semper
3571 3088 3855 3143 transilire

686 3166 875 3220 Christi
915 3184 1211 3231 sermonem,
1264 3169 1331 3222 ad
1378 3170 1732 3241 perfectionem
1782 3174 2044 3240 feramur,
2089 3186 2190 3224 non
2262 3188 2318 3236 ει
2373 3179 2905 3246 transirc,vesmun
2955 3179 3156 3235 nullam
3213 3190 3461 3248 gerentes
3503 3192 3710 3242 curam,
3762 3178 3859 3233 sed

677 3273 880 3310 rursum
888 3258 1132 3326 facientes
1146 3257 1532 3329 fundamentum
1555 3261 1856 3328 panitentia:
1873 3260 1935 3314 ab
1956 3260 2188 3330 operibus
2262 3273 2408 3329 solos
2447 3281 2656 3327 vestros
2698 3273 2917 3341 plausus
2961 3279 3216 3341 appetere

682 3350 913 3410 mortuis,
938 3358 983 3402 et
999 3348 1119 3417 ﬁdei
1137 3348 1205 3401 ad
1232 3348 1416 3415 Deum,
1448 3349 1502 3402 2.
1536 3350 1889 3421 baptismatum
1918 3351 2183 3419 doctrina,

679 3440 1018 3507 impositionis
1040 3457 1235 3510 quoque
1262 3458 1526 3508 manuum,
1554 3459 1614 3495 ac
1640 3445 2018 3497 resurrectionis
2043 3460 2177 3498 mor-

680 3538 880 3582 tuorum
908 3571 924 3596 ,
956 3540 1000 3583 et
1019 3530 1205 3601 judicii
1248 3531 1442 3585 interni.
1482 3533 1535 3587 5.
1578 3530 1645 3586 Et
1676 3533 1782 3586 lucc
1826 3534 2069 3605 faciemus
2092 3575 2108 3601 ,
2136 3534 2182 3589 si

672 3619 872 3686 quidem
901 3620 1185 3689 permiserit
1210 3620 1366 3691 Deus.

686 3711 740 3764 l.
770 3710 1061 3765 Audivistis
1088 3723 1339 3779 quantum
1370 3715 1777 3784 reprehenderit
1800 3716 2054 3775 Hebrmos
2078 3734 2173 3775 vo-

612 3801 786 3857 lentes
823 3817 1035 3871 seraper
1073 3803 1140 3858 de
1192 3804 1379 3859 iisdem
1421 3806 1672 3863 discere?
1701 3818 1756 3863 et
1801 3811 2011 3867 merito.
2044 3811 2175 3867 Nam

606 3906 733 3946 eum
763 3890 1029 3948 deberetis
1058 3907 1182 3949 esse
1205 3895 1441 3965 magistri
1479 3908 1699 3967 propter
1724 3910 1961 3970 tempus,
1988 3917 2178 3958 rursus

599 3998 733 4052 opus
775 3984 988 4041 habetis
1032 3995 1089 4040 ut
1133 4002 1227 4041 vos
1269 3988 1587 4057 doceamiui,
1631 4008 1879 4060 quaenam
1917 3995 2023 4050 sint
2068 3997 2182 4052 elo-

605 4082 787 4128 menta
816 4074 950 4128 initii
981 4075 1311 4145 eloquioer
1344 4078 1456 4133 Dei.
1497 4078 1703 4135 Vereor
1726 4097 1793 4138 ne
1820 4081 1935 4138 haec
1963 4097 2175 4155 quoque

597 4164 752 4219 vobis
788 4164 968 4221 dicere
1010 4166 1081 4220 sit
1127 4169 1497 4237 tempestivum
1523 4212 1538 4235 ,
1583 4172 1723 4241 quod
1752 4187 1874 4228 cum
1903 4174 2171 4233 deberetis

593 4270 718 4311 esse
746 4257 1234 4338 magistrinropter
1264 4269 1471 4329 tempus
1498 4301 1516 4327 ,
1549 4278 1614 4316 ue
1636 4262 2020 4335 discipulorum
2047 4269 2167 4338 qui-

591 4345 714 4401 dem
746 4347 926 4402 locum
950 4328 1213 4412 te'neatis;
1242 4349 1340 4405 sed
1363 4328 1576 4422 semper
1596 4328 1789 4409 eadem
1807 4364 1862 4410 et
1887 4355 1955 4411 de
1984 4328 2171 4413 iisdem

590 4436 901 4501 audientes,
932 4447 1198 4508 tamquam
1232 4440 1362 4493 nihil
1389 4442 1669 4498 audientes
1698 4445 1767 4498 ita
1798 4445 1973 4502 affecti
2002 4449 2120 4502 sitis
2148 4467 2162 4502 :

588 4537 645 4585 et
681 4531 724 4585 si
771 4531 893 4600 quis
928 4546 1025 4585 vos
1069 4532 1383 4603 interroget,
1434 4550 1595 4589 nemo
1632 4538 1802 4605 possit
1844 4540 2171 4609 respondere

589 4627 787 4685 praster
812 4618 1105 4674 admodum
1147 4636 1345 4690 paucos
1366 4664 1379 4687 ,
1414 4638 1613 4694 eosque
1656 4637 1932 4681 numerato
1962 4628 2166 4685 faciles.

592 4709 701 4763 lloc
728 4717 904 4765 autem
949 4724 1055 4767 non
1105 4720 1187 4765 est
1236 4727 1455 4781 parvum
1500 4714 1776 4772 damnum.
1825 4716 1980 4788 Smpe
2023 4723 2163 4776 enim

590 4796 864 4854 doctorem
908 4802 1175 4857 volentem
1218 4804 1442 4860 ulterius
1487 4810 1755 4879 progredi.
1800 4822 1854 4867 et
1896 4829 2015 4884 qua:
2052 4826 2175 4873 sunt

594 4890 762 4960 magis
791 4893 1014 4962 mystica
1046 4903 1099 4948 ct
1144 4894 1334 4949 altiora
1368 4906 1584 4970 tangere
1610 4943 1626 4969 ,
1666 4918 1771 4959 non
1817 4906 1947 4960 sinit
1987 4922 2170 4963 eorum

591 4983 679 5051 qui
708 4983 925 5039 discunt
952 4986 1157 5057 ignavia
1187 4998 1239 5042 et
1277 4991 1610 5059 negligentia.
1646 4994 1775 5051 Nam
1804 4999 1942 5053 sicut
1980 5001 2031 5055 in
2070 5018 2173 5055 ma-

588 5076 768 5142 gistris
796 5077 903 5133 ludi
938 5080 1184 5147 literarii,
1210 5081 1254 5135 si
1282 5083 1544 5139 elementa
1563 5102 1777 5157 semper
1803 5091 1986 5146 audiat
2015 5109 2167 5163 puer,

588 5176 643 5220 rt
685 5184 746 5223 ea
777 5184 881 5224 nou
928 5179 1146 5239 teneat,
1182 5189 1407 5231 necesse
1437 5178 1540 5232 erit
1578 5179 1754 5235 eidem
1784 5198 1950 5250 puero
1980 5185 2165 5240 eadem

586 5272 800 5328 semper
826 5261 1077 5318 insonare
1119 5275 1173 5319 ct
1202 5277 1447 5335 repetere
1474 5285 1488 5333 ;
1519 5284 1616 5325 nec
1646 5272 1793 5340 prius
1816 5273 2038 5331 desistet
2070 5278 2166 5329 ilo-

584 5364 732 5417 cerc,
786 5367 945 5422 quam
1003 5354 1090 5409 illa
1142 5368 1388 5413 accurate
1433 5362 1667 5431 potuerit
1715 5363 1970 5420 discere:
2028 5381 2163 5424 esset

583 5442 727 5496 enim
756 5446 936 5498 multm
966 5448 1235 5512 amentiae,
1272 5451 1537 5517 prioribus
1572 5469 1677 5508 non
1706 5468 1850 5511 recte
1877 5458 2060 5512 inditis
2093 5463 2156 5514 ad

582 5532 683 5587 alia
712 5548 838 5589 eum
870 5536 1069 5595 ducere
1102 5559 1112 5593 :
1144 5540 1222 5593 sic
1260 5542 1419 5597 etiam
1461 5547 1513 5599 in
1541 5547 1792 5616 ecclesia,
1821 5552 1865 5604 si
1902 5553 2055 5607 nobis
2080 5569 2164 5609 ea-

580 5623 701 5677 dem
730 5623 1029 5683 dicentibus
1075 5629 1205 5685 nihil
1249 5633 1480 5702 amplius
1518 5635 1733 5691 discatis
1755 5682 1769 5705 ,
1796 5656 1900 5695 non
1929 5646 2096 5697 cessit
2119 5645 2162 5698 i-

580 5731 697 5778 mus
714 5716 897 5779 eadem
916 5719 1114 5779 dicere.
1140 5722 1194 5779 Si
1218 5728 1589 5785 ostentationis
1612 5730 1823 5798 quidem
1846 5743 1900 5788 et
1926 5734 2145 5791 honoris

3263 3287 3279 3327 :
3319 3270 3413 3326 sed
3458 3270 3713 3340 quauiam
3749 3286 3860 3324 non

2265 3364 2316 3417 in
2350 3364 2451 3417 hoc
2474 3362 2711 3417 studium
2740 3362 3045 3432 posuimus,
3078 3360 3172 3417 sed
3210 3375 3307 3415 nos
3351 3376 3449 3431 pro
3493 3371 3672 3415 vestra
3706 3361 3859 3415 utili-

2265 3462 2369 3507 tate
2395 3468 2607 3507 omnem
2638 3452 2875 3507 laborem
2904 3450 3252 3521 suscipimus,
3284 3466 3389 3506 non
3420 3451 3761 3507 cessabimus
3793 3451 3863 3505 de

2264 3542 2449 3596 iisdem
2479 3542 2632 3597 vobis
2655 3542 2836 3597 dicere
2859 3582 2873 3607 ,
2904 3542 3077 3597 donec
3117 3556 3180 3597 ea
3218 3550 3363 3597 recte
3388 3542 3688 3612 gesseritis.
3723 3542 3861 3596 Nam

2264 3635 2424 3688 tnulta
2455 3634 2637 3689 dicere
2666 3642 2976 3702 poteramus
2997 3643 3051 3689 et
3072 3633 3139 3688 de
3167 3633 3409 3704 gentium
3441 3634 3859 3701 superstitione,

2263 3734 2317 3779 et
2345 3724 2412 3778 de
2437 3724 2744 3779 Mauichaeis
2770 3734 2824 3780 et
2851 3724 3211 3779 Marcionistis
3239 3765 3253 3790 ,
3286 3732 3341 3778 et
3369 3738 3468 3794 per
3497 3722 3594 3779 Dei
3619 3725 3856 3794 gratiam

2273 3813 2473 3867 validas
2503 3814 2581 3867 eis
2609 3813 2789 3884 plagas
2818 3813 3059 3883 inﬂigere
3086 3857 3099 3879 ,
3130 3817 3224 3871 sed
3257 3832 3361 3872 non
3394 3828 3477 3874 est
3498 3835 3643 3877 nunc
3682 3822 3755 3879 de
3784 3828 3868 3893 eis

2273 3902 2480 3959 dicendi
2514 3913 2747 3974 tempus.
2773 3904 2902 3961 Nam
2935 3907 3000 3961 iis
3023 3908 3113 3978 qui
3143 3923 3237 3962 sua
3270 3911 3506 3967 nondum
3534 3924 3725 3970 exacte
3758 3932 3866 3970 no-

2274 4007 2414 4063 runt,
2444 4008 2495 4053 et
2515 3998 2604 4068 qui
2637 3999 2871 4053 nomium
2901 3999 3206 4055 didicerunt
3232 4002 3376 4072 quod
3406 4003 3608 4058 malum
3642 4007 3710 4061 sit
3734 4008 3865 4077 plus

2272 4104 2427 4157 quam
2458 4105 2551 4158 par
2576 4100 2654 4145 est
2683 4089 2902 4156 habere,
2938 4091 3058 4161 quis
3087 4092 3213 4147 talia
3243 4094 3403 4148 verba
3436 4094 3635 4150 dixerit
3661 4137 3677 4163 ,
3705 4107 3761 4151 et
3791 4099 3864 4154 ad

2270 4181 2369 4233 alia
2422 4181 2633 4236 duxerit
2685 4191 2809 4237 ante
2853 4185 3101 4251 tempus?
3144 4187 3319 4255 Atque
3360 4201 3459 4241 nos
3488 4188 3705 4257 quidem
3746 4205 3862 4246 non

2270 4270 2596 4326 cessabimus
2622 4272 2808 4327 eadem
2839 4273 3042 4338 dicere,
3080 4275 3195 4329 sive
3219 4276 3373 4331 vobis
3401 4280 3859 4349 persuaserimus,

2268 4362 2382 4416 sive
2427 4377 2530 4416 non
2574 4380 2588 4417 :
2638 4378 2887 4418 veremur
2929 4373 3105 4420 autem
3159 4380 3227 4420 ne
3278 4366 3465 4422 eadem
3512 4370 3862 4428 continenter

2270 4452 2520 4519 dicendo,
2548 4454 2591 4508 si
2616 4468 2721 4509 non
2745 4454 2996 4520 audiatis,
3021 4456 3085 4510 iis
3110 4456 3197 4525 qui
3227 4455 3421 4511 frustra
3452 4458 3696 4525 audiunt,
3732 4477 3854 4517 ma-

2264 4542 2436 4611 jorem
2472 4545 2763 4601 efficiamus
2793 4547 3315 4603 condemnationem.
3363 4549 3476 4604 Non
3517 4563 3642 4605 sunt
3671 4565 3858 4611 autem

2270 4635 2382 4689 haec
2406 4651 2433 4687 a
2462 4651 2546 4691 me
2570 4638 2819 4694 omnibus
2845 4639 3070 4695 dicenda
3097 4658 3109 4690 ε
3139 4641 3253 4695 scio
3281 4641 3423 4695 enim
3454 4644 3650 4698 multos
3674 4647 3855 4713 juvari

2268 4741 2294 4778 a
2326 4740 2422 4781 suo
2451 4728 2500 4782 in
2521 4727 2663 4783 hunc
2690 4729 2867 4784 locum
2895 4731 3163 4799 ingressu,-
3194 4733 3283 4803 qui
3304 4733 3426 4801 jure
3447 4732 3705 4791 adversus
3729 4738 3855 4793 illus

2267 4818 2677 4873 exclamaverint
2703 4862 2717 4884 ,
2752 4831 2806 4873 ut
2837 4823 2923 4890 qui
2952 4837 3047 4891 per
3078 4836 3229 4875 suam
3275 4821 3515 4879 discendi
3558 4826 3849 4894 segnitiem

2265 4919 2316 4962 et
2347 4911 2721 4980 negligentiam
2754 4912 2853 4967 sibi
2876 4911 3221 4967 insidiantur.
3260 4913 3366 4968 Sed
3398 4929 3467 4969 ne
3508 4915 3586 4969 sic
3626 4918 3853 4984 quidem

2264 5014 2356 5053 eos
2386 5002 2688 5070 oppriment
2710 5002 2914 5057 insidia:
2948 5020 2960 5057 :
3006 5004 3219 5060 assidue
3251 5005 3389 5060 enim
3432 5005 3621 5061 eadem
3650 5010 3846 5062 audire

2264 5095 2327 5151 iis
2376 5097 2533 5151 etiam
2567 5099 2654 5165 qui
2706 5099 2901 5162 sciunt,
2952 5109 3033 5153 est
3084 5100 3213 5154 utile
3247 5117 3259 5152 :
3292 5115 3413 5155 nam
3458 5115 3578 5155 cum
3622 5101 3671 5154 id
3703 5104 3851 5171 quod

2260 5189 2456 5244 scimus
2481 5205 2624 5259 smpe
2651 5191 2978 5245 audierimus
3005 5234 3019 5254 ,
3049 5193 3217 5262 magis
3247 5194 3678 5263 compungimur.
3720 5196 3844 5250 Sei-

2261 5296 2398 5345 mus,
2428 5284 2574 5336 verbi
2616 5284 2786 5352 gratia
2812 5324 2825 5347 ,
2860 5283 3004 5353 quod
3030 5298 3117 5337 res
3143 5284 3280 5337 bona
3327 5286 3396 5339 sit
3441 5284 3715 5339 humilitas
3743 5328 3757 5349 ,
3793 5297 3850 5341 et

2257 5373 2396 5441 quod
2422 5374 2668 5429 Christus
2709 5390 2853 5443 saepe
2881 5376 2950 5430 de
2978 5391 3037 5428 ca
3066 5375 3137 5430 sit
3166 5376 3454 5445 loquutus;
3498 5376 3593 5432 sed
3620 5381 3846 5447 quando

2256 5475 2311 5518 et
2340 5466 2459 5534 ipsa
2474 5468 2635 5520 verba
2663 5468 3014 5533 audierimus,
3044 5476 3099 5522 et
3122 5484 3241 5537 qua:
3267 5461 3335 5523 de
3361 5470 3426 5524 iis
3446 5479 3572 5524 sunt
3597 5482 3847 5526 contem-

2257 5555 2538 5623 plationes,
2566 5557 2735 5626 magis
2761 5558 3045 5624 efficimur,
3087 5559 3297 5613 etiamsi
3347 5560 3545 5615 millies
3572 5562 3845 5618 audiveri-

2255 5663 2393 5702 mus.
2419 5648 2777 5716 Quamobrem
2798 5662 2876 5705 est
2900 5661 3257 5720 opportunum
3280 5662 3333 5704 ut
3350 5666 3446 5706 nos
3464 5669 3675 5723 quoque
3696 5672 3842 5711 nunc

2257 5742 2407 5798 vobis
2475 5741 2759 5798 dicamus:
2825 5744 3145 5815 Quam-apter
3190 5746 3569 5813 intermittentes
3620 5750 3837 5807 inritum
