4020 6406
561 426 785 497 Spiritus
804 421 986 487 sancti,
1015 429 1062 473 et
1086 422 1406 489 gustaveruut
1436 414 1622 466 bonum
1643 410 1740 465 Dei
1783 408 2012 465 Verbum.
2034 408 2133 463 llic

561 518 685 571 dicit
711 514 1029 570 doetrinam.
1076 508 1385 575 Virtutesque
1411 503 1586 557 saeculi
1616 502 1833 557 venturi.
1861 501 2130 568 Quasnam

556 608 685 662 dicit
709 604 966 660 virtutes?
996 600 1085 655 Vel
1116 597 1291 652 facere
1317 596 1593 660 miracula,
1617 595 1699 648 vel
1723 596 1937 647 arrbam
1964 593 2131 663 Spiri-

559 710 661 753 tus.
688 698 750 751 Et
772 694 998 767 prolapsi
1026 700 1161 756 sunt,
1193 705 1370 743 rursus
1411 702 1653 741 renovare
1671 686 1739 739 ad
1758 686 2124 756 penitentiam,

554 806 727 844 rursus
748 787 1091 857 cruciﬁgentes
1110 781 1431 849 sibimetipsis
1459 778 1653 832 Filium
1674 778 1789 845 Dei,
1828 786 1875 832 et
1912 778 2129 833 ostentui

555 884 808 937 habentes.
838 878 1118 931 Renovare
1164 873 1296 927 dicit
1343 871 1411 926 ad
1458 869 1859 940 pmnitentiam:
1893 868 1995 924 hoc
2021 878 2123 935 est,

553 990 648 1044 per
677 969 1065 1041 paenitentiam.
1098 966 1235 1033 Quid
1265 963 1429 1033 ergo?
1463 962 1631 1032 ejecta
1658 971 1741 1017 est
1775 962 2127 1031 pmnitentia?

551 1065 667 1120 Non
714 1061 1046 1132 poenitentia,
1098 1059 1256 1122 absit,
1290 1056 1386 1111 sed
1414 1070 1531 1125 qua:
1558 1069 1744 1109 rursus
1778 1054 1832 1107 lit
1863 1069 1957 1124 per
1978 1054 2124 1108 lava-

550 1168 694 1208 crum
726 1152 1028 1207 renovatio.
1056 1148 1172 1205 Non
1215 1148 1356 1203 enim
1397 1146 1553 1212 dixit,
1587 1144 1908 1212 Impossibite
1944 1157 2015 1199 est
2039 1163 2124 1200 re-

548 1245 721 1297 novari
750 1242 817 1296 ad
851 1240 1212 1312 pamitentiam,
1255 1247 1309 1292 et
1352 1237 1541 1301 tacuit;
1573 1236 1666 1291 sed
1709 1252 1829 1290 cum
1878 1236 2119 1302 dixisset,

548 1333 867 1404 Impossibile
886 1343 976 1396 est,
1006 1329 1295 1399 subjunxit,
1323 1327 1523 1381 Rursus
1547 1327 1914 1397 cruciﬁgentes.
1944 1327 2122 1382 Reno-

546 1428 671 1490 ouri,
700 1425 800 1480 hoc
830 1434 932 1489 est,
962 1437 1155 1477 novum
1183 1419 1300 1474 fieri
1324 1438 1336 1471 :
1365 1432 1530 1471 novos
1552 1419 1694 1472 enim
1725 1416 1903 1471 facere
1929 1426 2121 1471 estso-

546 1518 647 1571 lius
679 1518 905 1571 lavacri:
934 1512 1297 1577 Renouabitur,
1334 1510 1523 1579 inquit,
1556 1511 1685 1563 sicut
1727 1508 1912 1579 aquila
1929 1510 2121 1580 juven-

545 1619 625 1662 tus
655 1618 746 1660 tua
769 1592 939 1677 (Psal.
968 1603 1092 1659 102.
1116 1604 1193 1673 5).

614 1698 896 1753 Lavacrum
917 1697 1148 1768 baptismi
1173 1710 1273 1749 non
1296 1703 1453 1764 potest
1478 1695 1760 1749 iterari.'—
1787 1694 2121 1751 Poenitentite

542 1803 719 1847 autem
745 1799 845 1857 est,
877 1804 970 1846 eos
990 1790 1077 1859 qui
1111 1789 1233 1842 novi
1261 1787 1382 1842 iacti
1404 1795 1546 1853 sunt,
1571 1802 1635 1843 ac
1653 1786 1848 1843 deinde
1873 1803 1901 1841 a
1931 1802 2121 1857 pecca-

542 1886 611 1940 tis
641 1884 1084 1945 inveteraverunt,
1118 1880 1344 1936 liberare
1367 1894 1397 1933 a
1417 1888 1682 1935 vetustate
1699 1895 1975 1951 novosque
1999 1882 2119 1936 red-

541 1974 698 2030 dere:
727 1973 792 2028 ad
820 1972 965 2028 illum
983 1981 1160 2028 autem
1182 1971 1521 2042 splendorem
1550 1988 1657 2027 non
1683 1972 1809 2028 licet
1824 1973 2079 2028 reducere
2101 1992 2114 2028 :

546 2067 654 2123 illic
683 2068 822 2122 enim
849 2073 1019 2119 totum
1045 2075 1159 2118 erat
1188 2062 1373 2131 gratia.
1404 2060 1602 2113 Rursus
1630 2060 2001 2127 crucifigentes,
2035 2059 2109 2111 iu-

548 2158 683 2227 quit,
706 2157 759 2211 in
787 2155 1064 2225 semetipsis
1087 2152 1281 2206 Filium
1300 2153 1411 2217 Dei,
1428 2160 1475 2205 et
1492 2149 1707 2205 ostentui
1732 2148 1987 2203 habentes.
2010 2149 2118 2203 lloc

547 2258 631 2305 est
658 2258 833 2304 autem
860 2247 1000 2319 quod
1040 2247 1202 2301 dicit:
1236 2245 1496 2314 baptisma
1527 2253 1610 2299 est
1638 2259 1801 2307 crux;
1834 2242 2121 2310 Cruci/ixus

546 2341 680 2394 enim
706 2349 776 2393 est
804 2347 939 2392 vetus
971 2347 1138 2391 noster
1184 2335 1367 2398 homo;
1398 2344 1451 2389 et
1480 2349 1687 2401 rursus,
1720 2332 2013 2402 Conformes
2039 2334 2119 2400 {u-

546 2431 614 2485 cti
654 2446 826 2485 sumus
856 2428 1175 2483 similitudini
1212 2426 1386 2480 mortis
1416 2426 1555 2495 ejus;
1601 2434 1655 2480 et
1700 2438 1906 2489 rursus,
1939 2422 2124 2477 Conse-

544 2521 674 2590 pulti
698 2536 811 2573 cum
853 2535 911 2573 eo
955 2535 1130 2572 sumus
1160 2534 1248 2585 per
1287 2516 1592 2585 baptismum
1631 2516 1682 2568 in
1712 2524 1941 2569 mortem.
1976 2513 2125 2569 Sicut

546 2627 675 2683 ergo
703 2612 814 2667 fieri
845 2627 948 2665 non
977 2620 1151 2680 p0test
1182 2618 1238 2663 ut
1266 2610 1457 2663 iterum
1480 2607 1821 2678 cruciligatur
1841 2607 2123 2671 Christus;

549 2704 650 2759 hoc
674 2704 814 2757 enim
848 2710 931 2757 est
958 2716 1082 2756 cum
1123 2700 1437 2755 traducere:
1469 2699 1546 2753 sic
1574 2714 1678 2752 non
1709 2712 1993 2768 possumus
2025 2701 2124 2752 ite-

547 2808 663 2847 rum
694 2792 972 2861 baptizari.
1004 2790 1136 2844 Nam
1165 2790 1207 2844 si
1239 2803 1386 2843 mors
1415 2790 1534 2857 ejus
1557 2804 1660 2842 non
1689 2788 1919 2857 amplius
1953 2788 2119 2841 domi-

547 2885 790 2948 nabitur;
816 2882 860 2936 si
904 2881 1217 2947 resurrexit,
1250 2879 1581 2949 resurgendo
1622 2888 1793 2933 morte
1836 2878 2003 2933 factus
2033 2894 2126 2948 po-

547 2978 776 3042 tentior;
801 2974 844 3029 si
873 2991 968 3045 per
992 2985 1221 3029 mortem
1255 2981 1480 3027 mortem
1508 2971 1703 3026 devicit
1722 2986 1785 3026 ac
1811 2974 2123 3042 prostravit,

548 3066 744 3121 deinde
790 3068 983 3121 iterum
1034 3066 1085 3119 in
1131 3080 1345 3120 crucem
1398 3062 1823 3132 agiturzl’abula:
1868 3074 1992 3117 sunt
2041 3063 2127 3118 illa

548 3156 727 3211 omnia
756 3168 809 3213 et
833 3156 1096 3211 traductio
1135 3171 1197 3210 ac
1224 3155 1418 3209 irrisio.
1450 3153 1522 3207 Ita
1552 3154 1642 3223 qui
1666 3167 1851 3208 rursus
1888 3153 2124 3222 seipsum

548 3248 797 3317 haptizat,
850 3261 1035 3300 rursus
1080 3245 1255 3314 ipsum
1307 3244 1587 3313 cruciligit.
1622 3244 1759 3310 Quid
1800 3254 1879 3298 est
1924 3253 2125 3309 autem,

549 3339 745 3393 Rursus
768 3338 1153 3408 cruciﬁgentes?
1175 3336 1255 3391 Ab
1283 3336 1433 3389 initio
1459 3349 1581 3390 eum
1610 3334 1786 3389 denuo
1814 3334 2129 3404 cruciﬁgen-

550 3439 651 3485 tes.
675 3429 805 3484 Nam
828 3439 887 3483 ut
906 3430 1152 3483 Christus
1175 3437 1416 3482 mortuus
1437 3437 1521 3481 est
1550 3428 1602 3481 in
1635 3442 1814 3491 cruce,
1845 3429 1915 3480 ita
1945 3443 2042 3480 nos
2072 3427 2125 3481 in

550 3521 890 3589 baptismate,
924 3535 1029 3573 non
1059 3532 1243 3583 carne,
1274 3517 1367 3572 sed
1394 3528 1635 3587 peccato.
1666 3517 1802 3572 Vide
1832 3526 2055 3570 mortem
2076 3529 2130 3572 et

553 3620 813 3668 mortem:
844 3612 933 3667 ille
964 3619 1205 3665 mortuus
1232 3620 1312 3664 est
1336 3610 1387 3664 in
1414 3624 1597 3674 carne,
1630 3623 1729 3665 nos
1757 3617 1997 3679 peccato.
2030 3608 2131 3663 Per

551 3706 871 3775 baptismum
894 3713 1049 3759 vetus
1073 3711 1257 3782 noster
1279 3701 1441 3756 homo
1466 3701 1709 3770 sepultus
1733 3706 1837 3765 est,
1867 3706 1921 3753 et
1947 3715 2128 3755 resur-

552 3798 696 3852 rexlt
719 3812 905 3859 novus,
930 3793 1223 3849 conformis
1245 3794 1416 3849 factus
1435 3792 1767 3848 similitudini
1791 3795 1973 3847 mortis
1994 3794 2129 3862 ejus.

552 3887 609 3942 Si
626 3902 751 3958 ergo
769 3901 988 3942 necesse
1007 3894 1091 3940 est
1112 3900 1296 3939 rursus
1318 3884 1594 3955 baptizari,
1621 3898 1845 3939 necesse
1860 3896 1938 3939 εει
1959 3884 2128 3953 ipsum

556 3994 739 4034 rursus
764 3979 936 4033 mori:
969 3978 1229 4048 baptisma
1257 3978 1399 4032 enim
1431 3978 1564 4031 nihil
1601 3987 1684 4032 est
1711 3992 1869 4045 quam
1904 3976 2021 4044 ejus
2042 3978 2132 4045 qui

555 4071 857 4140 baptizatur
885 4070 1202 4138 peremptio,
1232 4078 1285 4124 et
1309 4068 1450 4123 illius
1472 4069 1775 4124 suscitatio.
1797 4067 2135 4138 Etprazclare

556 4163 712 4229 dixit,
752 4160 974 4217 Rursum
1000 4162 1347 4232 cruciﬁgentcs
1366 4178 1385 4216 :
1406 4176 1527 4215 nam
1557 4161 1648 4231 qui
1682 4162 1783 4214 hoc
1812 4160 1958 4225 facit,
2002 4168 2135 4212 tam-

558 4270 714 4331 quam
746 4254 937 4324 prioris
958 4253 1141 4325 gratia:
1161 4254 1380 4320 oblitus,
1404 4254 1592 4325 ignave
1621 4261 1675 4307 et
1694 4252 1952 4308 dissolute
1974 4253 2135 4307 vitam

557 4360 708 4399 suam
733 4346 858 4415 agit,
892 4345 1077 4416 sicque
1099 4345 1277 4398 omnia
1306 4343 1442 4415 gerit
1471 4354 1739 4413 tamquam
1781 4343 2014 4397 sitaliud
2042 4344 2135 4398 ba-

561 4436 1139 4506 ptisma.Quamobrem
1160 4444 1241 4489 est
1258 4434 1635 4489 attendendum
1658 4443 1711 4488 et
1731 4432 2032 4488 adhibenda
2058 4443 2140 4488 est

560 4530 754 4582 cautio.
777 4527 914 4595 Quid
931 4535 1031 4588 cst,
1057 4524 1390 4581 Gustaverunt
1410 4528 1560 4580 etiam
1580 4527 1767 4580 donum
1783 4527 2010 4581 calente?
2030 4510 2143 4580 Hoc

560 4627 663 4681 est,
696 4617 1065 4672 remissionem
1108 4614 1610 4686 peccatorum:boc
1648 4616 1791 4670 enim
1835 4616 2001 4670 solius
2045 4616 2137 4669 Dei

562 4718 645 4763 cst
668 4708 889 4772 donare,
919 4716 974 4761 et
995 4708 1108 4761 hzrc
1134 4706 1301 4777 gratia
1321 4706 1487 4761 semel
1509 4714 1591 4761 est
1612 4706 1805 4777 gratia.
1833 4705 1967 4772 Quid
1990 4705 2144 4776 ergo!

562 4799 869 4852 ntanebimus
904 4800 957 4851 in
984 4807 1185 4868 peccato
1227 4808 1280 4851 ut
1309 4798 1525 4852 abundet
1570 4798 1774 4870 gratia?
1798 4798 1938 4851 Absit
1966 4797 2141 4868 (Rom.

564 4892 617 4946 ὅ.
653 4892 701 4944 1.
731 4889 809 4962 2).
844 4890 899 4944 Si
930 4901 1106 4945 autem
1139 4906 1351 4963 semper
1378 4891 1512 4946 salvi
1542 4891 1705 4946 futuri
1730 4906 1918 4945 sumus
1945 4891 2140 4961 gratia,

568 4995 854 5049 numquam
896 4980 1098 5034 erimus
1135 4979 1279 5033 boni.
1312 4979 1441 5035 Nam
1470 4983 1536 5048 si,
1580 4980 1671 5035 ubi
1710 4997 1814 5035 una
1844 4989 1927 5035 est
1953 4980 2144 5051 gratia,

586 5072 663 5124 sic
694 5087 904 5141 quoque
932 5088 1116 5128 sumus
1146 5074 1323 5144 ignavi
1366 5083 1420 5129 et
1467 5076 1751 5142 socordes;
1798 5078 1841 5131 si
1869 5080 2150 5150 sciremus

584 5163 848 5219 abluenda
892 5181 1078 5221 rursus
1108 5175 1343 5237 peccata,
1392 5182 1797 5223 cessaremusne
1819 5184 1849 5224 a
1882 5170 2155 5239 peccatis?

587 5257 698 5326 Ego
713 5256 929 5326 quidem
963 5258 1179 5313 minime
1199 5260 1412 5330 opinor.
1442 5258 1601 5313 Multa
1630 5260 1714 5313 hic
1738 5260 1971 5315 ostendit
1990 5260 2151 5325 dona,

586 5355 639 5398 et
670 5355 726 5398 ut
752 5346 1019 5416 intelligas
1050 5346 1207 5401 audi:
1234 5348 1511 5418 Dignatus,
1556 5350 1745 5419 inquit,
1793 5365 1850 5403 es
1898 5358 2039 5402 tanta
2071 5366 2155 5404 rc-

588 5436 875 5491 miSsione:
907 5436 996 5507 qui
1024 5437 1245 5491 sedebat
1274 5438 1324 5491 in
1356 5438 1608 5503 tenebris,
1646 5440 1733 5509 qui
1770 5439 2034 5505 inimicus,
2062 5441 2153 5509 qui

590 5524 781 5587 hostis,
813 5526 902 5592 qui
926 5527 1274 5591 abalienatus,
1308 5528 1395 5597 qui
1423 5528 1527 5582 Deo
1550 5528 1769 5595 invisus,
1789 5532 1873 5599 qui
1894 5533 2151 5601 perditus,

585 5615 629 5666 is
664 5624 876 5679 repente
898 5616 1244 5680 illuminatus,
1267 5617 1455 5685 spiritu
1474 5617 1740 5686 dignatus,
1760 5620 1901 5673 dono
1927 5620 2151 5686 cmlesti,

585 5706 869 5777 adoptione
896 5707 946 5763 in
972 5707 1166 5778 lilium,
1203 5724 1368 5780 regno
1396 5711 1620 5780 είυιεειὶ,
1653 5711 1769 5768 aliis
1799 5713 1971 5776 bonis,
2001 5730 2151 5769 arca-

1343 300 1702 362 5.10.“le
1738 286 2211 355 CHRYSOSTOMI
2248 282 2562 340 ARCIIIEP.
2603 273 3131 338 CONSTANTINOP.

3756 263 3818 321 80

2223 400 2304 454 nis
2327 401 2619 473 mysteriis,
2645 412 2700 456 et
2730 416 2797 455 ne
2827 402 2905 455 sic
2954 402 3171 470 quidem
3201 400 3390 455 melior
3419 400 3678 464 eﬂ’eetus;
3712 401 3803 453 sed

2222 510 2339 549 cum
2357 493 2427 548 sit
2448 493 2659 562 quidem
2685 492 2873 562 dignus
2895 494 2984 563 qui
3008 501 3210 563 pereat,
3234 493 3456 546 salutem
3482 504 3802 561 assequunts

2220 594 2273 639 et
2298 585 2556 640 honorem
2582 594 2847 655 tamquam
2881 584 2971 653 qui
3001 585 3257 652 prmclare
3280 599 3343 639 ex
3377 585 3575 637 virtute
3596 600 3658 637 se
3688 600 3807 651 ges-

2220 674 2399 738 sisset,
2441 675 2709 745 quomodo
2747 687 2935 728 rursus
2982 676 3218 743 potuerit
3260 674 3552 745 baptizari?
3585 673 3805 728 Duobus

2221 780 2349 834 ergo
2378 766 2551 820 modis
2582 780 2694 819 rem
2721 764 2855 819 dixit
2880 779 2985 818 non
3018 780 3175 833 posse
3204 765 3339 831 ﬁeri,
3370 774 3425 820 et
3452 781 3573 819 eum
3608 766 3701 835 qui
3727 774 3808 820 est

2223 857 2427 910 ﬁrmior
2456 865 2511 910 et
2556 855 2781 910 validior
2825 856 3005 924 posuit
3054 856 3321 923 posterius
3358 873 3371 908 :
3407 871 3511 910 uno
3560 855 3802 925 quidem,

2219 949 2358 1019 quod
2384 963 2486 1002 non
2506 957 2587 1002 est
2603 948 2815 1018 dignus,
2843 947 2930 1017 qui
2957 954 3039 1002 est
3062 947 3225 1002 rebus
3248 947 3508 1016 ejusmodi
3531 948 3806 1017 dignatus,

2223 1051 2276 1097 et
2302 1042 2480 1096 omnia
2510 1056 2629 1111 qua:
2658 1041 2761 1096 sibi
2802 1050 2927 1095 sunt
2969 1040 3163 1095 donata
3209 1039 3462 1109 prodidit,
3515 1050 3573 1094 ut
3621 1055 3807 1093 rursus

2225 1142 2543 1198 renovetur;
2572 1133 2764 1199 altero,
2798 1132 2939 1202 quod
2969 1132 3080 1187 fieri
3111 1146 3214 1185 non
3242 1140 3421 1200 potest
3454 1142 3507 1184 ut
3539 1132 3660 1200 ipse
3686 1148 3809 1186 rur-

2222 1239 2313 1277 sus
2340 1224 2718 1289 cruciligatur:
2748 1220 2851 1275 hoc
2875 1222 3016 1275 enim
3048 1229 3131 1275 est
3169 1222 3405 1275 ostentui
3450 1219 3675 1286 habere,
3710 1236 3810 1275 seu

2222 1314 2522 1368 traducere.
2541 1310 2659 1366 Non
2678 1320 2761 1367 est
2782 1326 2929 1381 ergo,
2955 1324 3058 1365 non
3086 1318 3169 1366 est
3193 1309 3483 1365 secundum
3508 1310 3809 1367 lavacrum:

2221 1406 2267 1460 si
2293 1415 2373 1460 est
2402 1414 2602 1470 autem,
2647 1412 2731 1459 est
2772 1404 2987 1459 tertium
3029 1403 3189 1457 etiam
3237 1411 3293 1457 et
3339 1414 3628 1472 quartum:
3664 1403 3814 1472 prius

2222 1499 2363 1553 enim
2395 1512 2606 1565 semper
2633 1495 2946 1551 dissolvitur
2972 1511 3002 1550 a
3032 1494 3342 1565 posteriori,
3375 1505 3426 1548 et
3453 1493 3555 1549 hoc
3592 1509 3815 1563 semper

2223 1590 2290 1643 ab
2314 1590 2450 1652 alio;
2484 1587 2645 1657 idque
2671 1589 2725 1641 in
2757 1585 3041 1641 inﬁnitum.
3066 1586 3199 1640 Cum
3222 1584 3445 1640 dixisset
3470 1593 3677 1651 autem,
3702 1586 3813 1640 Gu-

2222 1693 2476 1737 stauerunt
2492 1682 2675 1735 bonum
2701 1681 2797 1735 Dei
2810 1682 3032 1743 verbum,
3056 1683 3357 1751 virtutesque
3381 1683 3555 1736 surculi
3576 1682 3777 1737 venturi
3793 1698 3824 1749 ς,

2225 1788 2331 1829 non
2362 1773 2413 1827 id
2440 1752 2691 1843 explicat,
2720 1772 2813 1828 sed
2842 1771 3165 1838 subiudieat,
3199 1785 3261 1826 ac
3282 1773 3323 1825 si
3354 1771 3595 1827 diceret:
3624 1773 3823 1828 vivere

2217 1870 2485 1932 tamquam
2519 1864 2761 1933 angelos,
2790 1879 2856 1920 ex
2890 1864 2956 1920 iis
2982 1881 3101 1935 qua:
3140 1866 3225 1921 hic
3262 1874 3390 1920 sunt
3430 1867 3629 1921 nullius
3667 1868 3815 1922 indi-

2224 1968 2372 2022 gere,
2404 1954 2540 2007 scire
2567 1953 2709 2023 quod
2739 1954 2970 2009 ﬁliorum
2999 1955 3213 2025 adoptio
3242 1956 3395 2011 nobis
3426 1956 3593 2013 futuri
3618 1960 3806 2013 smculi

2222 2042 2359 2097 bona
2422 2043 2695 2111 attribuat,
2751 2054 3059 2113 exspectare
3114 2046 3491 2102 admissionem
3542 2050 3597 2102 in
3650 2049 3812 2120 adyta

2228 2132 2313 2187 illa
2343 2151 2355 2186 :
2386 2133 2499 2187 hee
2542 2136 2671 2189 licet
2695 2149 2788 2203 per
2831 2136 3075 2205 spiritum
3109 2136 3337 2193 discere.
3369 2138 3630 2203 Quaenam
3662 2151 3812 2203 sunt,

2237 2221 2458 2276 Virtutes
2503 2224 2665 2294 futuri
2709 2225 2927 2278 steculi?
2959 2225 3071 2279 Vita
3122 2237 3342 2292 aeterna,
3388 2228 3631 2298 angelica
3688 2230 3813 2283 vita:

2226 2314 2489 2368 institutio
2539 2314 2737 2369 llorum
2778 2316 2888 2384 jam
2935 2317 3152 2371 arrham
3181 2320 3485 2387 accepimus
3520 2333 3620 2388 per
3649 2318 3821 2374 iidem:

2223 2419 2252 2457 a
2282 2403 2503 2473 Spiritu.
2556 2405 2652 2460 Dic
2707 2422 2854 2476 ergo,
2905 2408 2949 2461 si
3003 2408 3056 2461 in
3116 2409 3318 2478 regiam
3366 2423 3517 2464 esses
3562 2411 3815 2465 introdu-

2226 2506 2363 2563 ctus,
2415 2508 2468 2553 et
2510 2514 2628 2568 qua:
2670 2509 2795 2552 sunt
2847 2500 2956 2554 illic
3002 2503 3179 2555 omnia
3214 2502 3306 2557 tibi
3349 2514 3530 2559 essent
3577 2505 3824 2571 credita,

2226 2587 2421 2641 deinde
2448 2588 2779 2657 prodidisses
2818 2593 3015 2655 omnia,
3060 2608 3193 2647 eane
3236 2594 3329 2647 tibi
3372 2609 3563 2648 rursus
3609 2595 3813 2651 crede»

2227 2679 2445 2732 rentur?

2297 2774 2351 2826 4.
2392 2772 2437 2839 Q
2460 2772 2525 2826 :id
2554 2774 2714 2844 ergo?
2742 2773 2931 2843 inquit,
2964 2791 3069 2829 non
3098 2785 3177 2830 est
3204 2777 3552 2846 paenitentia?
3575 2778 3673 2834 Est
3698 2794 3822 2849 pm-

2230 2864 2329 2917 nitt
2342 2866 2447 2919 mia
2475 2866 2712 2935 quidem,
2737 2876 2790 2920 at
2816 2882 2945 2922 vero
2970 2883 3071 2922 non
3102 2880 3181 2923 est
3204 2870 3498 2925 secundum
3521 2871 3815 2941 baptisma.

2229 2956 2523 3011 Estautem
2552 2958 2865 3026 pmnitentia
2894 2974 3012 3028 qua:
3040 2976 3286 3030 magnam
3333 2961 3490 3017 habet
3518 2964 3646 3029 vim,
3694 2982 3821 3037 quae.

2235 3057 2410 3118 potest
2436 3064 2558 3103 eum
2589 3050 2677 3118 qui
2707 3057 2789 3103 est
2819 3051 3053 3119 peccatis
3080 3052 3386 3118 immersus,
3410 3054 3456 3107 si
3496 3055 3643 3122 velit,
3669 3057 3813 3111 libe-

2232 3155 2354 3192 rare
2374 3139 2441 3192 ab
2462 3153 2625 3192 onere
2652 3150 3009 3207 peccatorum,
3035 3152 3224 3195 eteum
3249 3144 3337 3211 qui
3364 3152 3448 3198 est
3472 3146 3522 3198 in
3547 3147 3816 3213 periculo,

2233 3229 2284 3283 in
2316 3238 2428 3283 tuto
2453 3229 2739 3293 collocare,
2772 3230 2983 3285 etiamsi
3011 3232 3218 3286 venerit
3245 3234 3295 3287 in
3325 3232 3500 3300 ipsum
3542 3236 3654 3290 vitii
3686 3253 3818 3307 pro-

2234 3319 2474 3375 fundum.
2507 3319 2561 3373 ld
2591 3329 2769 3374 autem
2813 3337 2877 3375 ex
2930 3322 3114 3375 multis
3151 3333 3233 3376 est
3264 3324 3619 3394 perspicuum.
3653 3326 3818 3392 Num,

2234 3412 2423 3481 inquit,
2468 3412 2555 3481 qui
2602 3411 2740 3464 cadit
2772 3428 2874 3465 non
2916 3413 3175 3481 resurgit?
3203 3426 3291 3467 aut
3321 3417 3408 3486 qui
3448 3428 3522 3471 est
3547 3419 3824 3487 adversus,

2232 3518 2332 3555 non
2361 3503 2672 3556 convertitur
2698 3501 2835 3571 (Jer.
2873 3504 2926 3557 8.
2958 3504 3050 3573 4)?
3081 3505 3281 3568 Potest,
3313 3509 3355 3562 si
3386 3508 3630 3575 velimus,
3660 3511 3823 3567 Chri-

2235 3600 2350 3647 stus
2380 3594 2432 3647 in
2461 3593 2615 3647 nobis
2644 3609 2829 3648 rursus
2860 3594 3075 3649 formari
3106 3615 3119 3651 :
3148 3596 3271 3651 audi
3302 3600 3443 3653 enim
3480 3600 3702 3655 Paulum
3733 3604 3822 3658 di-

2235 3691 2442 3737 centem
2468 3699 2479 3736 :
2507 3681 2689 3737 Filioli
2714 3685 2832 3751 mei,
2859 3702 2984 3755 quos
3014 3688 3195 3739 iterum
3228 3691 3480 3757 parturio,
3511 3691 3672 3747 donec
3711 3697 3827 3765 {or-

2234 3782 2396 3826 metur
2423 3773 2658 3829 Cltristus
2684 3777 2736 3829 in
2762 3776 2899 3829 vobis
2929 3776 3069 3848 (Gal.
3094 3779 3151 3833 4.
3183 3778 3271 3849 19)
3297 3797 3310 3833 :
3340 3782 3665 3852 attingamus
3696 3795 3824 3840 tan-

2237 3874 2346 3919 tum
2367 3867 2758 3936 paenitentiam.
2790 3866 2922 3922 Nam
2955 3869 3075 3924 vide
3105 3870 3193 3924 Dei
3228 3871 3611 3941 benignitatem
3636 3884 3691 3930 et
3719 3877 3835 3950 cier

2236 3958 2489 4011 mentiam
2530 3976 2543 4012 :
2573 3959 2853 4027 oportebat
2878 3975 2977 4015 nos
3001 3961 3147 4014 omni
3185 3961 3344 4016 modo
3368 3964 3537 4030 puniri
3563 3963 3614 4019 in
3642 3967 3821 4031 initio,
3894 3976 3897 3977 '

2243 4034 2404 4101 quod,
2437 4050 2557 4089 cum
2585 4047 2639 4092 et
2668 4038 2839 4109 legem
2866 4043 3264 4112 accepissemus
3303 4048 3621 4113 naturalem,
3645 4060 3702 4104 et
3733 4052 3836 4105 ad:

2244 4127 2348 4192 epti
2379 4125 2515 4180 bona
2544 4143 2786 4185 essemus
2814 4133 3247 4203 innumerabilia,
3283 4148 3337 4193 et
3366 4140 3650 4196 Dominum
3678 4145 3837 4213 igno—

2247 4216 2557 4283 raret-imus,
2592 4220 2955 4295 impuramque
2985 4236 3039 4280 et
3069 4229 3396 4284 immundam
3426 4232 3589 4285 vitam
3618 4234 3831 4290 vixeri-

2246 4320 2398 4360 mus:
2431 4307 2517 4361 ille
2557 4323 2736 4365 autem
2784 4329 2888 4368 non
2921 4316 3092 4370 solum
3137 4333 3243 4373 non
3289 4322 3480 4388 puniit,
3526 4322 3618 4377 sed
3666 4326 3830 4379 etiam

2245 4397 2382 4451 bona
2428 4400 2685 4469 impertiit
2728 4406 3029 4470 innumera,
3076 4408 3297 4477 perinde
3326 4421 3487 4482 atque
3516 4393 3559 4467 εἰ
3590 4430 3678 4470 res
3709 4432 3829 4469 ma-

2243 4502 2373 4555 gnas
2403 4498 2456 4543 et
2483 4493 2767 4559 prmclaras
2794 4499 3173 4565 gessissemus.

2316 4578 2632 4639 Paenitentite
2661 4588 2730 4640 vis
2757 4605 2960 4660 magna.
2984 4622 3056 4632 —
3078 4592 3275 4647 lterum
3307 4595 3439 4665 lapsi
3464 4613 3668 4663 sumus,
3689 4608 3833 4655 etne

2244 4670 2321 4722 sic
2345 4672 2557 4739 quidem
2593 4677 2763 4743 punit,
2794 4680 2886 4733 sed
2914 4679 3060 4735 dedit
3083 4683 3529 4747 medicamentum
3559 4690 3831 4757 pmoiten-

2248 4760 2331 4813 tia.-
2362 4763 2501 4831 qnod
2531 4766 2725 4821 snl'ticit
2754 4770 2818 4823 ad
2865 4771 3093 4828 delenda
3146 4786 3202 4830 et
3242 4777 3599 4849 abstergenda
3648 4786 3835 4840 omnia

2247 4862 2459 4920 peccata
2494 4866 2695 4921 nostra,
2726 4860 2769 4913 si
2802 4862 2962 4916 modo
2994 4867 3240 4919 novimus
3280 4869 3583 4935 cuiusmodi
3618 4872 3690 4926 sit
3719 4890 3838 4929 me~

2245 4941 2629 5015 dicameutum,
2654 4960 2708 5005 et
2737 4955 3006 5021 quomodo
3034 4957 3085 5012 id
3112 4958 3182 5011 sit
3207 4960 3603 5029 applicandum.
3638 4963 3838 5034 Cujus-

2247 5035 2387 5088 modi
2406 5052 2533 5108 ergo
2550 5050 2631 5094 est
2649 5043 2850 5097 medica
2860 5057 3095 5101 mentum
3122 5051 3466 5117 ῃωηίιειιιὶειι,
3490 5062 3543 5106 ει
3559 5057 3837 5123 quomodo

2246 5127 2558 5181 conficitur?
2595 5130 2833 5186 Primum
2864 5145 2947 5189 est
2977 5151 3041 5191 ex
3083 5154 3299 5193 suorum
3333 5154 3676 5210 peccatorum
3703 5160 3839 5201 con-

2241 5214 2610 5287 demnatione,
2659 5233 2713 5277 et
2757 5242 2823 5280 ex
2861 5228 3201 5286 confessione
3244 5249 3259 5285 :
3309 5234 3581 5299 Delictum,
3629 5239 3831 5309 inquit,

2246 5324 2407 5362 meum
2437 5315 2695 5384 cognitum
2726 5319 2813 5370 tibi
2855 5319 2974 5386 feci,
3008 5331 3053 5374 et
3083 5334 3344 5393 peccatum
3390 5342 3556 5380 meum
3603 5345 3705 5384 non
3745 5333 3839 5386 ab-

2245 5401 2451 5465 scondi;
2477 5413 2549 5468 et,
2584 5403 2941 5463 Pronuntiabo
2971 5423 3150 5466 contra
3188 5431 3267 5468 me
3309 5416 3627 5486 iniquitatem
3668 5437 3838 5477 meam

2246 5490 2489 5562 Domino,
2516 5507 2563 5551 et
2581 5508 2634 5551 tu
2656 5502 2891 5555 remisisti
2909 5504 3218 5573 impietatem
3238 5508 3404 5562 cordis
3427 5510 3524 5562 mei
3545 5508 3718 5581 (Psal.
3741 5515 3835 5568 3i.

2246 5586 2299 5641 5.
2332 5586 2409 5655 6).
2442 5588 2507 5643 Et
2536 5590 2851 5655 iterum,Dic
2876 5606 3084 5665 peccata
3129 5608 3217 5651 tua
3262 5600 3424 5668 prior,
3456 5610 3509 5653 ut
3525 5601 3838 5672 justiﬁceris

2251 5679 2402 5750 (Isai.
2429 5682 2516 5739 45.
2542 5683 2671 5756 26);
2698 5696 2772 5756 ει,
2802 5688 2981 5747 Justus
3006 5702 3082 5747 est
3108 5694 3187 5751 sui
3213 5705 3476 5753 accusator
3501 5697 3553 5752 in
3580 5699 3840 5770 principio
