4020 6400
186 287 256 345 79
1026 285 1360 356 IIN‘EPIST.
1416 287 1508 345 AD
1546 287 1922 345 HEBILEOS.
1957 286 2120 345 CAP.
2163 288 2249 342 Vl.
2297 286 2535 344 HOMIL.
2578 288 2669 345 IX.
3416 287 3489 342 80

183 407 321 461 Υίὺν
340 403 446 459 τοῦ
475 403 627 459 Θεοῦ
641 402 741 456 καί
761 402 1426 475 παραδειγματίζοντας.
1464 407 1520 461 Ἀ
1530 408 1779 463 νακαινί-

181 490 319 557 ζειν,
339 492 529 562 φησὶν,
558 490 640 553 είς
664 490 957 557 μετάνοιαν
976 506 989 519 '
1019 492 1295 555 τουτέστι,
1321 492 1410 546 διά
1442 492 1736 563 μετανοίας
1762 508 1776 521 ο

179 574 237 628 τί
296 569 429 641 οῦνς
464 573 850 643 ὲκδέὸληταιή
884 574 1184 643 μετάνοια;
1232 576 1347 646 Οὐχ
1380 577 1411 647 ἡ
1480 575 1777 647 μετάνοια,

184 659 263 729 μὴ
293 658 524 728 γένοιτο,
553 657 671 710 ἀλλ’
702 659 730 710 6
763 657 853 710 διά
882 657 1110 729 λουτροῦ
1144 658 1310 712 πάλιν
1350 660 1775 730 ἁνακαινισμὸς.

179 743 261 794 Ub
290 740 405 812 7&9
432 736 608 803 εἶπεν,
657 739 985 795 Ἀδύνατον
1013 741 1522 810 ἀνακαινισθῆναι
1566 745 1654 809 είς
1681 760 1780 812 με·

178 826 465 889 τᾰνοιαν,
519 826 616 877 καὶ
684 826 980 895 ἐσίγησεν·
1019 826 1137 879 ἀλλ’
1200 826 1395 892 εἰπὼν,
1443 826 1779 881 Ἀδύνατον

177 909 493 977 ὲπήγαγεν,
558 908 1133 978 Ἀνασταυροῦντιις.
1203 909 1729 977 Ἀνακαινισθῆναι
1761 926 1775 939 ·

177 992 449 1053 τουτέστι,
478 992 667 1045 καινὸν
698 992 955 1059 γενέσθαι
989 1006 1005 1021 ⁶
1036 992 1098 1045 τὸ
1120 991 1231 1063 γάρ
1263 995 1488 1055 καινοὺς
1520 993 1775 1062 ποιῆσαι,

177 1075 277 1127 τοῦ
298 1074 527 1145 λουτροῦ
562 1075 726 1146 μόνον
759 1077 907 1129 ἐστίν
930 1092 942 1104 ·
991 1076 1596 1143 Ἀνακαινιονθήσεται
1640 1078 1774 1147 γὰρ,

178 1159 371 1228 φησὶν,
402 1160 484 1225 ὡς
501 1159 683 1214 ἀετοῦ
706 1162 743 1229 ἡ
766 1161 983 1229 νεότης
1020 1176 1157 1215 σου.

254 1321 369 1391 Τῆς
400 1322 458 1375 δὲ
492 1324 786 1393 μετανοίας
831 1325 952 1379 ἐστὶ
983 1326 1064 1389 16,
1136 1327 1363 1391 καινοὺς
1423 1328 1773 1399 γενομένους,

176 1402 305 1459 εἶτα
336 1406 755 1473 παλαιωθέντας
792 1409 898 1462 ὑπὸ
925 1410 1033 1463 τῶν
1090 1412 1537 1483 ἁμαρτημάτων,
1600 1412 1779 1467 ἀπαλ-

176 1488 342 1552 λάξαι
361 1490 462 1561 τῆς
493 1492 862 1563 παλαιότητος
886 1496 981 1549 καὶ⁵
1012 1496 1237 1561 καινοὺς
1279 1496 1627 1566 ἐργάσασθαι
1654 1511 1669 1527 °
1698 1497 1779 1558 εἰς

176 1574 403 1645 εκείνην
460 1576 645 1646 μέντοι
691 1576 791 1648 τὴν
842 1580 1208 1651 λαμπρότητα
1256 1582 1491 1650 ἀγαγεῖν
1523 1580 1626 1633 οὐκ
1659 1580 1775 1632 ἔνι·

176 1659 303 1711 ἐκεῖ
333 1658 444 1731 7&9
461 1661 523 1713 16
551 1660 672 1713 ὅλον
701 1663 735 1732 η
754 1662 914 1733 χάρις
939 1658 1029 1733 ἦν.
1051 1664 1619 1732 Ἀνασταυροῦντας
1637 1663 1778 1716 ἐαυ-

175 1739 327 1805 τοῖς,
363 1741 519 1809 φησὶ,
551 1741 661 1795 τὸν
698 1743 834 1797 Υιὸν
868 1743 978 1798 τοῦ
1019 1745 1168 1799 Θεοῦ
1192 1746 1294 1799 καί
1328 1742 1783 1813 παραδειγματί-

176 1821 412 1888 ζοντας.
454 1824 520 1878 '0
540 1824 599 1878 δὶ
631 1824 801 1894 λέγει,
829 1826 989 1881 τοῦτό
1015 1829 1131 1882 ἔστι
1152 1844 1166 1858 ·
1200 1827 1275 1881 T6
1298 1826 1585 1897 βάπτισμα
1618 1842 1783 1878 σταυ-

179 1906 279 1977 ρός
300 1906 417 1960 ἐστι
443 1924 459 1939 ·
488 1908 963 1979 Συνεσταιῳώθη
1013 1910 1125 1981 γὰρ
1148 1914 1181 1965 ό
1208 1911 1470 1977 παλαιὸς
1492 1908 1662 1979 ἡμῶν
1683 1908 1783 1962 ἄν·

177 1992 434 2057 θρωπος.
489 1992 599 2046 Καὶ
646 1994 810 2047 πάλιν
839 2010 853 2024 ·
909 1996 1256 2065 Σύμμορςροι
1297 1995 1636 2066 γεγόναμεν
1700 1992 1783 2058 τῷ

178 2074 511 2144 ὁμοιώματι
530 2076 637 2131 τοῦ
654 2077 919 2134 θανάτου
953 2080 1142 2134 αὺτοῦ
1158 2097 1173 2112 ο
1195 2081 1289 2134 καὶ
1311 2080 1498 2134 πάλιν·
1524 2076 1784 2132 Συνετά-

175 2174 383 2227 φημεν
411 2156 528 2215 οὖν
576 2161 739 2227 αὐτῷ
792 2163 890 2217 διὰ
935 2164 1043 2218 τοῦ
1073 2165 1504 2234 βαπτίσματος
1529 2166 1616 2228 είς
1673 2160 1784 2216 τὸν

175 2244 693 2317 θάνατον.”οσπερ
718 2242 813 2301 οῦν
860 2248 963 2301 οὐκ
1002 2247 1084 2301 ἔνι
1135 2248 1393 2321 δεύτερον
1455 2246 1785 2320 σταυρωθῆ-

174 2344 267 2381 ναι
302 2326 397 2381 τὸν
422 2329 664 2401 Χριστόν
686 2346 701 2361 ⁶
722 2331 883 2386 τοῦτο
909 2333 1022 2403 γὰρ
1044 2332 1561 2404 παραδειγματίσαι
1616 2331 1783 2386 αὐτόν

174 2414 369 2468 ἐστιν·
404 2416 578 2481 οὔτως
610 2419 734 2472 οὐδὲ
768 2418 1163 2490 βαπτισθῆναι.
1191 2422 1255 2475 Et
1286 2420 1397 2493 γάρ
1430 2420 1661 2485 θάνατος
1693 2420 1784 2475 αύ-

173 2499 275 2553 τοῦ
304 2500 820 2575 οὐκέτικυριεύσει,
846 2506 895 2557 εί
913 2504 1141 2575 ἀνέστη,
1171 2507 1241 2577 τῇ
1266 2503 1573 2558 ἀναστάσει
1601 2504 1784 2576 κρείτ-

172 2600 288 2637 των
301 2584 604 2656 γενόμενος
618 2587 714 2640 τοῦ
736 2587 996 2655 θανάτου,
1022 2586 1178 2641 είδιά
1194 2587 1291 2642 τοῦ
1318 2587 1555 2641 θανάτου
1581 2587 1673 2640 τὸν
1685 2586 1783 2641 θά-

173 2684 342 2721 νατον
365 2670 773 2725 κατεπάλαισεν
792 2712 809 2737 ,
846 2666 966 2725 εἶτα
995 2671 1159 2724 πάλιν
1189 2670 1526 2742 σταυροῦται
1551 2686 1566 2700 ⁶
1609 2669 1783 2740 μῦθος

172 2750 363 2805 πάντα
378 2753 566 2807 ἐκεῖνα
596 2755 692 2807 καὶ
744 2754 1325 2827 παραδειγματισμός.
1361 2755 1419 2807 ὐ
1445 2754 1631 2806 τοίνυν
1658 2753 1781 2806 δεύο

170 2852 339 2908 τερον
365 2837 560 2891 ἑαυτὸν
588 2837 891 2909 βαπτίζων,
930 2839 1096 2893 πάλιν
1148 2838 1314 2892 αὑτὸν
1347 2840 1597 2910 σταυροῖ.
1622 2836 1691 2889 Τί
1723 2836 1782 2890 δέ

170 2921 351 2984 ἐστιν,
371 2920 941 2992 Ἀνασταυροῦντας
963 2940 978 2989 ;
1004 2922 1250 2976 ’Δνωθεν
1271 2922 1445 2976 πάλιν
1476 2919 1781 2991 σταυροῦν-

170 3020 299 3068 τας.
320 3005 496 3058 ’Ὢσπε
505 3023 535 3078 ρ
554 3004 666 3079 [97]
686 3006 796 3078 7&9
822 3006 1099 3061 ἀπέθανεν
1114 3009 1143 3061 6
1160 3006 1402 3079 Χριστὸς
1422 3008 1482 3059 ὲν
1508 3005 1591 3076 τῷ
1621 3022 1785 3059 σταυ-

174 3088 280 3160 ρῷ,
308 3087 489 3153 οὕτως
507 3092 669 3161 ἡμεῖς
690 3094 748 3146 ἰν
769 3090 848 3164 τῷ
871 3091 1236 3162 βαπτίσματι,
1254 3092 1314 3145 ού
1330 3094 1396 3163 τῇ
1427 3090 1616 3161 σαρκὶ,
1644 3090 1783 3145 ἀλλά

171 3175 241 3243 τῇ
267 3172 542 3245 ἁμαρτίᾳ.
564 3174 708 3247 Ὀρα
731 3174 986 3239 θάνατον,
1020 3176 1114 3230 καὶ
1145 3175 1396 3230 θάνατον·
1424 3177 1632 3236 ἐκεῖνος
1648 3174 1783 3229 ἀπέ-

174 3254 343 3309 θανεν
360 3258 422 3309 ιν
440 3259 506 3328 τῇ
530 3259 720 3331 σαρκὶ,
752 3260 919 3329 ἡμεῖς
944 3259 1003 3313 δὲ
1035 3261 1103 3330 τῇ
1130 3259 1401 3331 ἁμαρτίᾳ.
1426 3257 1525 3311 Διά
1558 3257 1655 3312 τοῦ
1694 3257 1784 3327 βα-

179 3340 497 3412 πτίσματος
518 3342 678 3414 ἡμῶν
702 3343 731 3396 6
758 3344 992 3408 παλαιὸς
1022 3343 1313 3415 ἄνθρωπος
1344 3343 1544 3415 ὲτάφη,
1576 3343 1670 3397 κα)⁸
1695 3343 1785 3396 άν-

176 3424 316 3494 έστη
348 3426 377 3478 6
404 3426 617 3491 καινὸς,
645 3428 674 3480 6
696 3426 1026 3499 σύμμορφος
1046 3427 1346 3497 γενόμενος
1368 3425 1447 3498 τῷ
1463 3424 1785 3497 ὁμοιώματι

176 3505 275 3560 τοῦ
314 3505 551 3562 θανάτου
579 3509 769 3564 αὐτοῦ.
804 3511 869 3564 Et
894 3510 1076 3564 τοίνυν
1106 3511 1326 3582 ἀνάγκη
1364 3510 1530 3564 πάλιν
1589 3508 1787 3580 βαπτι-

178 3588 405 3660 σθῆναι,
430 3592 645 3664 ἀνάγκη
663 3594 830 3649 πάλιν
846 3594 1010 3650 αὑτὸν
1031 3594 1325 3649 ἀποθανεῖν
1346 3595 1537 3649 τοῦτον
1559 3610 1572 3623 ·
1597 3592 1660 3647 16
1677 3592 1788 3665 7&9

180 3671 476 3743 βάπτισμα
495 3675 648 3729 οὐδέν
677 3680 825 3731 ἐστιν
848 3676 1001 3742 ἀλλο,
1027 3678 1061 3749 ἢ
1087 3678 1370 3749 ἀναίρεσις
1395 3677 1491 3733 τοῦ
1524 3676 1788 3747 βαπτιζο-

184 3756 384 3824 μένου,
414 3759 511 3811 καὶ
533 3758 754 3831 ἐγερσις
777 3760 1015 3817 ἐκείνου.
1052 3763 1163 3816 Καὶ
1193 3762 1376 3824 καλῶς
1399 3757 1577 3826 εἶπεν,
1614 3762 1787 3817 Ἑαυ-

179 3838 311 3907 τοῖς
335 3841 881 3913 ἀνασταυροῦντας
901 3864 913 3877 ·
955 3848 984 3899 6
1006 3847 1115 3919 γὰρ
1139 3846 1299 3901 τοῦτο
1347 3845 1519 3900 ποιῶν
1535 3885 1549 3910 ,
1584 3845 1662 3910 ώς
1685 3848 1789 3917 τῆς

180 3926 469 3998 προτέρας
502 3929 730 4001 χάριτος
777 3931 1197 4004 ἐπιλαθόμενος,
1231 3934 1328 3987 καὶ
1374 3931 1639 4005 ῥᾳθύμως
1692 3933 1787 3989 16v

182 4009 390 4063 ἑαυτοῦ
415 4010 529 4080 βίον
556 4010 973 4085 οἰκονομῶν,ώς
994 4016 1147 4081 ὄντος
1164 4017 1355 4089 ἑτέρου
1380 4017 1786 4089 βαπτίσματος,

182 4089 334 4145 οὕτω
360 4094 545 4150 πάντα
570 4096 995 4169 διαπράττεται.
1022 4100 1226 4172 Διόπερ
1246 4100 1540 4171 προσέχειν
1552 4102 1661 4173 χρὴ
1688 4102 1789 4155 καὶ

184 4175 616 4245 ἀσφαλίζεσθαι.
674 4182 741 4236 Τί
762 4184 902 4248 ἔστι,
932 4184 1370 4254 Γευσαμένους
1408 4183 1521 4255 τῆς
1562 4184 1789 4256 δωρεᾶς

184 4262 302 4332 τῆς
316 4265 725 4339 ἐπουρανίους
758 4273 1043 4340 Τουτίστι,
1072 4275 1173 4345 τῆς
1202 4273 1455 4343 ἀφέσεως
1482 4274 1593 4329 τῶν
1607 4275 1791 4349 ἀμαρ-

183 4350 490 4419 τημάτων·
519 4352 680 4408 τοῦτο
722 4356 833 4429 γὰρ
894 4357 1031 4412 Θεοῦ
1071 4358 1236 4429 μόνου
1288 4357 1639 4430 χαρίζεσθαι,
1693 4362 1792 4415 καὶ

186 4434 411 4505 ήχάρις
467 4436 617 4506 ἀπαξ
646 4441 763 4493 ἐστὶ
788 4440 970 4513 χάρις.
1010 4443 1071 4497 Τί
1109 4437 1224 4497 οὖν
1270 4442 1680 4512 ἐπιμενοῦμεν
1714 4443 1791 4515 τῇ

186 4517 473 4587 ἁμαρτίᾳ,
504 4522 607 4575 ἵνα
640 4524 681 4593 ἠ
709 4524 885 4593 χάρις
916 4524 1235 4595 πλεονάσῃ
1255 4541 1275 4591 ;
1298 4526 1393 4594 Μὴ
1430 4524 1687 4595 γένοιτο.
1725 4530 1790 4583 El

186 4601 247 4656 δὲ
266 4604 359 4658 ἀεὶ
391 4605 662 4679 μέλλομεν
688 4610 875 4680 χάριτι
912 4608 1213 4675 σώζεσθαι,
1244 4610 1513 4665 οὐδέποτε
1547 4612 1792 4684 ἐσόμεθα

188 4688 413 4758 ἀγαθοί.
447 4690 625 4746 Ὅπου
658 4694 769 4764 7&9
796 4694 896 4764 μία
918 4694 1037 4747 ἐστὶ
1066 4696 1252 4765 χάρις,
1288 4696 1384 4748 καὶ
1412 4695 1560 4749 οὕτω
1616 4698 1791 4768 ρᾳθυ-

193 4771 440 4845 μοῦμενο
465 4776 513 4828 εί
543 4776 769 4849 ᾔδειμεν
795 4779 878 4831 ὅτι
907 4777 1074 4832 πάλιν
1098 4778 1249 4831 ἐστιν
1280 4778 1695 4834 ἀπολούσασθαι
1721 4781 1791 4836 τά

192 4858 597 4929 ἁμαρτήματα,
645 4856 757 4933 ἄρα
812 4862 879 4916 ἂν
931 4861 1298 4933 ἑπαυσάμεθα
1342 4863 1790 4933 άμαρτάνοντεςς

193 4940 310 4995 Οὐκ
336 4941 515 5013 ἔγωγε
542 4940 717 5017 οἶμαι.
750 4946 931 5002 Πολλά
976 4946 1214 5001 ενταῦθα
1239 4946 1480 5000 δείκνυσι
1503 4947 1573 5001 τά
1600 4946 1753 5019 δῶρα
1777 4963 1791 4977 ⁶

193 5025 293 5079 καὶ
323 5026 414 5081 ῖνα
450 5028 651 5102 μάθῃς,
681 5032 943 5087 ἄκουσον·
969 5030 1355 5104 Κατηξιώθης,
1388 5031 1542 5101 φησὶ,
1592 5032 1795 5086 τοσαύ-

193 5126 295 5182 της
348 5112 636 5183 ἀφέσεως,
664 5119 725 5172 ἐν
762 5120 984 5190 σκότῳι
1040 5118 1411 5188 καθεζόμενος
1435 5118 1463 5170 ὁ
1496 5116 1714 5190 ἐχθρὸς,
1766 5121 1794 5173 6

196 5196 484 5270 πολέμιος.
514 5202 543 5255 6
579 5201 1119 5274 ἀπηλλοτριωμένος,
1145 5205 1172 5256 6
1200 5202 1525 5273 θεοστυγὴς,
1561 5205 1590 5257 6
1631 5204 1795 5257 ἀπολο

195 5276 434 5352 λύμενος
455 5301 471 5317 ⁸
495 5287 524 5339 6
546 5285 794 5351 τοιοῦτος
820 5282 913 5340 οῦν
946 5286 1213 5357 ἐξαίφνης
1266 5287 1583 5356 φωτισθεὶς,
1617 5286 1793 5341 Πνεύ-

202 5385 371 5441 ματος
391 5368 671 5435 ἀξιωθεὶς,
688 5371 901 5442 δωρεᾶς
924 5372 1277 5442 ἐπουρανίου,
1306 5370 1608 5436 υἱοθεσίας,
1635 5372 1794 5442 βασι-

197 5450 351 5516 λείας
380 5451 653 5522 οὐρανῶν,
678 5454 789 5507 τῶν
815 5454 991 5509 ἀλλων
1013 5456 1257 5524 ἀγαθῶν,
1281 5456 1601 5529 μυστηρίων
1629 5460 1797 5531 ἀπορ-

228 5700 279 5766 ,⁸
306 5699 459 5772 Legi}
479 5701 745 5772 Παίδρας,
771 5706 1008 5763 τοσαύτης
1041 5707 1271 5772 ἀφέσεως.
1308 5706 1367 5758 '0
1390 5708 1478 5772 γὰρ
1521 5709 1569 5757 ἐν
1610 5708 1793 5771 σκότῳ,

201 5763 397 5826 sicque’
421 5763 599 5829 £033.,
626 5766 815 5818 Comm.
844 5775 895 5819 et
929 5763 1094 5833 marg."
1113 5768 1263 5819 Savn.

1892 406 2097 477 ρήτων,
2124 408 2220 461 καὶ
2244 408 2368 462 οὐδὲ
2400 406 2543 461 οὕτω
2572 402 2803 475 βελτίων
2830 400 3128 471 γενόμενος
3146 443 3161 465 ,
3190 400 3305 455 ἀλλ’
3336 402 3487 468 ἄξιος

1889 490 1992 560 μὲν
2025 489 2102 545 ῶν
2148 490 2450 553 ἀπωλείας,
2473 487 2654 559 τυχὼν
2681 486 2738 540 δὲ
2771 483 3052 555 σωτηρίας
3077 484 3177 543 καὶ
3198 486 3383 555 τιμῆς,
3409 485 3487 549 ὼς

1881 577 1949 627 τὰ
1984 574 2200 645 μεγάλα
2234 570 2649 645 κατωρθωκὼς,
2688 569 2806 632 πῶς
2829 568 2895 622 ἂν
2921 566 3142 621 δύναιτο
3173 566 3486 637 βαπτισθῆ-

1882 676 1970 712 ναι
1996 658 2193 721 πάλινς
2221 657 2326 711 Δύο
2353 658 2539 711 τοίνυν
2569 656 2796 727 τρόποις
2830 653 2887 705 τὸ
2918 652 3156 723 πρᾶγμα
3221 650 3486 705 ἀδύνατον

1880 742 2086 814 ἔφησεν
2118 738 2281 808 εῐναι,
2306 740 2522 795 καὶτὸν
2576 738 2933 810 ἰσχυρότερον
2981 735 3209 805 ὕστερον
3253 734 3482 805 εθηκεν·

1881 828 1964 880 ἐνὶ
1996 828 2095 898 μὲν
2117 868 2131 893 ,
2163 827 2247 880 ὅτι
2279 826 2382 880 οὑκ
2432 824 2583 890 ἄξιος
2604 824 2632 875 ό
2655 821 2914 876 τοιούτων
2955 817 3342 886 καταξιωθεὶς,
3392 820 3488 871 καὶ

1882 913 2061 966 πάντα
2090 912 2329 983 προδοὺς
2344 909 2415 965 τὰ
2445 908 2761 980 δωρηθέντα
2793 904 2965 975 αὐτῷ,
2989 904 3155 958 πάλιν
3185 905 3481 957 ἀνακαινι-

1888 996 2107 1065 τθῆναιο
2139 995 2383 1063 δευτέρῳ
2417 993 2496 1055 δὲ,
2523 993 2606 1045 ὅτι
2639 991 2701 1044 οὐ
2732 989 2964 1043 δυνατόν
2994 990 3145 1041 ἐστιν
3181 987 3345 1040 αὐτὸν
3380 986 3487 1039 πά-

1879 1066 1965 1134 λιῖ
1997 1077 2483 1149 άνασταυροῦσθαι
2517 1093 2533 1108 ⁵
2562 1073 2722 1128 τοῦτο
2750 1074 2863 1145 γάρ
2898 1074 3017 1126 ἔστι
3051 1071 3489 1141 παραδειγματί-

1882 1180 1993 1216 σαι.
2026 1164 2143 1217 οὐκ
2178 1162 2297 1215 ἐστι
2324 1160 2507 1213 τοίνυν
2532 1157 2798 1229 δεύτερον
2813 1156 3064 1227 λουτρὸν,
3093 1156 3194 1208 οὐκ
3222 1154 3371 1209 εστιν
3397 1172 3409 1185 ·
3438 1156 3488 1209 ει

1881 1248 1936 1300 δὲ
1967 1246 2109 1311 ἔστι,
2140 1245 2237 1298 καὶ
2265 1244 2453 1314 τρίτον
2482 1242 2623 1305 ἐστί,
2656 1242 2754 1294 καλ⁵
2784 1239 3048 1311 τέταρτόν
3080 1240 3221 1305 ἔστι,
3254 1240 3348 1293 καὶ
3374 1240 3482 1292 61:6

1879 1328 1973 1383 τοῦ
2018 1330 2251 1399 ὑστέρου
2307 1326 2478 1379 ἀεὶτὸ
2506 1326 2725 1397 πρῶτον
2779 1323 3136 1381 καταλύεται.
3189 1323 3285 1377 καὶ
3328 1322 3491 1376 τοῦτο

1881 1414 2043 1469 πάλιν
2067 1413 2173 1465 ὑπὸ
2200 1410 2297 1464 τοῦ
2329 1411 2515 1473 ἄλλου,
2548 1411 2645 1463 καὶ
2683 1409 2844 1477 τοῦτο
2874 1410 2956 1471 είς
2996 1408 3248 1478 ἄπειρον.
3306 1405 3490 1460 Εἰπὼν

1879 1497 1956 1563 δὲ,
1989 1494 2098 1551 Καὶ
2128 1496 2327 1550 καλὸν
2359 1494 2511 1548 Θεοῦ
2526 1492 2947 1562 γευσαμένους
2964 1489 3177 1559 Ῥῆμα,
3201 1489 3491 1560 δυνάμεις

1879 1596 1946 1633 τε
1972 1579 2187 1645 αίῶνος
2227 1578 2566 1648 μέλλοντος
2587 1618 2601 1641 ,
2656 1578 2757 1630 οὐκ
2780 1564 3157 1630 ἀποκαλύπτει
3188 1573 3305 1647 [98]
3334 1574 3493 1637 αὐτὸ,

1884 1663 1998 1717 ἀλλ’
2021 1656 2349 1725 αἰνίττεται,
2385 1661 2482 1714 καὶ
2536 1659 2824 1731 μονονουχὶ
2871 1658 3046 1713 ταῦτα
3096 1658 3246 1727 λέγει
3282 1674 3296 1688 ο
3324 1658 3493 1710 ὅτιτὸ

1883 1746 1985 1817 ζῇν
2008 1746 2083 1809 ώς
2115 1744 2410 1814 ἀγγέλους,
2437 1743 2498 1797 τὸ
2530 1743 2760 1815 μηδενὸς
2803 1742 3017 1797 δεῖσθαι
3047 1742 3158 1795 τῶν
3208 1739 3445 1794 ἐνταῦθα
3472 1780 3488 1804 ,

1881 1831 1945 1885 16
1974 1830 2176 1884 ειδέναι
2204 1831 2289 1883 ὅτι
2312 1829 2411 1898 τῆς
2438 1826 2549 1880 τῶν
2606 1826 2915 1898 μελλόντων
2967 1825 3182 1880 αἰώνων
3244 1824 3489 1878 ἀπολαύ-

1885 1933 2025 1979 σεως
2057 1914 2319 1985 πρόξενος
2346 1915 2480 1984 ἡμῖν
2504 1914 2536 1981 ἡ
2564 1912 2815 1966 υἱοθεσία
2832 1910 3068 1980 γίνεται,
3096 1911 3158 1964 τὸ
3182 1911 3263 1974 είς
3285 1909 3492 1964 τάάδυ-

1882 2018 1951 2053 τα
1986 2002 2176 2052 ὲκεῖνα
2208 1996 2482 2051 εἰσελθεῖν
2523 1994 2858 2066 προσδοκᾷν,
2893 1994 2982 2047 διά
3012 1993 3110 2047 τοῦ
3166 1992 3490 2061 [Ινεύματος

1884 2083 2002 2137 ἐστι
2034 2070 2212 2135 ταῦτα
2244 2078 2465 2149 μαθεῖν.
2494 2079 2561 2131 Τί
2596 2079 2737 2140 ἐστι,
2771 2076 3071 2146 Δυνάμεις
3109 2095 3173 2131 τε
3204 2076 3311 2133 τοῦ
3340 2075 3493 2147 μέλ-

1880 2170 2103 2231 λοντος
2126 2163 2375 2229 αίῶνοςς
2416 2163 2482 2216 Ἠ
2514 2162 2630 2233 ζωὴ
2671 2163 2705 2232 ἡ
2738 2160 2984 2225 αἰώνιος,
3039 2164 3074 2232 ἠ
3105 2160 3380 2232 ἀγγελικὴ
3407 2160 3491 2214 δι-

1883 2250 2103 2321 αγωγή.
2139 2248 2360 2304 Τούτων
2382 2246 2484 2317 ιίιδη
2513 2246 2607 2299 16v
2636 2245 2940 2317 ἀρραϐῶνα
2966 2246 3236 2316 ἐλάϐομεν
3272 2244 3360 2297 διά
3390 2245 3493 2315 τῆς

1883 2333 2127 2396 πίστεως
2155 2331 2312 2403 παρά
2336 2331 2433 2384 τοῦ
2458 2329 2804 2399 Πνεύματος.
2832 2330 2969 2383 Είπέ
3004 2347 3095 2401 μοι
3118 2330 3303 2385 τοίνυν
3328 2328 3378 2381 εί
3411 2328 3491 2391 εἰς

1886 2418 2136 2491 βασίλεια
2168 2417 2471 2487 εἰσαχθεὶς.
2500 2416 2595 2469 καὶ
2627 2416 2806 2469 πάντα
2833 2415 3225 2481 ὲμπιστευθεὶς
3252 2414 3320 2468 τὰ
3350 2414 3491 2477 ἐκεῖ,

1884 2500 2006 2558 εἶτα
2054 2501 2382 2575 προῦδωκας
2437 2502 2679 2567 ἅπαντα,
2733 2495 2846 2571 ἆρα
2874 2500 2940 2554 ἂν
2990 2496 3385 2567 ὲνεπιστεύθης
3424 2497 3491 2551 τὰ

1884 2589 2003 2641 ἐκεῖ
2034 2586 2199 2641 πάλιν
2220 2604 2235 2653 ;

1957 2736 2023 2793 δ’.
2043 2737 2110 2791 Τί
2131 2732 2264 2805 οῦνς
2294 2736 2396 2791 οὐκ
2422 2736 2537 2791 ἔστι
2569 2735 2851 2807 μετάνοια,
2884 2732 3087 2805 φησίν;
3124 2732 3282 2785 Ἐστι
3328 2730 3494 2801 μετά·

1882 2839 2024 2888 νοια,
2050 2820 2190 2875 ἀλλὰ
2215 2820 2505 2892 βάπτισμα
2532 2821 2635 2873 οὐκ
2670 2818 2790 2872 ἔστι
2812 2816 3094 2887 δεύτερον.
3128 2814 3410 2871 Μετάνοια
3435 2812 3492 2865 δὲ

1883 2907 2001 2961 ἐστι
2037 2904 2243 2976 πολλὴν
2272 2904 2476 2976 ἔχουσα
2515 2906 2617 2974 τὴν
2655 2904 2835 2974 ἰσχὺν.
2871 2902 3091 2956 καὶτὸν
3130 2900 3341 2971 σφόδρα
3380 2900 3494 2963 τοῖς

1886 2990 2258 3061 ἁμαρτήμασι
2288 2986 2750 3057 βεϐαπτισμένον,
2784 2987 2835 3039 εί
2866 2983 3185 3056 βουληθείη,
3214 2981 3493 3053 δυναμένη

1884 3074 2199 3139 ἀπαλλάξαι
2228 3072 2323 3125 τοῦ
2354 3072 2465 3125 τῶν
2503 3070 2927 3142 ἁμαρτημάτων
2979 3068 3229 3139 φορτίου,
3264 3068 3359 3119 καὶ
3400 3065 3495 3119 16v

1886 3157 2274 3212 κινδυνεύοντα
2326 3155 2681 3225 καταστῆσαι
2732 3156 2793 3207 ὲν
2841 3152 3142 3223 ἀσφαλείᾳ,
3192 3150 3297 3205 κᾶν
3354 3151 3494 3221 πρὸς

1887 3245 2052 3298 αὑτὸν
2085 3243 2217 3316 ἔλθῃ
2246 3244 2345 3312 τῆς
2373 3240 2573 3303 κακίας
2599 3240 2691 3293 16v
2718 3240 2999 3308 πυθμένα.
3028 3238 3140 3292 Καὶ
3168 3237 3328 3291 τοῦτο
3364 3236 3496 3290 πολ-

1885 3327 2116 3399 λαχόθεν
2150 3325 2379 3379 δυνατὸν
2405 3322 2710 3389 ἀποδεῖξαι.
2759 3324 2855 3391 Μὴ
2883 3326 2916 3377 ό
2950 3323 3191 3376 πίπτων
3212 3322 3349 3391 γὰρ,
3384 3338 3498 3390 φη-

1887 3412 1996 3480 σὶν,
2044 3413 2157 3466 οὐκ
2204 3409 2545 3473 ἀνίσταται,
2598 3407 2638 3475 ἣ
2686 3410 2719 3462 0'
2748 3404 3154 3476 ἀποστρέφων
3203 3409 3315 3460 οὐκ
3364 3406 3495 3459 ἐπι-

1888 3496 2171 3565 στρέφεις
2206 3495 2419 3554 ¹Ἔστιν,
2459 3494 2555 3545 ἐὰν
2602 3491 2948 3562 βουλώμεθα,
2987 3490 3353 3561 μορφωθῆναι
3403 3490 3497 3546 τὸν

1889 3579 2129 3653 Χριστὸν
2163 3580 2225 3631 ὲν
2261 3578 2393 3649 ἡμῖν
2426 3576 2593 3630 πάλιν
2624 3589 2642 3605 ·
2674 3575 2842 3630 ἄκουε
2886 3575 2997 3646 γὰρ
3048 3573 3271 3629 Παύλου
3307 3573 3499 3642 λέγον-

1887 3684 2002 3731 τος,
2040 3664 2251 3721 Τεκνία
2271 3681 2414 3733 μου,
2445 3661 2554 3728 οὓς
2575 3660 2768 3715 πάλιν
2798 3661 3012 3725 ὠδίνω,
3044 3658 3222 3729 ἄχρις
3247 3654 3319 3716 οὖ
3350 3676 3500 3727 μορ-

1888 3748 2059 3821 φωθῇ
2081 3746 2340 3818 Χριστὸς
2369 3746 2437 3799 ἐν
2467 3745 2613 3815 ὑμῖν
2638 3761 2653 3775 ο
2690 3744 2853 3815 μόνον
2895 3742 3166 3813 ἁψώμεθα
3194 3742 3295 3811 τῆς
3328 3759 3497 3811 μετα-

1889 3832 2069 3896 νοίας.
2125 3833 2271 3903 Ὅρα
2308 3828 2420 3901 7&9
2463 3827 2600 3883 Θεοῦ
2666 3827 3130 3900 φιλανθρωπίαν·
3181 3826 3290 3881 εδει
3347 3828 3500 3898 ἡμᾶς

1891 3919 2059 3972 παντὶ
2091 3916 2285 3988 τρόπῳ
2315 3913 2655 3982 κολασθῆναι
2690 3913 2849 3984 παρά
2901 3912 3002 3983 τὴν
3054 3910 3255 3982 ἀρχὴν,
3282 3911 3367 3965 ὅτι
3404 3913 3500 3965 καὶ

1892 4003 2059 4074 νόμον
2092 4000 2354 4062 λαθόντες
2384 3999 2477 4051 τὸν
2505 3997 2740 4068 φυσικὸν
2775 3997 2871 4051 καὶ
2904 3997 3119 4068 μυρίων
3147 3994 3497 4049 ἀπολαύσανο

1893 4105 1984 4151 τες
2022 4084 2275 4154 ἀγαθῶν,
2310 4083 2405 4136 τόν
2432 4098 2492 4135 τε
2522 4081 2807 4149 Δεσπότην
2837 4082 3221 4151 ήγνοήκαμεν,
3262 4080 3357 4132 καὶ
3386 4078 3501 4149 βίον

1892 4170 2209 4240 ἀκάθαρτον
2241 4165 2591 4238 βεϐιώκαμεν
2618 4182 2632 4195 ·
2669 4166 2697 4218 6
2723 4165 2780 4217 δὲ
2797 4165 2859 4218 ού
2896 4164 3057 4233 μόνον
3089 4163 3190 4217 οὐκ
3213 4163 3499 4227 ἐκόλασεν,

1892 4254 2030 4309 ἀλλά
2063 4253 2160 4306 καὶ
2193 4251 2407 4324 μυρίων
2452 4250 2761 4321 μετέδωκεν
2814 4248 3059 4317 ἀγαθῶν,
3100 4248 3177 4313 ώς
3210 4246 3277 4302 ἂν
3313 4251 3363 4301 εί
3402 4265 3499 4319 με-

1893 4339 2041 4409 γάλα
2072 4336 2507 4410 κατωρθωκότες
2529 4330 2693 4405 ἦμεν.

1968 4504 2141 4560 Πάλιν
2176 4504 2537 4575 ὲξεπέσομεν,
2600 4504 2697 4557 καὶ
2744 4503 2869 4557 οὐδὲ
2902 4502 3048 4557 οὕτω
3077 4504 3298 4570 κολάζει
3327 4546 3342 4569 ,
3386 4506 3503 4558 ἀλλ’

1896 4591 2068 4645 ἔδωκε
2094 4589 2158 4642 16
2190 4589 2290 4660 τῆς
2330 4587 2621 4660 μετανοίας
2652 4587 2974 4659 φάρμακον,
3014 4589 3195 4643 πάντα
3242 4589 3402 4660 ήμῶν
3435 4591 3504 4643 τά

1899 4675 2283 4746 ἁμαρτήματα
2313 4672 2503 4725 ἱκανὸν
2535 4671 2804 4739 ἀφανίσαι
2834 4671 2929 4725 καὶ
2964 4672 3289 4743 ἀπαλεῖψαι,
3335 4673 3499 4743 μόνον

1898 4759 1995 4813 ὲάν
2019 4757 2252 4827 εἰδῶμεν
2282 4756 2345 4809 16
2375 4756 2674 4826 φάρμακον
2707 4755 2894 4809 ὁποῖόν
2925 4758 3063 4818 ἐστι,
3095 4758 3190 4809 καὶ
3218 4756 3337 4820 πῶς
3363 4756 3497 4811 αὐτο

1898 4841 2208 4895 ἐπιτιθέναι
2236 4840 2338 4893 δεῖ.
2375 4840 2535 4891 Ποῖον
2569 4833 2663 4892 οῦν
2694 4840 2814 4892 ἐστι
2843 4840 2905 4891 16
2934 4840 3229 4910 φάρμακον
3266 4841 3368 4911 τῆς
3399 4859 3499 4910 με·

1896 4927 2140 4989 τανοίας,
2186 4925 2281 4978 καὶ
2322 4922 2441 4988 πῶς
2494 4924 2630 4977 αὐτὸ
2680 4925 3197 4991 κατασκευάζεταις
3247 4926 3496 4997 Πρῶτον,

1898 5010 2009 5063 ἀπὸ
2038 5006 2451 5077 καταγνώσεως
2479 5007 2591 5059 τῶν
2643 5007 2865 5061 οίκείων
2902 5010 3352 5081 ἁμαρτημάτων,
3398 5010 3498 5067 καὶ

1897 5095 2007 5149 ἀπὸ
2051 5091 2484 5163 ὲξαγορεύσεως.
2530 5090 2650 5159 Τὴν
2683 5092 2944 5161 ἀνομίαν
2977 5098 3089 5164 γάρ
3122 5112 3269 5163 μου,
3308 5096 3502 5166 φησὶν,

1896 5177 2217 5247 ἐγνώρισα.
2248 5175 2347 5230 καὶ
2385 5176 2501 5244 τὴν
2547 5176 2849 5245 ἁμαρτίαν
2867 5195 2988 5244 μου
3029 5180 3142 5231 οὐκ
3181 5178 3501 5248 ἐκάλυψεν

1899 5262 2016 5321 καὶ,
2061 5260 2471 5329 Ἐξαγορεύσω
2493 5260 2621 5312 κατ’
2646 5259 2795 5328 ἐμοῦ
2822 5261 2937 5327 τὴν
2959 5262 3220 5331 ἀνομίαν
3261 5280 3384 5332 μου
3424 5262 3508 5327 τῷ

1899 5347 2115 5413 Κιφίῳ,
2141 5345 2240 5397 καὶ
2263 5344 2345 5398 σὺ
2368 5342 2611 5413 ἀφῆκας
2632 5342 2749 5409 τὴν
2769 5345 3058 5399 ἀσέϐειαν
3108 5346 3223 5415 τῆς
3254 5347 3507 5416 καρδίας

1896 5446 2015 5499 μου
2036 5441 2049 5455 ·
2078 5427 2175 5479 καὶ
2208 5426 2396 5480 πάλιν⁸
2431 5424 2581 5497 Λέγε
2608 5426 2691 5481 σὺ
2728 5427 2837 5493 τὰς
2869 5428 3163 5497 ἁμαρτίας
3194 5445 3314 5484 σου
3347 5433 3507 5498 πρῶ-

1899 5530 2023 5578 τος,
2060 5512 2161 5565 ἵνα
2188 5508 2506 5578 δικαιωθῇς
2539 5523 2551 5537 ·
2588 5511 2705 5571 καὶ,
2738 5513 2977 5579 Δίκαιος
3004 5512 3224 5567 ἑαυτοῦ
3250 5514 3499 5583 κατήγο.

1893 5615 2003 5667 ρος
2029 5596 2099 5651 ἐν
2128 5594 2526 5664 πρωτολοτίᾳ.
2568 5595 2857 5666 Δεύτερον,
2914 5597 3025 5650 ἀπὸ
3059 5600 3505 5669 ταπεινοφροσύ-

1901 5698 1998 5748 νης
2022 5678 2227 5749 πολλῆς
2261 5697 2274 5709 ’
2310 5678 2505 5751 ὥσπερ
2535 5680 2645 5751 7&9
2675 5682 2835 5751 σειρά
2862 5682 2948 5745 τίς
2986 5684 3101 5735 ἐστι
3140 5682 3257 5751 μιν]
3301 5686 3504 5753 χρυσῆ,

1909 5765 2013 5818 κᾶν
2039 5764 2215 5834 ἀρχὴν
2242 5762 2406 5834 λὰὗη,
2446 5764 2625 5820 πάντα
2652 5765 2871 5819 ἕπεται.
2918 5768 3044 5821 Ἐάν
3106 5765 3214 5844 γὰρ
3234 5768 3473 5842 ὁμολογή
3491 5799 3505 5809 ·
