4020 6466
196 361 266 420 8|
1040 356 1107 413 ιχ
1150 350 1371 411 srzsr.
1415 338 1832 405 summast

1949 338 2105 394 CAP.
2136 335 2224 392 Vi.
2259 330 2473 388 "0M".
2524 326 2619 387 tx.
3225 418 3264 420 Η
3438 315 3509 370 82

211 464 454 525 sermonis
476 463 661 539 (Prov.
687 463 774 523 18.
801 464 912 536 17).
934 461 1187 520 Secundo
1206 479 1272 519 ex
1292 468 1460 517 multa
1480 461 1801 517 humilitate:

216 567 298 614 est
322 557 469 613 enim
508 554 673 614 veluti
704 554 951 627 quaedam
980 566 1172 610 catena
1200 568 1387 617 aurea,

212 651 418 719 reperit
457 658 764 721 sequuntur
812 648 1016 703 omnia.
1047 647 1184 703 Nam
1223 648 1267 702 si
1315 656 1599 717 peccatum
1640 644 1808 700 fueris

212 742 495 799 confessus
519 751 577 796 ut
606 739 1103 811 oportetconﬁteri,
1129 738 1188 793 fit
1212 737 1433 793 humilis
1453 737 1631 792 anima
1654 755 1667 789 :
1688 751 1809 791 eam

212 834 355 889 enim
385 846 606 887 versans
633 840 688 887 et
716 832 924 901 agitans
949 829 1299 894 conscientia,
1325 827 1491 883 efﬁcit
1509 841 1563 881 ut
1594 826 1663 881 sit
1689 840 1813 881 eon-

216 933 403 978 tracta.
432 923 656 992 Oportet
686 931 864 977 autem
892 922 994 976 alia
1018 934 1231 990 quoque
1260 918 1461 974 addere
1492 917 1808 985 humilitati,

214 1015 257 1067 si
282 1014 403 1068 talis
424 1013 494 1066 sit
520 1010 736 1081 qualem
769 1012 959 1065 beatus
988 1009 1153 1064 David
1178 1008 1433 1074 habebat,
1461 1008 1678 1063 dicens:
1711 1007 1814 1064 Cor

215 1108 459 1161 mundum
483 1120 599 1159 crea
620 1105 675 1158 in
697 1121 775 1159 me
798 1104 972 1168 Deus;
1000 1110 1055 1157 et
1085 1105 1304 1170 iterum,
1330 1101 1433 1158 Cor
1463 1102 1739 1156 contritum
1767 1108 1814 1155 et

216 1198 538 1252 humiliatum
566 1196 705 1250 Deus
730 1212 831 1250 non
858 1194 1098 1264 despiciet
1120 1193 1292 1273 (Psat.
1314 1195 1404 1251 50.
1434 1193 1522 1249 12.
1544 1194 1659 1264 19).
1680 1194 1812 1249 Nam

215 1289 361 1359 quod
391 1298 475 1344 est
503 1287 822 1352 contritum,
861 1303 968 1341 non
998 1288 1260 1357 exsurgit,
1294 1302 1401 1342 non
1433 1286 1581 1353 ferit,
1612 1286 1709 1343 sed
1734 1297 1818 1342 est.

216 1390 459 1452 paratum
486 1379 554 1435 ad
574 1380 712 1433 male
736 1379 1066 1447 patiendum,
1084 1378 1258 1448 ipsum
1278 1387 1459 1434 autem
1485 1393 1594 1433 non
1620 1394 1816 1434 exsur-

213 1476 312 1546 git.
342 1473 489 1529 Talis
520 1482 603 1527 est
642 1470 822 1526 cordis
849 1472 1137 1536 contritio;
1170 1470 1384 1525 etiamsi
1422 1469 1613 1526 affecta
1655 1470 1819 1527 fuerit

213 1566 567 1629 mutumclia,
598 1565 809 1619 etiamsi
841 1564 983 1619 male
1010 1578 1193 1634 passa.
1218 1563 1470 1633 quiescit,
1504 1579 1603 1618 nec
1628 1564 1817 1619 conci-

219 1656 367 1703 tatur
393 1647 459 1703 ad
487 1647 801 1703 vindictam.
830 1647 959 1703 Post
985 1647 1343 1703 humilitatem
1372 1662 1505 1705 vero
1531 1663 1667 1718 opus
1704 1658 1811 1713 est,

218 1740 448 1797 intensis
472 1741 746 1813 precibus,
778 1740 964 1796 multis
994 1740 1271 1811 iacrymis,
1298 1750 1354 1796 et
1386 1741 1624 1798 interdiu
1643 1750 1699 1798 et
1720 1760 1817 1797 nuo

209 1839 342 1886 ctu:
371 1829 577 1886 Lavabo
603 1830 770 1898 enim,
789 1832 985 1902 inquit,
1033 1848 1125 1903 per
1168 1832 1401 1904 singulas
1429 1844 1602 1888 noctes
1631 1834 1818 1887 lectum

213 1938 422 1987 meum;
452 1923 695 1994 lacrymis
732 1924 855 1979 meis
893 1934 1111 1978 stratum
1151 1940 1317 1979 meum
1343 1924 1561 1995 rigabo;
1590 1925 1820 1979 laboravi

211 2012 267 2065 in
298 2014 490 2081 gemitu
528 2030 639 2067 meo
672 2012 843 2087 (Psat.
869 2014 924 2069 6.
958 2015 1036 2085 7).
1067 2015 1135 2069 Et
1163 2016 1356 2070 iterum
1385 2033 1399 2070 :
1437 2015 1693 2084 Quoniam
1739 2017 1815 2070 ri-

214 2119 391 2158 nerem
414 2112 677 2176 tamquam
708 2122 895 2173 panem
922 2105 1318 2171 manducabam,
1347 2116 1393 2161 et
1432 2116 1607 2177 potum
1652 2125 1820 2163 meum

207 2210 333 2249 cum
354 2197 478 2266 ﬂetu
500 2196 768 2270 miscebant
796 2196 967 2269 (Psat.
994 2199 1119 2253 101.
1146 2198 1261 2268 10).
1285 2198 1351 2253 Et
1373 2208 1497 2269 post
1516 2201 1817 2255 orationem

214 2286 356 2341 adeo
390 2287 654 2342 inteusam
677 2290 838 2342 multa
869 2304 1004 2358 Opus
1029 2298 1114 2343 cst
1140 2290 1506 2362 eleemosyna.
1537 2291 1651 2348 lloc
1676 2292 1822 2348 enim

214 2386 302 2433 cst
331 2378 475 2449 quod
506 2379 683 2435 reddit
730 2380 1021 2436 admodum
1073 2383 1310 2438 validum
1368 2385 1819 2440 medicamentum

216 2472 591 2539 pteuitentimz
621 2481 676 2527 et
718 2474 860 2527 sicut
894 2474 945 2527 in
997 2476 1332 2530 medicorum
1381 2476 1710 2546 adjnmentis
1741 2487 1827 2533 est

216 2561 681 2618 medicamentum
703 2565 845 2634 quod
872 2565 1068 2621 multas
1088 2566 1303 2636 quidem
1329 2569 1473 2637 capit
1496 2568 1709 2632 herbas,
1729 2568 1825 2623 scd

216 2669 387 2709 unam
415 2670 535 2725 qua:
580 2656 795 2712 obtinet
840 2657 1235 2728 principatum:
1265 2661 1337 2713 ita
1369 2661 1530 2715 etiam
1563 2663 1614 2715 in
1646 2664 1827 2734 pmni-

210 2747 393 2802 tentia
424 2748 537 2802 haec
566 2758 649 2803 cst
678 2749 947 2818 prmcipua
990 2750 1191 2813 herba,
1239 2761 1294 2806 et
1338 2753 1451 2817 ipsa
1504 2763 1672 2809 totum
1720 2763 1826 2811 est.

215 2838 367 2917 A’udi
404 2839 547 2893 enim
579 2840 708 2910 quid
741 2841 921 2895 divina
950 2840 1095 2896 dicat
1123 2843 1397 2911 Scriptura
1422 2862 1435 2898 :
1464 2844 1593 2899 Date
1613 2846 1832 2900 etcemo-

216 2948 431 3002 sgnum,
461 2941 508 2984 et
530 2933 702 2986 omnia
727 2942 874 2988 erunt
902 2934 1040 2987 vobis
1080 2936 1273 2988 munda
1304 2936 1455 3006 (an.
1504 2940 1591 2992 11.
1624 2942 1743 3009 Η);
1778 2951 1832 2996 ct

217 3025 447 3084 iterum,
482 3021 835 3095 Eleemosynis
870 3034 916 3078 et
944 3026 1048 3094 ﬁde
1088 3031 1405 3081 inundantur
1436 3041 1641 3098 peccata
1674 3030 1828 3097 (Tob.

216 3117 277 3172 4.
317 3115 450 3186 11);
500 3125 575 3180 et,
626 3113 808 3187 Ignem
858 3118 1209 3187 ﬂammantem
1257 3122 1541 3190 exstinguit
1586 3140 1738 3192 aqua,
1787 3132 1836 3177 at

220 3207 553 3276 eieemosyna
581 3216 865 3276 compescet
901 3224 1091 3278 magna
1131 3220 1338 3279 peccata
1395 3209 1582 3281 (Eccti.
1616 3212 1670 3265 5.
1708 3214 1832 3281 55).

222 3296 441 3353 Deinde
469 3313 576 3351 non
611 3299 790 3362 irasci,
814 3314 990 3368 neque
1009 3300 1219 3369 injuriae
1237 3313 1477 3371 accepta:
1498 3305 1833 3372 meminisse,

223 3387 487 3442 omnibus
521 3398 735 3456 peccata
788 3390 1113 3445 remittere:
1163 3390 1333 3446 Ilomo
1374 3392 1592 3459 homini,
1644 3396 1834 3462 inquit,

223 3488 456 3532 reservat
477 3479 629 3544 iram,
654 3491 701 3533 ct
723 3480 866 3549 apud
886 3480 1159 3535 Dominum
1180 3486 1359 3552 quaerit
1380 3485 1629 3539 medelam
1647 3487 1836 3559 (Ereti.

222 3568 329 3624 28.
359 3569 437 3638 ὅ).
470 3570 751 3637 Remittitc,
800 3573 995 3641 inquit,
1045 3583 1099 3626 ut
1138 3577 1427 3629 remittatur
1456 3580 1590 3633 vobis
1622 3580 1835 3651 (Matth.

227 3666 288 3718 6.
324 3661 439 3732 14).
472 3661 542 3715 Ει
570 3660 760 3717 fratres
778 3664 845 3715 ab
870 3679 1059 3720 errore
1076 3677 1429 3723 convertere:
1465 3669 1622 3733 Vade,
1647 3672 1837 3741 inquit,

228 3764 282 3807 et
305 3764 541 3807 converte
570 3757 755 3826 fratres
785 3765 897 3810 tuos
928 3755 1078 3828 (Luc.
1113 3756 1205 3812 2?...
1238 3758 1355 3831 4'32),
1414 3771 1471 3815 ut
1500 3765 1844 3820 remittantur

234 3846 337 3901 tibi
372 3854 589 3914 peccata
622 3854 734 3899 tua.
770 3844 838 3899 Et
864 3862 923 3902 se
948 3848 1001 3902 in
1027 3850 1340 3906 sacerdotes
1372 3863 1428 3907 ut
1457 3857 1711 3909 convenit
1743 3873 1843 3927 ge-

231 3954 400 3995 rere:
427 3938 547 3991 Etsi
576 3940 771 4008 fecerit,
794 3941 983 4009 inquit,
1008 3943 1262 4010 quispiam
1280 3955 1505 4015 peccata,
1532 3950 1843 4003 remittemur

232 4035 287 4088 ei
316 4032 456 4102 (Jac.
483 4033 537 4086 5.
572 4033 698 4102 15):
732 4048 827 4087 eos
856 4035 993 4088 tueri
1026 4050 1089 4088 ac
1126 4048 1410 4106 pretegerc
1452 4040 1647 4109 quibus
1677 4041 1735 4094 fit
1763 4042 1844 4094 in—

229 4124 405 4193 juria,
440 4123 575 4176 iram
610 4140 715 4176 non
749 4125 971 4188 habere,
1006 4127 1186 4181 omnia
1238 4129 1443 4198 placide
1486 4141 1541 4186 et
1568 4133 1848 4190 moderate

237 4216 409 4269 iet't'e.

320 4306 375 4360 5.
420 4305 611 4358 Annon
648 4307 959 4375 priusquam
983 4308 1328 4375 didicissetis,
1362 4315 1501 4382 quod
1546 4331 1642 4385 per
1671 4322 1846 4388 poeni-

244 4397 471 4452 tentiam
507 4396 647 4448 ablui
702 4409 924 4465 possunt
957 4412 1173 4468 peccata
1199 4446 1208 4455 .
1236 4407 1397 4457 eratis
1442 4410 1621 4469 anxii,
1667 4422 1721 4462 ut
1759 4415 1848 4481 qni

241 4489 463 4543 sciretis
499 4502 602 4541 non
634 4502 754 4540 esse
800 4489 941 4542 aliud
992 4493 1268 4546 i:i\'.'tl'l‘lilll
1294 4537 1305 4550 ,
1339 4508 1391 4547 οι
1425 4500 1488 4546 ιὶι·
1520 4502 1666 4549 ιυῖιὶς
1699 4522 1846 4558 μιν...)

239 4577 605 4644 aiijcceratis?
634 4578 784 4633 Nunc
804 4589 985 4635 autem
1016 4595 1136 4634 cum
1160 4594 1221 4633 ca
1249 4578 1567 4641 didiceritis,
1604 4593 1699 4646 per
1726 4592 1849 4646 qua:

240 4678 396 4722 recte
428 4670 603 4738 agitur
652 4672 965 4737 pmnitcntia
1008 4679 1061 4726 et
1091 4671 1339 4725 remissio
1363 4712 1378 4736 ,
1410 4679 1465 4723 et
1492 4668 1633 4740 quod
1662 4667 1843 4722 omnia

248 4762 548 4829 poterimus
578 4762 812 4833 effugere
834 4806 849 4829 ,
881 4764 923 4815 si
952 4780 1012 4819 ea
1041 4773 1255 4817 utamur
1294 4772 1350 4815 ut
1381 4773 1629 4832 Oportet,
1661 4776 1852 4840 quam;

245 4870 375 4907 nam
408 4869 759 4923 assequemur
796 4858 1005 4910 veniam
1034 4896 1051 4923 ,
1084 4858 1126 4909 si
1159 4872 1225 4910 ne
1270 4856 1321 4908 in
1367 4865 1602 4909 mentem
1636 4854 1851 4923 quidem

250 4946 412 4999 nobis
460 4948 679 5000 veniant
732 4959 914 5001 nostra
964 4948 1399 5017 peccata?'Nam
1430 4948 1473 5001 si
1520 4950 1623 5000 hoc
1661 4956 1806 5001 esset
1837 4988 1850 5010 ,

248 5038 435 5091 omnia
464 5047 645 5091 essent
672 5038 942 5092 confecta.
970 5038 1117 5093 Sient
1138 5039 1282 5093 enim
1313 5039 1400 5107 qui
1431 5040 1626 5093 ostium
1658 5047 1741 5092 est
1768 5039 1853 5091 in—

250 5141 471 5196 gressus
493 5168 508 5191 ,
533 5138 614 5180 est
640 5128 823 5183 intus:
857 5129 936 5183 sic
958 5130 1047 5198 qui
1092 5131 1305 5198 propria
1343 5130 1476 5183 mala
1520 5130 1754 5199 cogitat,
1808 5130 1852 5182 si

253 5222 343 5274 illa
377 5231 633 5291 supputet
678 5224 921 5293 quotidie
943 5266 956 5289 ,
986 5206 1209 5277 Omnino
1238 5224 1417 5279 veniet
1457 5224 1521 5277 ad
1550 5238 1734 5278 eorum
1764 5238 1855 5275 cu-

254 5314 523 5367 rationem
556 5332 568 5367 :
596 5314 677 5368 sin
706 5326 884 5370 autem
917 5315 1097 5370 dicat:
1128 5315 1257 5370 Sum
1286 5326 1561 5385 peccator,
1594 5330 1654 5369 ea
1676 5323 1855 5369 autem

255 5420 349 5471 per
398 5406 611 5472 species
640 5421 744 5461 non
777 5408 977 5478 cogitet
1010 5423 1074 5463 ac
1112 5416 1366 5478 supputet
1392 5449 1405 5471 ,
1436 5416 1491 5463 et
1519 5423 1624 5461 non
1671 5406 1814 5460 dicat
1841 5423 1853 5457 :

257 5494 369 5549 Hoc
395 5508 451 5550 et
495 5496 627 5551 illud
677 5510 954 5565 peccatum
984 5499 1213 5565 admisi;
1247 5513 1540 5568 numquam
1575 5497 1852 5560 cessabit,

255 5601 480 5655 semper
526 5588 743 5657 quidem
775 5590 1041 5644 confitens
1065 5632 1079 5656 ,
1114 5605 1298 5644 curam
1325 5598 1502 5644 autem
1533 5588 1737 5642 nullam
1766 5603 1857 5659 ge-

260 5696 383 5734 rens
432 5683 806 5739 correctionis.
852 5684 985 5738 Nam
1036 5686 1081 5739 si
1127 5686 1388 5755 eruperit,
1429 5686 1650 5739 omnino
1693 5686 1855 5739 etiam

258 5784 552 5841 sequentur
579 5775 681 5829 alia
708 5815 724 5844 ,
757 5773 803 5831 si
830 5776 881 5831 in
916 5792 1024 5832 uno
1052 5776 1353 5833 ostenderit
1380 5776 1580 5833 aditum
1604 5796 1616 5829 :
1643 5792 1859 5846 semper

1903 438 2046 495 enim
2071 436 2397 509 principium
2429 443 2486 490 et
2507 428 2737 488 exordia
2766 434 2893 482 sunt
2921 420 3189 479 difficilia.
3222 418 3350 475 [ltec
3379 433 3511 489 ergo

1899 530 2162 601 jaciatnus
2205 538 2479 599 tamquam
2525 521 2877 578 fundamenta
2904 524 3005 584 ,et
3053 510 3305 585 expedita
3349 519 3513 568 erunt

1902 623 2082 677 Omnia
2125 629 2181 677 et
2225 618 2499 674 facillima.

1978 714 2301 768 Pmnitcntiar
2342 710 2503 765 modi.
2562 708 2756 763 Rerum
2800 703 3147 758 [romanorum
3193 696 3415 753 sortitas.
3441 719 3515 739 --

1904 805 2226 875 incipiamus
2258 818 2407 873 orgo,
2438 815 2605 871 rogo;
2639 798 2776 852 alius
2802 794 3020 866 quidem
3050 792 3281 848 intensis
3310 788 3517 845 utendo

1906 898 2187 968 precibus,
2212 899 2348 948 alius
2381 907 2509 947 vero
2536 889 2751 946 assidue
2782 884 3153 959 lacrymando,
3174 884 3310 938 alius
3332 890 3516 936 autem

1910 991 2229 1047 tnmrendo:
2264 1006 2386 1043 nam
2419 1002 2488 1041 ne
2534 985 2638 1040 hoc
2665 982 2884 1054 quidem
2930 979 3075 1051 quod
3107 987 3190 1033 est
3220 976 3359 1031 adeo
3386 990 3514 1045 par-

1910 1100 2056 1146 vum,
2088 1092 2171 1138 est
2200 1082 2388 1135 inutile
2414 1097 2428 1134 :
2467 1077 2586 1132 i’idi
2608 1117 2626 1144 ,
2659 1075 2870 1146 inquit,
2900 1074 3036 1144 quod
3065 1086 3282 1126 merere
3329 1078 3404 1123 est
3433 1066 3519 1135 af-

1911 1181 2071 1247 factus
2096 1220 2110 1240 ,
2144 1186 2189 1230 rt
2227 1173 2507 1229 ambulavit
2548 1170 2709 1225 tristis
2731 1212 2746 1235 ,
2788 1177 2834 1223 et
2863 1166 3038 1222 curavi
3082 1166 3190 1219 vias
3218 1161 3331 1230 eius
3357 1159 3514 1230 (isai.

1912 1272 2004 1329 57.
2039 1271 2151 1341 Π).
2180 1271 2382 1325 Omnes
2409 1276 2591 1321 autem
2633 1264 2979 1331 eleemosyna
2998 1300 3013 1325 ,
3042 1266 3098 1314 et
3126 1254 3388 1327 proximis
3424 1268 3517 1308 rc.-

1912 1365 2179 1422 tnittendo
2204 1372 2420 1434 peccata
2443 1403 2458 1428 ,
2492 1367 2547 1415 et
2574 1356 2790 1427 injuria:
2816 1361 3050 1423 accepta:
3077 1366 3185 1406 non
3221 1346 3520 1404 recordan-

1915 1460 1985 1514 do
2004 1501 2020 1525 ,
2051 1473 2153 1514 nec
2180 1454 2495 1511 ulciscendo
2516 1494 2533 1518 ,
2568 1449 2804 1506 humiles
2832 1457 3046 1502 nostras
3077 1443 3368 1499 reddamus
3395 1440 3522 1494 ani-

1916 1565 2053 1605 mas.
2080 1548 2135 1604 Si
2162 1546 2379 1601 assidue
2406 1544 2707 1614 cogitemus
2735 1554 2798 1594 ea
2831 1552 2952 1609 qua:
2976 1533 3319 1606 peccavimus
3339 1572 3355 1598 ,
3381 1529 3517 1585 nihil

1913 1656 1977 1695 ex
2010 1640 2175 1695 rebus
2213 1637 2452 1705 externis
2476 1650 2575 1691 nos
2606 1632 2805 1704 poterit
2833 1628 3132 1686 extollere:
3158 1641 3265 1681 non
3294 1624 3523 1690 divitim,

1916 1748 2023 1786 non
2058 1731 2319 1801 potentia,
2354 1742 2462 1782 non
2496 1724 2831 1797 principatus
2853 1732 2909 1777 et
2935 1719 3257 1789 imperium,
3288 1730 3397 1773 non
3425 1715 3525 1771 ho-

1918 1839 2018 1877 nor
2043 1841 2057 1889 ;
2080 1820 2174 1876 scd
2208 1821 2311 1878 etsi
2361 1820 2415 1874 in
2458 1818 2575 1888 ipso
2606 1817 2750 1887 regis
2770 1829 2932 1870 curru
2956 1810 3264 1867 sederimus
3287 1850 3303 1875 ,
3329 1806 3528 1864 acerbe

1915 1913 2357 1985 ingemiscemus.
2405 1909 2539 1966 Nam
2586 1908 2749 1965 etiam
2782 1907 2972 1961 beatus
3019 1902 3189 1958 David
3238 1912 3356 1958 erat
3382 1917 3475 1957 rex
3504 1941 3525 1968 ,

1918 2017 1973 2063 et
1999 2006 2244 2062 diccbat:
2286 2003 2494 2058 Lavabo
2522 2020 2613 2073 per
2639 2001 2875 2072 singulas
2903 2008 3078 2053 noctes
3121 1999 3311 2052 lectum
3356 2011 3530 2050 meum

1921 2097 2098 2167 (Psal.
2129 2097 2185 2153 6.
2216 2098 2309 2167 ti);
2344 2112 2447 2153 nec
2494 2112 2558 2152 ex
2592 2110 2828 2167 purpura
2876 2103 2932 2149 et
2972 2108 3038 2149 ex
3070 2090 3377 2146 diademate
3427 2088 3528 2144 fuit

1926 2183 2117 2249 Iarsus,
2164 2197 2265 2238 nec
2311 2183 2564 2252 superbia
2604 2184 2819 2238 elatus:
2855 2183 3063 2237 sciebat
3105 2181 3250 2235 enim
3300 2194 3360 2234 se
3410 2193 3534 2235 esse

1927 2274 2197 2329 hominem
2227 2292 2241 2327 :
2274 2285 2329 2329 ct
2357 2276 2611 2343 quoniam
2642 2286 2760 2330 erat
2789 2277 3056 2331 contritus
3081 2274 3249 2329 corde
3268 2316 3283 2340 ,
3318 2272 3543 2327 lamena

1929 2366 2160 2422 labatur.
2210 2368 2349 2436 Quid
2380 2368 2525 2421 enim
2557 2376 2684 2423 sunt
2714 2382 2803 2424 res
2827 2366 3123 2422 humana}?
3150 2365 3289 2421 cinis
3320 2373 3377 2420 et
3421 2362 3540 2434 pul-

1929 2460 2010 2514 vis
2035 2502 2048 2523 ,
2083 2469 2136 2514 et
2170 2471 2447 2530 tamquam
2474 2461 2649 2530 pulvis
2681 2469 2808 2515 ante
2838 2461 3027 2515 faciem
3058 2459 3202 2513 venti
3228 2499 3244 2524 ,
3278 2456 3456 2513 fumus
3482 2465 3537 2512 et

1929 2552 2150 2615 umbra,
2176 2562 2230 2606 et
2258 2550 2442 2606 folium
2489 2551 2633 2621 quod
2662 2550 3043 2607 circumfertur
3088 2558 3143 2604 ct
3186 2549 3319 2615 ﬂos,
3349 2560 3403 2605 et
3446 2563 3543 2605 so-

1928 2646 2137 2699 mnium
2164 2654 2219 2698 et
2242 2645 2479 2699 narratio
2517 2653 2572 2700 et
2598 2644 2800 2709 fabula,
2832 2654 3022 2699 ventus
3048 2652 3104 2699 et
3133 2657 3227 2699 aer
3254 2642 3430 2697 mollis
3464 2651 3545 2696 te.

1931 2752 2081 2791 mere
2129 2736 2386 2790 difﬂuens
2415 2776 2431 2801 ,
2479 2750 2662 2804 penna
2718 2751 2825 2788 non
2878 2735 3186 2789 consistens
3217 2774 3233 2799 ,
3277 2732 3543 2789 ﬂuentum

1929 2841 2364 2902 prmtcrcurreus
2384 2872 2399 2896 ,
2434 2839 2486 2884 et
2515 2844 2637 2899 qua:
2663 2837 2791 2884 sunt
2815 2843 2978 2897 quam
3009 2829 3125 2882 iure
3153 2827 3323 2897 magis
3363 2826 3542 2881 nihili.

1930 2921 2068 2987 Quid
2104 2922 2248 2975 enim
2270 2964 2285 2986 ,
2319 2920 2407 2975 dic
2434 2934 2621 2989 qumso
2650 2960 2666 2985 ,
2697 2933 2953 2990 magnum
2998 2918 3321 2972 existimas?
3349 2932 3543 2987 quam-

1930 3030 2093 3084 quam
2151 3023 2309 3084 putas
2366 3028 2617 3083 magnam
2665 3028 2789 3069 esse
2848 3012 3208 3082 dignitatem?
3256 3011 3546 3067 consulis?

1933 3121 2056 3159 nam
2090 3104 2189 3160 hac
2216 3106 2477 3176 dignitate
2519 3105 2725 3159 nullam
2754 3106 3029 3160 existimat
3062 3105 3253 3175 vulgus
3281 3120 3404 3161 esse
3432 3120 3547 3160 ma-

1926 3198 2125 3267 jorem.
2155 3199 2232 3251 Eo
2263 3214 2394 3269 ergo
2434 3198 2523 3267 qui
2554 3205 2703 3252 tanto
2733 3195 2831 3251 fuit
2872 3196 3167 3267 Splendorc
3190 3239 3205 3265 ,
3235 3196 3327 3266 qui
3360 3196 3455 3251 fuit
3492 3198 3545 3252 in

1933 3306 2126 3360 magna
2168 3290 2381 3345 habitus
2420 3290 2782 3345 admiratione
2803 3332 2817 3357 ,
2854 3290 2901 3345 is
2939 3290 3028 3359 qui
3062 3306 3169 3344 non
3199 3300 3282 3345 est
3310 3290 3499 3345 consul
3527 3332 3542 3353 ,

1934 3385 2067 3439 nihil
2098 3383 2265 3438 habet
2293 3384 2471 3437 minus
2500 3402 2513 3437 :
2546 3394 2599 3438 et
2630 3384 2719 3439 hic
2744 3393 2799 3439 et
2827 3385 2916 3439 ille
2946 3395 3031 3439 est
3063 3385 3116 3439 in
3143 3385 3335 3440 eadem
3371 3386 3548 3457 digni-

1935 3487 2042 3531 tate
2070 3496 2083 3531 :
2114 3478 2361 3531 similiter
2385 3476 2600 3547 utrique
2637 3478 2797 3546 paulo
2827 3487 2945 3547 post
2974 3492 3080 3532 non
3114 3488 3296 3533 erunt.
3320 3476 3549 3545 Quando

1933 3569 2029 3623 fuit
2064 3614 2077 3637 ,
2124 3581 2327 3639 quanto
2360 3580 2605 3638 tempore
2631 3611 2647 3635 ,
2696 3569 2784 3623 die
2830 3568 3000 3622 mihi?
3029 3570 3262 3625 duorum
3292 3570 3501 3625 dierum
3524 3570 3550 3623 ’ἒ

1937 3661 2041 3715 hoc
2066 3663 2229 3715 etiam
2265 3660 2323 3714 fit
2356 3661 2407 3713 in
2435 3660 2663 3715 somnis.
2694 3658 2801 3715 Sed
2841 3669 2925 3715 est
2951 3703 2965 3727 ,
2999 3659 3174 3730 inquit
3203 3702 3218 3727 ,
3250 3664 3546 3716 somnium.

1936 3755 2005 3810 Et
2034 3754 2159 3823 quid
2201 3754 2351 3807 tum?
2378 3753 2520 3823 quod
2550 3753 2696 3809 enim
2743 3752 2802 3807 fit
2856 3753 3130 3818 interdiu,
3174 3768 3281 3807 non
3323 3761 3408 3809 est
3455 3768 3554 3807 so-

1936 3846 2192 3901 mnium?
2231 3845 2319 3899 dic
2350 3845 2481 3900 mihi
2531 3860 2628 3900 cur
2657 3860 2764 3899 non
2819 3843 2935 3900 lucc
2978 3846 3148 3916 magis
3203 3844 3433 3900 dicimus
3463 3860 3553 3900 so-

1935 3941 2139 3995 mnium
2170 3938 2193 3991 ?
2225 3939 2295 3995 Ut
2321 3940 2469 3994 enim
2498 3940 2731 4005 somnia,
2762 3954 2884 3994 cum
2917 3940 3036 3994 dies
3066 3940 3383 4005 accesserit,
3417 3940 3551 3995 nihil

1938 4048 2059 4090 esse
2086 4034 2524 4089 convincuntur:
2559 4034 2630 4087 ita
2665 4043 2719 4087 et
2750 4034 2864 4089 lucc
2900 4042 3058 4088 nocte
3087 4042 3380 4105 appetente
3416 4033 3553 4089 nihil

1937 4136 2101 4180 sunt:
2138 4125 2475 4181 tantumdem
2508 4126 2653 4181 enim
2688 4126 2949 4193 temporis
2976 4136 3032 4181 et
3074 4141 3179 4181 nox
3222 4134 3279 4181 ct
3307 4125 3427 4181 dies
3456 4140 3552 4180 ac-

1938 4221 2185 4290 cipiunt,
2234 4231 2288 4273 et
2341 4228 2512 4273 totum
2548 4228 2761 4287 tempus
2791 4234 2856 4272 ex
2889 4233 3046 4286 aequo
3077 4218 3342 4272 dividunt.
3400 4216 3554 4273 Sicut

1940 4330 2068 4384 ergo
2098 4315 2162 4369 iis
2196 4330 2316 4384 qua)
2352 4322 2513 4367 noctu
2544 4312 2682 4367 facta
2717 4320 2844 4365 sunt
2886 4328 2992 4365 non
3022 4311 3237 4365 laetatur
3266 4311 3554 4382 quisquam

1944 4406 2217 4459 interdiu:
2254 4409 2321 4459 ita
2377 4421 2478 4459 nec
2524 4405 2639 4458 ﬁeri
2684 4413 2861 4473 potest
2909 4412 2968 4457 ut
3016 4417 3180 4457 noctu
3230 4402 3436 4457 fruatur
3491 4404 3556 4458 iis

1944 4513 2061 4563 qua:
2103 4496 2336 4548 interdiu
2372 4495 2508 4549 facta
2542 4505 2684 4548 sunt.
2723 4493 2893 4547 Fuisti
2926 4493 3157 4547 consul?
3202 4503 3257 4548 et
3285 4508 3386 4563 ego
3416 4510 3554 4563 quo-

1943 4603 2070 4655 que.
2122 4587 2225 4641 Sed
2270 4604 2370 4657 ego
2406 4595 2604 4649 noctu,
2656 4596 2710 4640 et
2744 4596 2796 4640 ιιι
2847 4586 3102 4639 interdiu.
3140 4584 3275 4652 Quid
3309 4586 3459 4639 tum?
3489 4601 3557 4638 ne

1945 4681 2020 4733 sic
2048 4679 2263 4749 quidem
2296 4680 2413 4748 plus
2441 4678 2606 4732 habes
2636 4694 2795 4748 quam
2828 4693 2949 4747 ego.
2984 4676 3096 4731 Nisi
3133 4675 3271 4731 forte
3301 4676 3442 4731 hunc
3470 4678 3554 4731 vel

1949 4772 2095 4823 illum
2146 4771 2250 4824 dici
2305 4771 2625 4830 consulem,
2679 4785 2799 4824 eam
2853 4785 2973 4839 qure
3026 4784 3094 4823 ex
3149 4769 3333 4823 verbis
3383 4769 3556 4823 oritur

1946 4878 2141 4932 capere
2188 4863 2543 4930 voluptatem,
2578 4862 2699 4931 plus
2748 4861 2947 4915 habere
2977 4860 3143 4915 efficit
3181 4879 3193 4914 :
3228 4870 3285 4914 ιιι
3322 4861 3558 4931 exempli

1947 4971 2111 5008 causa
2134 4998 2148 5019 ,
2184 4955 2233 5009 id
2268 4955 2413 5008 enim
2440 4954 2615 5007 dicam
2646 4956 2886 5022 apertius
2909 4993 2921 5015 ,
2974 4954 3017 5006 si
3064 4952 3290 5008 dixero:
3330 4953 3425 5008 llic
3473 4954 3559 5009 vel

1951 5049 2036 5099 ilic
2071 5048 2296 5113 Consul,
2331 5057 2385 5100 et
2431 5046 2708 5099 donavere
2742 5045 2843 5100 hoc
2885 5060 3082 5101 nomen
3106 5086 3120 5111 ,
3167 5062 3349 5100 annon
3399 5048 3559 5101 sinml

1950 5138 2155 5192 dctum
2180 5147 2261 5191 est
2289 5146 2342 5191 ct
2378 5137 2549 5191 abiit?
2592 5138 2665 5192 ita
2700 5154 2788 5193 res
2817 5153 3031 5207 quoque
3069 5155 3081 5191 :
3118 5139 3276 5193 simul
3315 5141 3562 5206 apparuit

1954 5224 2158 5287 consul,
2188 5234 2242 5278 et
2275 5240 2378 5278 non
2411 5234 2495 5281 est
2524 5225 2778 5295 amplius.
2812 5224 3087 5281 Poaamus
3112 5238 3293 5281 autem
3321 5242 3523 5283 annum
3544 5269 3558 5292 ,

1954 5326 2003 5367 et
2035 5315 2170 5369 duos
2197 5331 2369 5370 annos
2393 5326 2447 5371 ct
2471 5327 2579 5371 tres
2610 5327 2661 5371 et
2692 5326 2927 5387 quatuor
2953 5337 2964 5371 :
2992 5319 3080 5372 ubi
3105 5328 3231 5373 sunt
3260 5320 3349 5390 qui
3372 5320 3561 5375 decem

1949 5422 2119 5461 annos
2152 5406 2369 5463 fuerunt
2399 5411 2695 5465 consules?
2722 5410 3023 5481 Nusquam.
3052 5412 3159 5468 Sed
3188 5429 3295 5467 non
3318 5414 3395 5467 sic
3426 5413 3566 5468 Pau-

1950 5499 2029 5552 lus
2050 5520 2061 5551 :
2085 5515 2208 5554 nam
2234 5499 2659 5571 fuitsplcndidus
2684 5514 2794 5558 tum
2828 5503 3041 5569 vivens,
3070 5518 3175 5559 non
3202 5521 3366 5559 unum
3390 5505 3559 5573 diem,

1948 5606 2048 5646 nec
2089 5593 2225 5647 duos
2248 5635 2261 5658 ,
2294 5611 2468 5662 neque
2501 5596 2689 5650 decem
2711 5636 2725 5660 ,
2768 5612 2878 5650 non
2907 5597 3130 5666 viginti,
3160 5612 3260 5650 nec
3294 5599 3508 5668 triginta
3543 5640 3558 5663 ,

1947 5701 2117 5754 neque
2144 5702 2315 5739 annos
2346 5689 2554 5749 decem.
2590 5706 2685 5743 nec
2718 5689 2927 5760 viginti,
2958 5704 3055 5743 nec
3084 5689 3334 5757 triginta;
3370 5691 3463 5745 sed
3506 5700 3561 5745 et

1946 5789 2027 5831 «ιρι
2062 5788 2302 5835 mortuas
2324 5823 2337 5847 ,
2372 5792 2424 5835 et
2452 5782 3017 5854 quadringentcsiinus
3058 5798 3230 5837 annus
3260 5782 3368 5851 jam
3417 5798 3577 5853 [ιι-τιξ-⁴
