4020 6402
580 310 650 370 83
1372 312 1428 365 5.
1470 308 1736 366 JOANNIS
1773 300 2243 363 CHRYSOSTOMI
2283 298 2592 355 ARClllEP.
2635 291 3164 352 CONSTANTINOP.
3744 290 3813 350 st

558 412 698 463 teriit
723 411 800 481 (a)
821 452 834 476 ,
868 421 919 467 et
949 413 1123 468 adhuc
1151 428 1288 467 nunc
1314 420 1396 466 Cal
1423 413 1640 474 clarior,
1669 422 1719 466 et
1747 414 1916 466 multo
1939 414 2132 471 clarior

550 514 712 569 quam
741 500 953 569 quando
983 500 1212 554 vivebat.
1244 498 1309 552 Et
1340 496 1455 551 haec
1475 496 1691 565 quidem
1720 496 1771 550 in
1796 504 1935 548 terra
1962 512 1975 547 :
2002 508 2129 548 san-

551 599 761 642 ctorum
794 600 969 643 autem
1002 589 1322 651 claritatem,
1352 602 1471 657 quae
1489 595 1572 641 est
1597 589 1649 640 in
1681 586 1851 651 cadis,
1883 598 2127 653 qua'nam

551 680 832 746 explicarit
851 678 1062 733 oratio?
1087 676 1466 745 Quamobrem,
1490 692 1637 747 rogo,
1666 676 1802 731 hanc
1826 689 2127 745 qumramus

613 944 685 1005 (a)
709 940 852 1005 Saepe
873 929 1483 1005 vidimus
1505 917 1555 966 in
1585 918 1860 973 ternporum
1885 905 2130 963 computa-

481 1056 485 1058 .
553 998 685 1055 tione
710 998 804 1051 non
830 1002 893 1048 ita
916 998 1190 1045 accurattun
1216 998 1345 1037 esse.

569 1153 1989 1191 -αηψρ-ο-λ---ο-Μ--σ--Μο-

559 1382 685 1437 ειν.
717 1377 770 1432 6.
814 1392 864 1428 ν.
894 1371 949 1425 7.
993 1364 1153 1424 Terra
1178 1364 1311 1419 enim
1336 1375 1469 1428 stupe
1495 1355 1771 1411 venientem
1798 1365 1948 1419 super
1972 1365 2023 1401 se.
2051 1346 2129 1398 bi-

631 1473 749 1525 bens
775 1465 981 1521 imbrem
1005 1504 1020 1528 ,
1044 1469 1089 1513 et
1118 1456 1407 1528 germinans
1433 1449 1639 1503 herbam
1663 1451 2001 1513 opportunam
2030 1438 2133 1491 illis

630 1582 661 1617 a
682 1562 857 1635 quibus
878 1526 1080 1616 colitur,
1101 1526 1289 1617 accip'it
1314 1542 1711 1598 benedictionem
1738 1552 1769 1588 a
1792 1533 1924 1597 Deo;
1945 1532 1997 1587 8.
2020 1547 2137 1600 pro-

634 1628 799 1725 ferens
827 1660 994 1704 autem
1024 1646 1197 1715 spinas
1224 1650 1267 1694 et
1311 1636 1543 1696 tribulos,
1574 1628 1791 1696 reproba
1817 1635 1890 1679 est
1938 1632 1981 1677 et
2027 1638 2135 1675 ma-

632 1748 814 1802 ledicto
869 1740 1103 1812 proxima
1144 1751 1161 1789 .'
1206 1732 1352 1802 cujus
1406 1722 1773 1782 consummatio
1829 1717 1884 1772 in
1934 1714 2134 1770 combu-

633 1841 865 1893 stionem.

644 1934 695 1983 1.
742 1927 814 1994 ia)
846 1926 975 1980 Cum
1004 1922 1192 1974 timore
1220 1913 1496 1968 audiamus
1522 1903 1617 1962 Dei
1644 1900 1853 1973 eloquia
1879 1915 1893 1965 ;
1927 1912 2046 1953 cum
2078 1895 2141 1949 ti-

572 2037 721 2079 more
742 2031 792 2074 et
820 2017 985 2071 multo
1009 2024 1240 2067 tremore
1268 2029 1278 2059 :
1305 2004 1500 2061 Servitc
1519 2001 1680 2063 enim,
1709 1998 1898 2065 inquit,
1924 1987 2142 2045 Domino

566 2116 617 2168 in
650 2114 841 2171 timore,
867 2118 911 2161 et
940 2103 1186 2159 exsultate
1225 2100 1271 2152 ei
1315 2112 1428 2149 cum
1473 2103 1687 2145 tremore
1730 2085 1901 2156 (Psal.
1930 2084 1985 2137 2.
2021 2080 2133 2151 Η).

571 2204 627 2259 Si
670 2214 844 2257 autem
890 2208 943 2250 et
983 2194 1228 2265 gaudium
1262 2196 1505 2243 nostrum
1534 2193 1589 2237 et
1629 2178 1917 2235 exsultatio
1959 2184 2142 2229 nostra

576 2295 736 2348 debet
778 2305 895 2345 esse
924 2264 1042 2344 cum
1077 2294 1310 2338 tremore
1344 2295 1357 2330 :
1397 2274 1611 2346 quando
1638 2272 1797 2326 etiam
1827 2283 1886 2323 ea
1916 2281 2034 2335 qua:
2061 2264 2142 2316 di.

573 2392 766 2439 cuntur
806 2387 924 2434 sunt
974 2371 1229 2429 terribilia
1258 2411 1271 2435 ,
1312 2378 1371 2423 ut
1416 2380 1556 2419 nunc
1576 2404 1591 2428 ,
1620 2375 1727 2431 quo
1753 2354 2011 2426 supplicio
2042 2370 2143 2405 non

574 2488 759 2532 sumus
785 2470 962 2539 digni,
992 2468 1034 2521 si
1064 2481 1123 2520 ea
1155 2476 1273 2533 qua:
1302 2460 1550 2513 dicuntur
1577 2468 1682 2507 non
1715 2447 1998 2503 audiamus
2024 2459 2142 2498 cum

577 2562 805 2621 tren'mre
823 2534 1003 2614 {Cum
1051 2556 1281 2609 dixisset
1322 2548 1435 2604 ﬁeri
1478 2560 1582 2600 non
1628 2555 1787 2612 posse
1814 2546 1871 2592 ut
1896 2537 1983 2606 qui
2016 2534 2150 2601 lapsi

577 2658 933 2731 supt.iterum
984 2650 1334 2717 baptizentur,
1364 2650 1417 2696 et
1445 2637 1819 2693 remissionem
1848 2646 1941 2700 per
1966 2627 2138 2695 bapti-

581 2719 751 2801 smum
780 2746 957 2797 denuo
984 2739 1277 2806 accipiant,
1317 2740 1371 2787 et
1415 2726 1738 2784 ostendisset
1776 2736 1932 2792 quam
1979 2719 2020 2771 si
2066 2731 2150 2770 res

583 2839 865 2896 horrenda.
891 2831 1158 2901 subiungit
1186 2848 1197 2881 :
1224 2826 1381 2879 Terra
1402 2820 1530 2876 enim
1554 2835 1687 2887 καῖρε
1707 2815 1981 2871 venientem
2003 2826 2153 2877 super

584 2950 636 2984 se
653 2931 819 2982 bibens
845 2898 1069 2983 imbrem,
1097 2930 1139 2973 et
1159 2918 1443 2988 germinans
1466 2910 1668 2965 herbam
1692 2912 2028 2975 Opportunum
2052 2898 2155 2951 illis

587 3041 673 3092 per
696 3037 819 3091 quos
849 3018 1053 3074 colitur,
1087 3011 1269 3079 accipit
1300 3002 1693 3061 benedictionem
1732 3015 1763 3050 a
1810 2994 1953 3058 Deo;
1995 2994 2165 3061 profe-

587 3084 895 3169 rens-autem
925 3110 1095 3176 spinas
1126 3113 1169 3157 et
1197 3100 1405 3155 tribulos
1432 3094 1645 3165 reproba
1675 3100 1782 3153 est,
1813 3098 1857 3141 et
1900 3084 2166 3138 maledicto

591 3205 820 3273 proxima
846 3218 861 3252 :
886 3199 1027 3267 cujus
1054 3189 1415 3248 consummatio
1436 3190 1485 3239 in
1515 3182 1925 3240 combustionem.
1956 3172 2167 3229 Timea-

591 3310 711 3350 mus
735 3306 862 3361 ergo
883 3332 899 3352 ,
928 3305 960 3340 ο
990 3283 1209 3341 dilecti:
1241 3297 1349 3335 non
1379 3288 1503 3334 sunt
1540 3274 1687 3330 Pauli
1720 3272 1802 3324 hae
1835 3269 1993 3323 minzu
2018 3307 2030 3330 ,
2063 3279 2168 3317 non

592 3398 717 3443 sunt
744 3356 904 3439 verba
938 3378 1169 3434 hominis
1195 3394 1207 3429 :
1232 3382 1357 3429 sunt
1386 3369 1615 3439 Spiritus
1641 3363 1835 3425 sancti,
1864 3368 1990 3413 sunt
2010 3356 2168 3411 Chri-

595 3478 685 3543 sti,
718 3476 806 3544 qui
836 3476 887 3527 in
918 3473 1035 3541 ipso
1062 3466 1319 3537 loquitur.
1372 3462 1538 3516 Estne
1562 3472 1691 3527 ergo
1718 3451 1911 3522 aliquis
1943 3446 2171 3501 mundus

599 3540 782 3623 abhis
813 3540 1019 3632 spinis?
1047 3556 1198 3625 Quod
1231 3557 1274 3609 si
1303 3552 1465 3608 etiam
1495 3560 1740 3603 essemus
1769 3540 1972 3601 mundi,
2003 3553 2069 3591 ue
2099 3541 2175 3589 sic

593 3651 806 3725 quidem
833 3644 1103 3703 conﬁdere
1123 3644 1426 3709 oporteret,
1456 3632 1549 3688 sed
1581 3633 1765 3685 timere
1791 3637 1843 3681 et
1880 3636 2112 3679 tremere
2130 3664 2145 3687 ,

594 3713 665 3798 ne
691 3741 744 3796 in
769 3734 923 3793 nobis
948 3732 1254 3804 germinent.
1272 3726 1438 3796 spinae
1462 3739 1475 3775 :
1508 3735 1628 3777 cum
1672 3727 1847 3773 autem
1879 3716 1970 3769 toti
1997 3713 2150 3783 peni-

596 3845 681 3888 tus
727 3831 891 3886 simus
936 3827 1101 3895 spina:
1143 3831 1197 3875 et
1242 3814 1452 3879 tribuli,
1482 3811 1747 3867 uudenam
1772 3849 1786 3872 ,
1813 3806 1898 3860 dic
1941 3818 2150 3874 quaeso,

602 3921 946 3981 confidimus,
974 3925 1028 3971 et
1060 3912 1231 3981 supini
1276 3907 1553 3979 ignavique
1581 3898 1890 3957 reddimur?
1920 3896 2043 3965 quid
2072 3902 2155 3950 est

603 4012 741 4081 quod
774 4024 867 4063 nos
898 4006 1022 4060 facit
1048 4005 1264 4072 ignavos
1290 4008 1343 4052 et
1371 3994 1657 4050 socordes?
1682 3991 1735 4045 Si
1764 3991 1807 4044 is
1832 3989 1918 4059 qui
1944 3987 2155 4041 videtur

602 4079 762 4163 stare,
788 4099 945 4153 debet
969 4096 1152 4149 timere
1174 4107 1238 4145 ne
1258 4088 1411 4144 cadat
1436 4104 1447 4139 :
1477 4101 1595 4139 nam
1617 4085 1700 4150 qui
1726 4083 1939 4145 videtur,
1962 4079 2151 4146 inquit,

604 4204 753 4253 stare,
787 4186 946 4242 rideat
993 4201 1051 4237 ne
1091 4180 1234 4234 cadat
1280 4180 1353 4247 (l.
1378 4174 1495 4231 Cor.
1525 4176 1607 4228 10.
1637 4173 1721 4241 12)
1756 4191 1765 4223 :
1801 4172 1888 4239 qui
1923 4170 2152 4234 cecidit,

606 4299 763 4352 quam
809 4279 965 4332 debet
1007 4289 1126 4329 esse
1173 4271 1431 4325 sollicitus
1458 4276 1515 4319 ut
1542 4263 1821 4332 resurgat?
1862 4262 1917 4316 Si
1960 4258 2154 4314 Paulus

609 4378 756 4430 timet
782 4387 846 4425 ne
876 4383 995 4423 cum
1027 4366 1145 4419 aliis
1177 4360 1572 4431 pnedieaverit,
1608 4357 1719 4424 ipse
1766 4355 1855 4407 liat
1895 4352 2157 4421 reprobus

605 4463 814 4531 (LCor.
841 4460 894 4513 9.
920 4457 1035 4525 2‘7),
1060 4455 1144 4525 qui
1170 4461 1251 4508 est
1277 4452 1408 4505 adeo
1440 4449 1637 4518 probus
1663 4466 1675 4499 :
1702 4461 1799 4499 nos
1828 4446 1914 4514 qui
1942 4442 2048 4512 jam
2079 4444 2159 4497 fa-

609 4559 675 4612 cti
723 4568 903 4608 sumus
945 4548 1190 4615 reprobi,
1223 4557 1502 4613 quamnam
1531 4552 1877 4607 assequemur
1911 4538 2114 4589 veniam
2140 4575 2154 4598 ,

609 4664 725 4702 Cum
773 4642 903 4697 nihil
942 4641 1237 4699 timeamus,
1268 4633 1356 4686 sed
1406 4641 1671 4697 tamquam
1718 4626 2155 4681 consuetudinem

604 4732 1066 4793 Christianismum
1110 4725 1456 4794 impleamus,
1491 4727 1636 4775 eteo
1678 4719 1862 4773 leviter
1900 4716 2156 4784 defuuga-

606 4827 754 4883 mur?
784 4824 1085 4879 Timeamus
1118 4833 1273 4885 ergo,
1304 4831 1335 4868 0
1379 4814 1586 4876 dilecti;
1622 4812 1890 4866 Revelalur
1919 4811 2049 4863 enim
2080 4810 2158 4863 ira

609 4921 702 4974 Dei
730 4918 790 4969 de
818 4916 938 4968 crela
962 4907 1132 4981 (Rom.
1161 4911 1211 4962 l.
1239 4907 1320 4969 l8)
1350 4925 1363 4958 :
1390 4907 1697 4965 timeamus;
1728 4902 1989 4957 revelatnr
2018 4903 2156 4956 enim

608 5026 707 5064 non
739 5007 907 5062 solum
938 5002 1190 5056 adversus
1221 4998 1564 5065 impietatem,
1595 4994 1686 5047 sed
1720 4995 1876 5047 etiam
1902 4993 2157 5045 adversus

607 5113 815 5150 omnem
838 5093 1185 5163 iniquitatem,
1210 5096 1265 5142 et
1294 5101 1507 5154 parvam
1534 5091 1587 5137 et
1615 5099 1876 5153 magnam.
1911 5083 2007 5137 Hic
2034 5082 2158 5135 sub-

609 5191 802 5243 indicat
833 5186 920 5239 Dei
956 5180 1328 5251 benignitatem
1351 5188 1404 5230 et
1425 5176 1775 5229 clementiam.
1802 5175 2027 5228 lmbrem
2058 5190 2157 5228 au-

609 5292 711 5333 tem
742 5277 864 5330 dicit
891 5274 1215 5333 doctrinam;
1250 5279 1301 5323 et
1328 5265 1467 5337 quod
1497 5266 1740 5332 superius
1762 5264 1971 5317 dicebat
1992 5306 2005 5328 ,
2038 5265 2159 5317 Cum

607 5369 843 5423 deberetis
873 5381 974 5419 esse
1003 5362 1222 5431 magistri
1264 5368 1464 5427 prapter
1504 5373 1727 5424 tempus,
1760 5356 1807 5407 id
1841 5354 1923 5408 hic
1954 5370 2161 5423 quoque

608 5464 751 5515 dicit.
811 5462 875 5512 Et
917 5455 1095 5510 multis
1139 5454 1189 5504 in
1236 5451 1365 5504 locis
1395 5450 1671 5515 Scriptura
1701 5446 1995 5500 doctrinam
2028 5444 2155 5499 dicit

628 5658 657 5670 εἰ
677 5591 747 5670 lu)
770 5589 1210 5670 liiEdiEliorel‘qA
1226 5590 1931 5670 inec_b9niilia.decima.incipit
1954 5608 2063 5670 pag:
2085 5596 2193 5645 790.

612 5652 740 5723 ttulit.
770 5665 902 5723 vero,
928 5654 1117 5723 omissis
1134 5655 1376 5723 munibus,
1404 5653 1646 5723 humilium
1672 5656 1837 5717 incipit
1860 5652 1888 5705 ii
1913 5652 2078 5705 morali
2107 5671 2193 5707 ex-

614 5714 881 5762 hortatituie
906 5726 1013 5775 quin
1040 5714 1226 5761 initium
1255 5715 1401 5762 lubet
1423 5722 1471 5761 Ν.
1502 5717 1543 5762 γι.

2223 413 2520 468 claritatem
2540 451 2554 472 ,
2584 407 2722 461 hanc
2753 417 3157 474 persequamur,
3191 409 3248 453 ut
3273 410 3673 467 assequamur:
3705 393 3819 447 bzrc

2225 506 2368 560 enim
2406 512 2489 557 est
2515 518 2633 571 qua:
2664 510 2747 554 est
2777 512 2904 552 vere
2931 495 3167 549 claritas.
3186 490 3437 571 Tandem
3465 488 3818 543 discedamus

2225 597 2291 650 ab
2317 596 2381 650 iis
2412 610 2531 664 qua:
2572 593 2640 647 ad
2678 592 2816 645 hanc
2844 590 3005 642 vitam
3036 566 3307 657 pertiiient
3345 601 3358 637 :
3390 591 3447 636 ut
3476 579 3819 634 inveniamus

2226 691 2449 761 gratiam
2499 695 2555 741 et
2605 681 3031 739 miscricordiam
3071 680 3122 732 in
3159 678 3374 733 Christo
3416 674 3543 728 Jesu
3590 671 3820 724 Domino

2227 760 2434 844 nostro,
2463 792 2584 833 cum
2607 789 2713 845 quo
2736 773 2878 827 Patri
2902 786 3007 825 una
3034 784 3153 824 cum
3179 775 3368 822 sancto
3394 764 3596 835 Spiritu
3622 760 3819 831 gloria,

2230 868 2513 940 imperitun
2536 906 2549 933 ,
2584 866 2756 919 honor
2783 872 2838 917 et
2866 859 3131 924 adoratio,
3162 871 3305 913 nunc
3333 864 3388 912 et
3413 868 3654 923 semper,
3688 861 3740 904 et
3771 852 3819 901 iu

2228 961 2426 1019 saacula
2452 958 2794 1013 seculorum.
2830 956 3025 1008 Amen.

2726 1134 3047 1145 ...σε’-ιο-οο-

2001 1150 2470 1260 {teme

2251 1354 2472 1412 imbrem
2499 1376 2511 1412 :
2536 1351 2792 1408 Mandabo
2820 1352 2960 1407 enim
2980 1394 2996 1418 ,
3024 1352 3211 1422 inquit,
3246 1348 3455 1407 nubibus
3483 1371 3545 1409 ne
3568 1358 3624 1410 in
3654 1354 3819 1425 ipsum

2250 1448 2424 1519 pluant
2449 1449 2655 1501 imbrem
2683 1443 2833 1515 (Isai.
2857 1445 2911 1499 5.
2947 1441 3056 1515 6),
3087 1441 3309 1512 loquens
3340 1444 3406 1499 de
3440 1445 3595 1501 vinea
3632 1466 3644 1500 :
3677 1447 3819 1517 quod

2247 1541 2456 1609 quidem
2487 1534 2612 1593 alibi
2642 1546 2792 1591 vocat
2809 1536 3007 1604 [amem
3039 1535 3193 1604 panis
3212 1544 3266 1589 et
3287 1536 3429 1589 sitim
3458 1553 3612 1608 aqua:
3636 1539 3817 1611 (Amos

2247 1634 2299 1688 8.
2336 1634 2390 1685 ll
2418 1632 2455 1699 ).
2502 1628 2569 1684 Et
2615 1630 2803 1683 iterum
2838 1646 2850 1681 :
2890 1626 3103 1681 Flavius
3150 1625 3245 1680 Dei
3288 1628 3507 1696 repletus
3553 1640 3628 1683 est
3673 1634 3818 1698 aquis

2250 1718 2417 1791 (Psal.
2444 1720 2531 1774 6L
2560 1718 2668 1789 10).
2702 1717 2855 1771 Terra
2879 1719 3032 1779 enim,
3063 1718 3247 1785 inquit,
3273 1733 3405 1785 saepe
3435 1719 3709 1772 veniente».-
3734 1738 3819 1772 su-

2246 1828 2333 1880 per
2373 1826 2425 1863 se.
2470 1809 2637 1864 bibens
2675 1809 2901 1862 imbrem.
2950 1808 3045 1862 llic
3071 1807 3301 1862 ostendit
3330 1810 3470 1878 quod
3504 1820 3559 1864 et
3589 1815 3814 1866 verbum

2242 1902 2544 1972 acceperint
2565 1944 2577 1964 ,
2610 1912 2663 1956 et
2692 1898 2847 1955 simul
2876 1900 3109 1955 biberint
3140 1942 3154 1967 ,
3180 1910 3234 1954 et
3266 1902 3314 1954 id
3346 1916 3488 1969 szepe
3519 1903 3631 1957 sint
3660 1920 3813 1959 assc-

2242 1991 2409 2063 quuti,
2435 2007 2531 2047 nec
2559 1988 2609 2046 id
2640 2001 2810 2047 tamen
2834 1992 2911 2045 eis
2938 1989 3215 2059 profuerit.
3239 1988 3292 2046 Si
3318 1993 3586 2061 agricolae,
3614 1995 3811 2064 inquit,

2242 2098 2400 2153 opera
2434 2099 2536 2137 non
2568 2080 2757 2136 fuisses
2786 2081 2974 2145 cultus,
3016 2082 3058 2134 si
3093 2081 3350 2136 imbribus
3379 2098 3482 2137 non
3514 2099 3666 2139 esses
3695 2086 3815 2139 irri-

2240 2188 2390 2245 gatus
2410 2218 2425 2241 ,
2459 2192 2559 2230 non
2588 2186 2731 2229 esset
2756 2184 2955 2228 tantum
2994 2175 3189 2227 malum
3222 2192 3233 2226 :
3264 2190 3384 2227 nam
3411 2176 3472 2230 Si
3512 2192 3615 2229 non
3641 2180 3779 2230 venis
3798 2208 3813 2217 ε

2248 2279 2372 2323 sem,
2404 2264 2592 2331 inquit,
2626 2272 2669 2313 et
2697 2262 2765 2313 eis
2794 2277 2890 2311 non
2915 2263 3116 2328 fuissem
3148 2261 3396 2326 loquutus,
3430 2267 3689 2326 peccatum
3722 2270 3822 2307 nan

2251 2354 2533 2407 habuissent
2574 2352 2753 2420 (Joau.
2802 2352 2887 2405 15.
2933 2348 3047 2420 9.2)
3073 2367 3085 2401 :
3116 2351 3156 2403 si
3184 2361 3359 2403 autem
3388 2362 3531 2416 Step6
3560 2348 3741 2402 bibisti
3770 2356 3823 2399 et

2251 2443 2503 2511 accepisti
2530 2485 2542 2507 ,
2572 2458 2666 2495 cur
2709 2456 2801 2508 pro
2830 2439 3089 2493 fructibus
3118 2439 3221 2492 alia
3254 2438 3583 2507 produxisti?
3624 2436 3823 2503 Exspe-

2247 2534 2397 2597 ctavi,
2428 2534 2615 2601 inquit,
2642 2541 2693 2583 ut
2724 2536 2908 2599 faceret
2937 2545 3103 2591 uvam,
3135 2530 3250 2597 fecit
3275 2539 3438 2581 autem
3463 2528 3640 2595 spinas
3668 2521 3821 2597 (lsai.

2251 2623 2301 2677 6.
2329 2624 2407 2689 9.).
2441 2624 2598 2676 Vides
2618 2622 2757 2691 quod
2788 2623 3060 2691 Scriptura
3088 2619 3281 2688 ubique
3306 2618 3487 2687 spinas
3516 2628 3673 2671 vocat
3703 2631 3826 2690 peo-

2251 2714 2407 2767 cata?
2436 2713 2563 2766 Nam
2589 2723 2638 2766 et
2666 2712 2825 2765 David
2849 2712 2975 2765 dicit
3005 2729 3017 2763 :
3046 2710 3319 2764 Conversus
3340 2725 3449 2762 sum
3470 2709 3521 2761 in
3542 2721 3825 2761 (erumnam

2252 2803 2371 2856 dum
2387 2802 2509 2857 mihi
2531 2803 2689 2869 inﬁxa
2707 2801 2935 2869 estspina
2953 2798 3125 2869 (Psal.
3141 2800 3229 2853 31.
3248 2798 3325 2866 4).
3349 2798 3463 2852 Νοη
3488 2797 3662 2850 solum
3682 2797 3823 2849 enim

2255 2896 2567 2965 ingreditur.
2602 2894 2701 2950 sed
2722 2894 2882 2951 etiam
2912 2892 3150 2959 inﬁgitur
3179 2907 3193 2943 :
3223 2899 3277 2945 et
3302 2890 3345 2943 si
3375 2903 3562 2957 parum
3587 2887 3706 2956 ejus
3737 2903 3825 2940 re-

2256 2998 2499 3050 maneat,
2528 2998 2574 3040 et
2624 3005 2725 3041 non
2772 2998 2938 3041 totum
2986 2987 3161 3057 ipsum
3208 2981 3601 3042 exemerimus,
3638 2994 3821 3046 parum

2257 3079 2382 3132 illud
2414 3095 2560 3148 mque
2593 3079 2749 3133 infert
2791 3080 3030 3133 dolorem
3054 3120 3067 3142 ,
3109 3080 3269 3147 alque
3298 3073 3352 3125 in
3377 3071 3548 3138 spina.
3597 3070 3660 3124 ΕΙ
3698 3069 3822 3137 quid

2258 3168 2376 3223 dico
2395 3171 2561 3237 ipsum
2587 3170 2806 3237 parum?
2827 3173 2989 3223 etiam
3015 3178 3291 3237 pOSIquam
3318 3164 3473 3221 fuerit
3497 3170 3822 3228 exemplum.

2259 3262 2346 3315 diu
2380 3262 2611 3315 immittit
2641 3260 2806 3330 plagae
2824 3261 3063 3315 dolorem
3085 3279 3095 3312 :
3120 3260 3344 3327 ideoque
3366 3259 3529 3312 multa
3558 3251 3825 3311 medicina

2258 3365 2390 3419 opus
2414 3361 2495 3405 est
2522 3362 2571 3403 et
2604 3352 2900 3415 curatione,
2935 3360 2993 3404 ut
3022 3349 3253 3419 perfecte
3284 3349 3617 3405 liberemur:
3652 3361 3824 3414 neque

2258 3442 2397 3495 enim
2445 3452 2715 3510 peccatum
2765 3442 2938 3495 solum
2986 3441 3221 3494 eximere
3264 3439 3478 3503 sufficit,
3521 3437 3615 3491 sed
3662 3438 3823 3491 etiam

2259 3541 2467 3597 oportet
2499 3547 2687 3584 curare
2737 3533 2909 3584 locum
2940 3543 3272 3597 percussum.
3312 3528 3414 3583 Sed
3447 3528 3606 3581 timeo
3633 3543 3699 3579 ne
3732 3539 3825 3580 no-

2261 3621 2342 3675 bis
2367 3622 2532 3690 magis
2561 3622 2821 3686 dicantur,
2865 3636 3022 3691 quam
3069 3621 3185 3673 aliis
3224 3619 3429 3673 dicatur
3471 3616 3635 3677 illud.
3674 3616 3828 3670 Terra

2262 3713 2413 3777 enim,
2446 3713 2632 3781 inquit,
2665 3728 2794 3781 saepe
2824 3728 2972 3779 super
3000 3727 3053 3763 se
3086 3710 3357 3763 venientem
3384 3708 3553 3761 bibens
3583 3704 3830 3760 imbrem:

2262 3817 2475 3872 semper
2503 3806 2642 3858 cnim
2674 3804 2924 3865 bibimus,
2953 3816 3166 3870 semper
3197 3800 3472 3855 audimus:
3512 3799 3605 3854 sed
3636 3799 3831 3853 humo-

2260 3911 2376 3950 rem
2405 3896 2579 3949 statim
2608 3895 2895 3961 perdimus,
2926 3893 3135 3947 oriente
3163 3892 3300 3957 sole,
3325 3899 3375 3943 et
3408 3899 3689 3959 propterea
3718 3890 3829 3959 spi-

2263 4001 2359 4041 nas
2390 3984 2679 4039 et'ferimus.
2713 3984 2966 4049 Qumnam
3000 3990 3123 4036 sunt
3149 3996 3277 4051 ergo
3306 3981 3509 4050 spina}?
3534 3980 3831 4035 Audiamus

2262 4077 2531 4133 Christum
2559 4076 2844 4139 dicentem,
2875 4074 3012 4139 quod
3037 4074 3340 4128 sollicitudo
3364 4076 3519 4141 hujus
3549 4074 3755 4133 smeuli.
3781 4081 3833 4127 et

2266 4169 2471 4224 fallacia
2499 4168 2799 4222 divitiarum
2830 4167 3053 4221 suffocat
3083 4168 3339 4229 verbum,
3369 4174 3425 4219 et
3455 4166 3509 4218 fit
3540 4165 3823 4235 infrugife-

2266 4276 2381 4316 rum
2409 4259 2556 4329 (Luc.
2585 4258 2636 4311 8.
2673 4258 2781 4323 illi.
2811 4257 2967 4309 Terra
2994 4258 3147 4321 enim,
3182 4256 3371 4325 inquit,
3406 4271 3539 4322 saepe
3559 4258 3821 4309 acuienten

2266 4366 2414 4421 super
2440 4368 2492 4404 se
2517 4350 2685 4402 bibens
2716 4350 2952 4411 imbrem,
2984 4358 3029 4401 et
3070 4350 3356 4417 germinans
3399 4347 3601 4401 herbam
3651 4364 3839 4419 oppor-

2268 4456 2459 4498 tunam.

2338 4536 2394 4588 2.
2436 4535 2569 4589 Nihil
2613 4543 2695 4587 est
2735 4534 2867 4588 adeo
2907 4542 3278 4601 opportunum
3303 4575 3316 4597 ,
3347 4540 3402 4583 ut
3444 4532 3562 4584 vita:
3598 4534 3843 4601 purius;-

2272 4630 2400 4683 nihil
2426 4629 2561 4682 adeo
2584 4642 2922 4681 numerosum
2948 4641 3009 4679 ac
3030 4626 3373 4688 concinnum,
3404 4633 3456 4675 ut
3484 4624 3585 4675 vita
3613 4626 3837 4690 Optima,

2273 4718 2402 4775 nihil
2431 4718 2563 4774 adeo
2590 4734 2907 4789 congruens,
2940 4728 2994 4770 ut
3020 4719 3205 4771 virtus.
3233 4716 3294 4769 Et
3314 4714 3621 4786 germinans.
3648 4717 3837 4783 inquit,

2274 4813 2476 4866 herbam
2496 4819 2834 4880 opportunam
2865 4810 2967 4862 illis
2995 4826 3023 4859 α
3052 4808 3230 4875 quibus
3260 4808 3465 4871 colitur,
3493 4808 3678 4873 accipit
3704 4804 3863 4859 benem

2274 4901 2540 4955 dictionem
2588 4917 2617 4951 η
2671 4899 2794 4951 Deo.
2854 4899 2947 4951 llic
2997 4898 3123 4950 dicit
3178 4897 3339 4949 Deum
3392 4910 3511 4949 esse
3566 4906 3843 4951 auctori-ut

2276 4993 2510 5046 omnium
2536 5032 2547 5049 ,
2576 4991 2787 5044 Cra-cos
2816 4989 3012 5042 sensim
3050 4987 3245 5039 feriens
3272 5030 3283 5043 .
3331 4987 3416 5052 qui
3458 4986 3634 5037 virtuti
3684 4997 3840 5038 terra:

2274 5081 2585 5137 adscribunt
2603 5079 2867 5132 fructumn
2894 5074 3314 5145 generationem.
3333 5068 3517 5138 Neque
3535 5067 3678 5120 enim
3706 5076 3852 5126 sunt,

2276 5175 2480 5245 inquit,
2510 5186 2700 5226 manus
2734 5168 3085 5239 agricolarum
3118 5179 3235 5233 qum
3266 5163 3436 5232 ipsam
3468 5170 3665 5214 terram
3700 5157 3857 5211 exci-

2279 5273 2392 5318 tant
2432 5264 2497 5317 ad
2535 5263 2737 5316 fructus
2763 5258 3033 5319 ferendos,
3068 5256 3160 5311 sed
3190 5254 3285 5308 Dei
3311 5252 3494 5321 jussus
3526 5268 3540 5303 :
3572 5262 3859 5317 propterea

2282 5358 2410 5410 dicit
2436 5373 2450 5411 :
2480 5354 2671 5423 Accipit
2706 5350 3103 5405 benedictionem
3129 5364 3158 5399 a
3184 5345 3310 5398 Deo.
3347 5342 3478 5397 Vide
3504 5348 3681 5395 autem
3716 5340 3857 5409 quod

2283 5450 2332 5500 in
2363 5446 2531 5515 spinis
2562 5460 2667 5497 non
2695 5443 2851 5505 dixit,
2882 5441 3106 5495 Paricns
3138 5438 3321 5505 spinas
3342 5476 3357 5499 ,
3390 5447 3564 5503 neque
3603 5431 3706 5484 hoc
3742 5429 3859 5484 utili

2281 5552 2403 5589 usus
2433 5546 2515 5589 est
2545 5535 2797 5595 nomine;
2832 5531 2924 5585 sed
2954 5530 3123 5599 quid?
3149 5527 3431 5595 Proferens
3462 5524 3637 5593 spinas
3664 5539 3680 5574 :
3705 5522 3859 5589 quasi

2280 5629 2445 5690 dicas,
2476 5640 2670 5680 eruens
2694 5636 2749 5679 et
2774 5623 3069 5691 expellens.
3127 5620 3361 5687 lieproba
3407 5625 3514 5679 est,
3563 5615 3769 5683 inquit,
3814 5624 3861 5665 et

2283 5720 2546 5773 mulgilirto
2570 5718 2824 5785 proxima.
2856 5716 3042 5779 Papa!
3075 5724 3326 5779 quautam
3359 5710 3514 5764 habet
3539 5708 3858 5762 consolatio-
