4020 6420
169 286 241 342 sa
974 285 1038 341 tu
1080 285 1295 343 El’IST.
1340 281 1429 337 AD
1470 273 1845 336 llEDlUEOS.
1888 275 2046 334 cae.
2090 274 2178 333 γι.
2220 272 2458 331 nomn
2506 271 2574 327 x.
3397 261 3463 316 ειν

168 414 293 455 nem
322 396 463 467 quod
490 395 715 453 dicitur!
749 395 875 461 Est,
923 396 1132 467 inquit,
1170 394 1444 449 maledicto
1483 394 1758 465 proxima,

171 506 283 546 nun
310 490 656 545 maledictum
684 510 700 550 ;
724 489 813 558 qui
840 496 1018 543 autem
1048 488 1286 542 nondum
1312 486 1499 540 incidit
1522 485 1575 540 in
1604 484 1763 539 male-

162 584 393 650 dictum,
417 583 511 638 sed
538 597 705 653 prope
725 589 828 645 est,
856 581 1019 637 etiam
1052 580 1238 651 procul
1259 593 1382 634 esse
1414 578 1625 648 poterit.
1646 576 1761 632 Nec

165 675 273 731 hoc
301 676 477 731 solum
508 684 593 730 est
619 673 966 738 consulatus,
995 673 1092 728 sed
1127 688 1194 727 eo
1220 671 1384 726 etiam
1417 668 1559 740 quod
1599 669 1760 724 dein-

161 787 296 840 ceps
326 772 568 841 sequitur
592 788 606 825 :
630 784 738 825 non
765 768 909 824 enim
936 767 1104 822 dixit:
1130 765 1377 836 chroba
1406 773 1492 820 est
1516 774 1569 820 et
1596 764 1763 819 male-

159 851 311 918 dicto
358 862 599 932 proxima
623 902 640 927 ,
682 876 803 932 quas
829 860 1211 921 conihuretur;
1259 858 1354 912 sed
1400 858 1570 928 quid?
1598 848 1761 927 Ciijus

159 954 287 1023 ﬁnis
308 963 385 1010 est
407 960 459 1006 tu
479 951 902 1006 canibustiouem.
922 949 979 1007 Si
1007 958 1343 1021 permaneat,
1376 948 1564 1018 inquit,
1591 955 1762 1018 usque

157 1044 229 1098 ad
261 1044 446 1108 titiam,
481 1042 535 1097 id
566 1041 817 1112 patietur.
849 1040 1213 1110 Quamobrem
1246 1041 1290 1093 si
1320 1040 1507 1110 spinas
1539 1040 1757 1094 excide-

161 1136 334 1188 rimus
361 1141 418 1187 et
443 1132 847 1198 exusserimus,
878 1132 1177 1203 poterimus
1204 1131 1305 1187 l‘rui
1334 1132 1489 1187 bonis
1512 1132 1759 1186 innume-

158 1225 445 1291 rabilibus,
478 1234 534 1279 et
564 1224 719 1295 probi
746 1224 888 1279 ellici
909 1263 925 1289 ,
957 1234 1016 1280 et
1040 1238 1162 1279 esse
1206 1222 1499 1293 participes
1531 1222 1761 1279 benedi-

157 1317 382 1371 ctionis.
409 1316 601 1371 Merito
626 1324 810 1371 autem
839 1324 1118 1385 peccatum
1147 1314 1439 1386 appellavit
1467 1315 1722 1371 tribulum
1744 1357 1759 1381 ,

157 1408 375 1474 dicens,
411 1406 689 1478 Proferens
716 1416 887 1461 autem
913 1408 1092 1477 spinas
1118 1423 1181 1463 ac
1208 1407 1462 1462 tribulos:
1492 1424 1614 1462 nam
1656 1426 1761 1461 un-

154 1499 465 1570 decumque
495 1499 548 1554 id
581 1500 843 1565 tenueris,
872 1499 992 1555 l'crit
1022 1509 1076 1556 et
1102 1500 1335 1564 mordet.
1369 1509 1425 1557 et
1447 1501 1566 1556 visu
1595 1502 1761 1556 etiam

156 1601 245 1643 est
275 1588 522 1645 deforme
546 1598 603 1645 et
635 1598 854 1646 tetrum.
878 1589 1014 1645 Cum
1037 1607 1168 1663 ergo
1189 1607 1286 1647 eos
1314 1593 1447 1648 satis
1470 1592 1760 1663 tetigisset,

159 1681 447 1737 terruisset
494 1696 560 1736 ac
609 1682 925 1753 pupugisset
945 1722 961 1746 ,
996 1698 1185 1738 rursus
1209 1692 1365 1738 curat
1395 1698 1457 1739 ac
1490 1684 1760 1751 medetur,

157 1787 228 1827 ne
258 1787 359 1827 eos
390 1772 508 1842 plus
536 1788 699 1842 quam
730 1788 825 1842 par
854 1773 925 1827 sit
946 1773 1185 1843 dejiciat.
1221 1774 1548 1846 ignavosque
1574 1774 1765 1831 reddat

154 1878 222 1920 ac
249 1864 476 1933 supinos
509 1883 523 1919 :
556 1879 678 1919 nam
710 1863 799 1935 qni
830 1879 1055 1935 segnem
1092 1866 1211 1921 ierit
1238 1880 1302 1921 ac
1329 1865 1608 1931 desidem,
1637 1881 1763 1922 eum

154 1954 342 2011 reddit
371 1957 704 2027 segniorem.
737 1954 926 2028 Neque
954 1973 1085 2029 ergo
1114 1959 1339 2016 omnino
1368 1959 1663 2029 blanditur,
1696 1976 1765 2016 ne

154 2052 348 2107 animo
365 2050 623 2117 extollat;
649 2064 824 2123 neque
844 2049 1061 2124 gravius
1082 2051 1227 2119 ierit,
1253 2068 1320 2106 ne
1341 2052 1530 2109 reddat
1550 2056 1768 2125 segnio-

155 2159 279 2209 res;
313 2144 411 2198 sed
458 2144 758 2214 pauxillum
810 2143 1057 2214 injicicns
1101 2143 1244 2215 quod
1295 2144 1485 2213 feriat,
1532 2148 1763 2205 multum

155 2237 387 2293 adhibet
414 2236 557 2309 quod
588 2247 744 2291 curet
769 2250 834 2292 ac
863 2235 1149 2292 medeatur
1176 2252 1273 2307 per
1300 2252 1364 2293 ea
1390 2253 1513 2308 qua:
1538 2240 1770 2310 subjun-

153 2331 270 2399 git,
305 2336 362 2384 ut
390 2329 535 2400 quod
563 2328 676 2384 vult
706 2327 933 2386 el‘liciat.
964 2328 1105 2399 Quid
1127 2330 1273 2387 enim
1296 2330 1465 2387 dicit?
1511 2335 1590 2404 (α)
1624 2336 1765 2407 [Non

158 2421 281 2473 Ιιειιο
320 2418 552 2473 dicimus
603 2428 877 2489 tamquam
922 2418 1015 2490 qui
1049 2433 1143 2476 vos
1173 2420 1765 2493 condcmnaverimus,

150 2517 262 2557 nec
296 2511 355 2555 nt
382 2501 474 2570 qui
505 2502 881 2559 existimemus
909 2519 1006 2560 vos
1033 2520 1156 2562 esse
1180 2510 1370 2578 plenos
1397 2509 1569 2582 spinis
1591 2552 1610 2581 ,
1652 2513 1755 2572 sed

150 2603 211 2647 nt
233 2594 330 2663 qui
364 2591 648 2649 timeamus
673 2610 741 2651 ne
762 2595 867 2650 hoc
889 2596 1096 2653 accidat
1121 2616 1135 2652 :
1164 2600 1358 2656 melius
1383 2612 1467 2659 est
1486 2606 1631 2661 enim
1652 2620 1751 2662 vos

151 2685 343 2739 verbis
362 2694 585 2751 terrere,
609 2700 676 2741 ne
698 2701 757 2742 re
780 2685 896 2757 ipsa
916 2686 1167 2746 doleatis.
1190 2690 1259 2747 Et
1284 2689 1385 2750 hoc
1412 2697 1651 2755 maxime
1671 2709 1756 2757 est

152 2775 311 2832 Pauli
353 2775 679 2847 prudentiae.
709 2777 778 2833 Et
808 2794 917 2834 non
946 2779 1106 2848 dixit,
1139 2781 1529 2843 Existimamus
1548 2828 1566 2855 ,
1608 2804 1710 2845 nec
1736 2830 1753 2853 .

150 2864 513 2937 Corijicimus,
546 2883 668 2935 nec,
704 2868 1116 2940 Exspectamus,
1146 2889 1268 2941 nec,
1296 2874 1625 2947 Speremus;
1658 2881 1754 2937 sed

152 2958 287 3030 quid
301 2957 359 3031 ἲ]
390 2957 445 3013 9.
470 2958 787 3027 Conﬁdimus
808 2969 981 3016 autem
1007 2962 1073 3017 de
1092 2963 1255 3030 vobis,
1277 2966 1622 3036 dilectissimi,
1648 2988 1762 3028 meo

153 3050 298 3106 liora
322 3059 371 3104 et
401 3050 647 3107 viciniora
673 3052 856 3119 saluti,
890 3056 1095 3111 tametsi
1115 3056 1186 3110 ita
1207 3057 1491 3126 loquimur.
1517 3061 1631 3119 Hoc
1649 3073 1758 3134 est,

153 3138 277 3199 Non
306 3151 361 3196 ut
381 3143 812 3201 condemnantcs
835 3160 952 3212 vos,
981 3147 1081 3203 ista
1104 3148 1355 3219 dicimus,
1384 3168 1559 3225 neque
1587 3164 1645 3211 ut
1669 3171 1759 3211 ar-

155 3232 428 3290 bitrantes
460 3251 557 3291 vos
600 3236 776 3306 spinis
801 3252 926 3296 esse
957 3240 1166 3297 obsitos
1208 3252 1263 3299 et
1302 3245 1494 3315 plenos
1514 3289 1529 3311 ,
1563 3248 1658 3304 sed
1688 3249 1758 3305 tl-

157 3335 378 3381 mentes
407 3341 474 3382 ne
505 3327 609 3384 hoc
640 3326 731 3384 ttat
757 3346 772 3385 :
802 3340 1025 3400 praestat
1051 3334 1195 3389 enim
1225 3349 1319 3391 vos
1348 3351 1415 3393 ex
1446 3338 1625 3395 verbis
1651 3338 1755 3397 lor—

160 3416 407 3483 Inidare,
437 3433 506 3474 ne
531 3433 593 3473 re
621 3420 736 3489 ipsa
767 3421 983 3478 tandem
1029 3423 1285 3482 doleatis.
1333 3428 1510 3500 Atque
1554 3430 1607 3487 in
1654 3431 1760 3491 boc

158 3510 465 3580 pnesertim
488 3509 773 3581 prudentia
806 3512 954 3569 Pauli
986 3526 1229 3586 apparet.
1248 3518 1434 3590 Neque
1454 3536 1585 3579 vero
1604 3524 1759 3595 dixit,

158 3598 527 3665 Arbitramur,
574 3616 783 3673 neque,
812 3601 1200 3674 Conjecturam
1246 3608 1476 3669 iacimus
1501 3656 1514 3679 ,
1548 3631 1726 3688 neque
1749 3658 1765 3685 ,

160 3689 582 3762 Exspeclamus,
612 3708 812 3765 neque,
838 3694 1132 3766 Speremus
1155 3739 1171 3767 ,
1201 3700 1297 3758 scd
1328 3705 1494 3774 quid?
1520 3704 1759 3779 Conﬁdi-

161 3799 301 3837 mus.
326 3783 480 3852 Quod
501 3786 663 3840 etiam
682 3786 897 3843 dicebat
922 3790 1169 3849 scribens
1189 3795 1255 3850 ad
1279 3794 1497 3853 Galatas
1514 3817 1527 3854 :
1542 3799 1763 3871 Conﬁdo

160 3884 334 3964 autem
363 3874 429 3928 de
466 3873 605 3931 vobis
644 3877 700 3932 in
742 3877 1001 3948 Domino,
1031 3886 1173 3952 quod
1200 3886 1335 3942 nihil
1374 3890 1524 3944 aliud
1552 3894 1765 3964 sapietis

167 3960 335 4033 (cat.
367 3964 426 4020 5.
457 3966 526 4021 ιο
549 3966 590 4035 ).
619 3966 736 4022 Νοη
782 3968 941 4039 dixit,
968 3971 1188 4043 Sapitis,
1224 3977 1321 4033 sed
1367 3960 1623 4052 Sapietis.
1652 3983 1766 4041 Illic

160 4057 383 4124 quidem
406 4098 422 4124 ,
454 4059 576 4128 quia
604 4059 762 4117 valde
789 4076 886 4120 eos
913 4066 1372 4139 reprehenderat,
1401 4090 1501 4129 nec
1531 4074 1766 4134 habebat

164 4146 313 4202 unde
337 4162 433 4204 eos
462 4163 493 4204 a
524 4150 688 4209 rebus
716 4157 1075 4223 pmsentibns
1108 4157 1385 4231 laudaret,
1416 4181 1444 4219 a
1489 4165 1684 4225 futuris
1711 4171 1763 4227 id

162 4238 498 4310 aggreditur,
529 4240 738 4311 dicens,
771 4245 926 4303 Nihil
952 4250 1103 4305 aliud
1125 4255 1340 4325 sapietis
1365 4272 1385 4311 :
1412 4257 1500 4315 hic
1523 4272 1703 4320 autem
1736 4280 1767 4321 ιι

164 4333 533 4401 praesentibus
560 4353 575 4390 :
599 4335 924 4409 Conﬁdimus
952 4353 1149 4411 autem,
1177 4346 1378 4415 dilecti,
1403 4353 1467 4408 de
1494 4356 1634 4413 vobis
1658 4376 1762 4414 me-

164 4422 303 4478 liora
329 4432 378 4477 et
402 4424 648 4518 viciniora
672 4428 851 4495 saluti,
883 4434 981 4488 etsi
1002 4435 1080 4490 sie
1104 4435 1386 4509 loquimur.
1415 4444 1480 4499 Et
1508 4449 1766 4518 quoniam

164 4527 195 4568 a
225 4515 585 4612 praesentibus
605 4534 711 4575 non
738 4523 903 4579 multa
932 4525 1164 4585 habebat
1186 4548 1305 4601 quas
1327 4515 1552 4604 diceret,
1573 4556 1602 4595 a
1630 4559 1766 4612 prm-

167 4606 345 4661 teritis
368 4607 601 4665 instituit
624 4613 1081 4686 consolationem,
1106 4630 1162 4677 et
1185 4622 1318 4680 dicit
1340 4645 1352 4680 :
1382 4627 1469 4683 10.
1493 4629 1616 4687 Νοη
1631 4606 1767 4691 enim

166 4697 398 4767 iujustus
424 4709 498 4754 est
524 4699 667 4757 Deus
686 4744 704 4768 ,
734 4714 790 4759 ut
817 4707 1147 4767 obliviscatur
1173 4719 1344 4785 operis
1370 4723 1523 4777 vestri
1558 4735 1607 4779 et
1638 4727 1773 4784 dile-

167 4788 355 4885 ctionis
377 4830 391 4851 ,
619 4795 910 4852 ostendistis
946 4800 1001 4855 in
1043 4806 1249 4860 nomine
1277 4809 1473 4879 ipsius,
1509 4816 1598 4885 qui
1624 4819 1750 4873 mini
1762 4849 1774 4860 -

168 4881 376 4934 strastis
405 4884 602 4939 sanctis
630 4895 678 4940 et
708 4889 1032 4950 ministratis.
1067 4894 1255 4968 Papae!
1281 4881 1555 4967 quomodo
1583 4924 1772 4967 eorum

170 4982 383 5026 recreat
422 4987 475 5029 et
513 4976 803 5035 conﬁrmat
848 4983 1109 5053 animam,
1140 5004 1229 5045 res
1259 5002 1475 5051 veteres
1507 5013 1772 5057 revocans

173 5062 236 5116 in
270 5066 585 5121 menmriam
609 5109 625 5135 ,
666 5079 721 5125 et
746 5071 1000 5145 redigcns
1030 5078 1097 5133 ad
1126 5085 1508 5143 necessitatem
1543 5107 1649 5146 non
1681 5111 1775 5150 ex-

173 5156 453 5224 spectandi
501 5156 667 5214 Deum
707 5176 831 5219 esse
860 5165 1125 5225 oblitum?
1166 5170 1405 5232 Necesse
1432 5190 1514 5235 est
1541 5184 1684 5238 enim
1718 5195 1775 5240 nt

174 5243 265 5299 ille
294 5255 519 5315 peccet,
547 5251 638 5319 qui
684 5267 790 5307 non
818 5265 1025 5313 certam
1067 5260 1225 5319 habet
1271 5272 1678 5336 persuasionem
1707 5278 1776 5334 de

168 5338 321 5406 justo
349 5339 442 5397 Dei
472 5342 678 5411 judicio
699 5356 755 5403 et
781 5347 851 5406 de
875 5365 1029 5423 :equa
1056 5358 1306 5416 mercede
1332 5363 1629 5423 secundum
1653 5369 1776 5428 vitae

242 5500 466 5584 11³29³ἒὲ
483 5504 645 5584 ἐὲἑεὶτ.
665 5502 1363 5584 (ἔρρειιξιεξξιρεβιουάυηιωι
1395 5514 1459 5564 ab
1494 5513 1781 5584 interprete

178 5560 658 5642 H‘99~:F§_,‘E'T‘E°€
668 5579 761 5642 5“?
782 5568 1054 5642 “Maii
1076 5560 1781 5642 εκρὲεὲέξΐυέιίθξὲἱῖιῖἶιῖῐ

178 5625 296 5695 tiam
323 5625 833 5695 νιιιιίὶιξιιιξ-ιιιειιιιιιιιἑ
847 5629 903 5695 In
922 5625 1075 5695 EdiLis
1088 5625 1253 5695 autem
1276 5625 1661 5693 Graeis'nosti'is
1678 5625 1780 5695 iis}:

178 5682 439 5737 habentur.
467 5682 777 5739 Colber'tinus
800 5691 963 5743 Codex
990 5682 1070 5744 hic
1090 5682 1600 5757 ἀειιῶίάιιῖιῖἶξιόιῖῐξζ

499 5788 777 5847 Parant.
826 5788 946 5851 (in.
999 5793 1223 5856 LXIII.

1861 388 2129 442 rationem
2174 379 2389 445 danda,
2418 388 2475 435 et
2520 387 2579 434 ut
2620 374 2769 434 dicat
2814 376 2983 433 Deum
3028 389 3152 431 esse
3182 375 3462 446 injustinu.

1863 474 2225 546 Quamobrem
2246 486 2343 528 eos
2364 469 2589 525 omnino
2610 468 2789 538 coegit
2810 478 3130 536 exspectare
3148 467 3238 521 illa
3259 465 3464 521 futura.

1865 556 2006 628 Eum
2035 567 2182 626 enim
2212 567 2301 636 qui
2333 580 2399 621 ex
2443 564 2607 619 rebus
2652 561 3016 631 pr:csentibns
3060 559 3369 629 desperavit
3412 569 3470 613 et

1858 648 2100 703 animum
2128 644 2460 718 despondit,
2486 658 2554 699 ex
2582 640 2776 697 futuris
2807 640 3004 712 poterit
3035 638 3303 709 quispiam
3334 649 3462 690 coro

1860 741 2165 797 rohorare:
2200 739 2342 795 sicut
2388 740 2504 808 ipse
2554 744 2785 805 quoque
2828 733 2895 787 ad
2947 729 3174 786 Galatas
3220 726 3470 783 scribens

1860 835 2078 893 dicebat
2109 850 2122 887 :
2154 830 2449 890 Currebatis
2492 828 2656 894 bene;
2686 825 2802 895 quis
2840 839 2927 878 vos
2956 819 3260 895 impedivit?
3287 827 3343 875 et
3372 820 3474 873 ite-

1860 943 1979 982 rum
2007 944 2019 979 :
2045 924 2214 979 Tanta
2237 921 2374 995 passi
2399 920 2521 975 estis
2541 919 2650 974 sine
2670 915 2869 972 causa?
2892 916 2936 969 si
2960 923 3128 967 tamen
3150 912 3261 968 sine
3285 924 3467 964 causa.

1858 1022 2008 1076 Sicut
2034 1029 2214 1073 autem
2244 1017 2332 1071 hic
2364 1030 2488 1071 cum
2518 1008 2895 1081 Increpatione
2925 1006 3140 1063 laudem
3178 1006 3351 1076 ponit,
3380 1003 3470 1057 di-

1860 1126 1989 1167 cens
2016 1129 2029 1166 :
2053 1108 2180 1166 Cum
2208 1107 2456 1163 deberetis
2482 1122 2592 1160 esse
2619 1103 2853 1175 magistri
2883 1110 3094 1175 propter
3124 1107 3323 1169 tempus
3351 1113 3371 1152 :
3397 1097 3472 1151 ita

1861 1204 1973 1259 illic
2000 1216 2214 1274 quoque
2240 1219 2255 1258 :
2282 1201 2452 1255 Miror
2476 1198 2614 1270 quod
2640 1207 2744 1251 tam
2771 1196 2872 1251 cito
2901 1192 3278 1265 transferimiui
3305 1190 3467 1262 (Gal.

1859 1294 1915 1348 5.
1946 1294 1997 1347 7.
2025 1304 2070 1347 et
2102 1294 2155 1349 3.
2176 1294 2229 1348 4.
2250 1302 2297 1346 et
2334 1293 2352 1347 1
2400 1291 2478 1362 6).
2502 1288 2646 1346 Laus
2671 1298 2755 1345 est
2776 1302 2899 1343 cum
2922 1284 3283 1341 admiratione
3309 1298 3471 1339 :nam

1858 1383 1927 1439 de
1956 1384 2117 1440 rebus
2143 1383 2352 1455 magnis
2378 1380 2598 1454 quando
2638 1378 2945 1436 exciderint
2986 1377 3271 1432 miramur.
3304 1374 3473 1431 Vides

1861 1477 1918 1533 in
1946 1478 2293 1535 accusatione
2315 1486 2370 1533 et
2398 1475 2825 1548 reprehensione
2851 1473 3181 1530 absconsam
3204 1487 3329 1529 esse
3356 1473 3474 1528 lau-

1858 1570 2020 1627 demi
2049 1570 2160 1626 Nec
2185 1570 2253 1627 de
2281 1568 2343 1626 se
2368 1569 2546 1625 solum
2576 1567 2681 1624 hoc
2708 1564 2865 1633 dicit,
2891 1565 2985 1622 sed
3009 1566 3175 1622 etiam
3196 1564 3266 1621 de
3294 1566 3476 1620 omni-

1860 1664 1961 1720 bus
1983 1683 1995 1718 :
2017 1680 2123 1718 non
2150 1663 2295 1720 enim
2314 1660 2471 1725 dixit,
2490 1658 2742 1726 Conlidn,
2763 1658 2884 1724 sed,
2904 1655 3227 1728 Con/idimus
3249 1657 3314 1712 de
3334 1655 3474 1712 robis

1866 1756 2082 1812 meliora
2104 1772 2125 1811 :
2151 1755 2203 1811 id
2230 1763 2335 1821 est,
2382 1755 2545 1811 bona.
2580 1755 2687 1810 Aut
2718 1751 2835 1808 hate
2860 1762 3042 1808 autem
3078 1750 3211 1807 dicit
3238 1750 3305 1806 de
3334 1752 3474 1806 bona

1863 1849 1987 1904 vita:
2031 1848 2253 1919 agendi:
2284 1847 2493 1901 ratione
2514 1888 2529 1911 ,
2561 1854 2655 1899 aut
2681 1844 2749 1901 de
2777 1844 3233 1900 rcnmneratione.
3269 1842 3475 1898 Deinde

1860 1954 1983 1997 cum
2024 1940 2250 1996 dixisset
2281 1938 2531 2009 superius
2560 1938 2704 2008 quod
2740 1937 2811 1992 sit
2836 1935 3071 2007 reproba
3098 1944 3154 1991 ct
3184 1936 3476 1992 maledicto

1866 2032 2144 2105 proxima,
2168 2040 2224 2087 et
2249 2030 2395 2102 quod
2423 2031 2522 2086 erit
2553 2029 2609 2085 in
2636 2027 3077 2084 combustionem
3099 2044 3113 2080 :
3135 2042 3203 2084 ne
3229 2027 3477 2083 videatur

1862 2125 1930 2181 de
1961 2124 2030 2179 iis
2058 2123 2249 2179 istlnec
2277 2121 2453 2189 ell'ari,
2487 2122 2771 2190 suhjunxit
2799 2119 2982 2176 statim
3019 2138 3032 2175 :
3068 2118 3193 2176 Non
3223 2122 3359 2175 enim
3386 2122 3478 2176 in-

1858 2215 2039 2288 justus
2063 2224 2137 2271 est
2168 2213 2329 2280 Deus,
2365 2223 2421 2268 ut
2442 2213 2772 2268 obliviscatur
2793 2212 2965 2281 operis
2994 2212 3149 2267 vestri
3174 2221 3223 2267 et
3248 2212 3479 2267 dilectio.

1878 2308 1989 2373 nis;
2022 2305 2336 2371 ostendens,
2364 2302 2506 2375 quod
2534 2304 2637 2360 etsi
2664 2302 2739 2359 ita
2770 2302 3078 2375 Inquintur,
3112 2318 3222 2358 non
3250 2306 3478 2359 omnium

1874 2401 1989 2455 hzrc
2007 2397 2077 2455 de
2103 2398 2256 2455 vobis
2281 2398 2536 2453 dicimus.
2568 2396 2639 2452 Et
2663 2397 2710 2451 si
2740 2396 2808 2451 de
2835 2394 2994 2451 nobis
3022 2410 3131 2450 non
3154 2395 3315 2464 dicis,
3344 2395 3479 2468 quid

1867 2490 2086 2546 demum
2115 2498 2388 2562 tamquam
2412 2486 2631 2543 desides
2659 2486 2999 2557 perstringis,
3022 2494 3079 2541 et
3102 2495 3276 2542 terres
3295 2489 3481 2556 spina-

1865 2596 1985 2637 rum
2012 2579 2273 2637 rcfricans
2300 2578 2659 2636 memoria-nt?
2688 2578 2778 2633 11.
2797 2577 3051 2648 Cupimus
3084 2587 3258 2633 autem
3289 2582 3479 2633 imum-

1864 2690 2114 2747 quemque
2152 2681 2376 2728 oestrum
2406 2668 2939 2731 eamdetnostendere
2966 2669 3372 2723 sollicitudinem
3405 2671 3477 2723 ml

1866 2768 2204 2839 expletionem
2229 2766 2338 2838 spei
2364 2780 2528 2837 usque
2554 2765 2609 2819 in
2637 2764 2826 2834 ﬂuent;
2857 2762 2945 2818 13.
2977 2772 3032 2817 ut
3060 2779 3164 2817 non
3190 2780 3370 2835 segnes
3394 2767 3472 2834 ef-

1868 2861 2120 2933 ﬁciamini
2139 2903 2155 2926 ,
2185 2877 2360 2915 verum
2388 2859 2673 2913 imitatores
2704 2873 2878 2912 eorum
2905 2854 2995 2934 qui
3023 2857 3127 2925 fide
3154 2868 3202 2911 et
3229 2858 3481 2928 patientia

1868 2953 2219 3011 hereditabunt
2247 2952 2630 3020 promissiones.

1930 3028 1984 3083 5.
2017 3027 2179 3083 Pauli
2217 3029 2494 3101 prudentia
2539 3030 2811 3086 mirabilis.
2837 3056 2910 3075 ε·-
2939 3030 3189 3104 Cupimus
3209 3076 3222 3100 ,
3254 3034 3465 3108 inquit:

1865 3134 1971 3175 non
1988 3120 2163 3176 solum
2194 3135 2325 3191 ergo
2358 3120 2424 3177 ad
2442 3122 2605 3178 verba
2626 3137 2797 3193 usque
2816 3122 2919 3177 hoc
2935 3123 3207 3179 Volumus.
3224 3124 3331 3183 Sed
3345 3130 3475 3199 quid

1862 3212 2056 3283 cupis?
2081 3212 2345 3283 Cupimus
2370 3230 2465 3268 vos
2487 3213 2768 3270 adluerere
2795 3216 2979 3271 virtuti
3008 3257 3024 3283 ,
3057 3232 3165 3271 non
3198 3227 3475 3289 tamquam

1864 3307 2041 3377 priora
2063 3306 2511 3375 eondemnantes,
2537 3308 2632 3363 sed
2654 3308 2722 3363 de
2746 3308 2939 3364 futuris
2962 3310 3239 3369 timentes.
3271 3311 3343 3369 Et
3367 3330 3475 3369 nun

1862 3398 2018 3466 dixit,
2043 3398 2341 3471 Tamquam
2362 3401 2539 3471 priora
2560 3401 3008 3467 condemnantes,
3032 3404 3127 3461 sed
3153 3410 3477 3477 lmesentia:

1862 3493 1995 3549 estis
2020 3493 2165 3549 enim
2211 3494 2497 3563 dissoluti,
2552 3495 2681 3552 facti
2712 3500 2846 3553 estis
2887 3500 3187 3569 segniores.
3220 3501 3327 3560 Sed
3356 3507 3479 3561 viae

1864 3598 2025 3654 quam
2054 3584 2266 3656 placide
2317 3585 2368 3641 id
2400 3586 2676 3656 ostendit,
2708 3597 2765 3645 et
2790 3606 2898 3645 nnn
2942 3589 3109 3647 feriit.
3158 3592 3297 3663 Quid
3332 3596 3476 3650 enim

1864 3676 2034 3732 dicit?
2062 3675 2311 3747 Cupimus
2331 3689 2501 3734 autem
2542 3697 2952 3755 unumquemque
2994 3695 3216 3741 vestrum
3246 3688 3477 3744 eamdem

1864 3770 2538 3829 ostenderesollicitudinem
2554 3791 2714 3846 usque
2730 3776 2783 3831 in
2807 3779 2980 3847 ﬁnem.
3010 3778 3125 3835 Iloc
3148 3780 3292 3836 enim
3324 3782 3480 3840 Pauli

1868 3860 2168 3932 prudentiae
2216 3874 2299 3919 est
2344 3865 2705 3932 admirabile,
2763 3868 2909 3940 quod
2957 3885 3067 3927 non
3104 3875 3341 3930 ostendit
3383 3891 3481 3931 eos

1866 3954 2119 4022 cessisse,
2141 3966 2195 4012 et
2226 3955 2399 4013 factos
2418 3973 2539 4015 esse
2565 3960 2930 4018 remissiores.
2960 3962 3153 4021 Dicere
3180 3967 3347 4033 enim,
3369 3965 3478 4025 Cu—

1868 4047 2035 4116 pimus
2064 4065 2473 4123 unumquemque
2502 4064 2745 4120 uestru‘u,
2778 4053 2881 4111 Iioc
2932 4066 3040 4125 est,
3091 4059 3314 4129 perinde
3344 4076 3409 4116 ac
3433 4062 3479 4117 si

1866 4139 2016 4196 dicas
2048 4158 2063 4201 :
2095 4141 2232 4197 Volo
2261 4152 2314 4201 te
2344 4159 2560 4216 semper
2580 4146 2826 4214 studere,
2854 4156 2911 4204 et
2939 4149 3115 4221 qualis
3137 4152 3287 4222 prius
3316 4168 3441 4210 cras
3460 4196 3477 4219 ,

1868 4231 2031 4289 talem
2071 4248 2196 4291 esse
2229 4244 2284 4291 et
2313 4250 2457 4293 nunc
2478 4248 2532 4295 et
2562 4238 2614 4293 in
2644 4249 2943 4311 posterum.
2977 4240 3092 4298 lloc
3127 4244 3273 4300 enim
3297 4242 3481 4301 initio-

1868 4342 1982 4383 rem
2003 4326 2132 4384 facit
2158 4330 2663 4401 reprehensionem,
2686 4344 2741 4389 ct
2766 4347 2872 4388 non
2894 4349 3038 4406 agre
3066 4335 3479 4397 admittendam.

1868 4416 1980 4474 Nec
2005 4418 2159 4485 dicit,
2192 4420 2352 4487 Volo,
2383 4422 2527 4494 quod
2557 4431 2675 4479 erat
2699 4423 2930 4480 ducendi
2955 4426 3329 4496 auctoritatis;
3362 4431 3479 4494 ευι1.

1870 4510 2013 4582 quod
2045 4520 2285 4583 paternas
2332 4525 2451 4570 erat
2480 4514 2877 4572 benevolentia:
2908 4516 3081 4591 magis
3110 4536 3272 4590 quam
3304 4523 3440 4580 velle
3465 4566 3480 4586 .

1871 4603 2153 4676 Cupitum;
2178 4607 2569 4678 propemodum
2597 4609 2818 4667 dicens:
2852 4610 3121 4683 Ignoscite
3145 4614 3189 4668 si
3217 4616 3344 4685 quid
3369 4633 3481 4670 ιιιο-

1872 4694 2066 4752 Icstum
2103 4705 2162 4753 et
2205 4712 2369 4768 grave
2398 4697 2730 4757 dixirrinius.
2775 4700 3023 4772 Cupimus
3080 4720 3486 4777 unumquemque

1873 4801 2092 4845 uestrum
2132 4792 2368 4846 eamdem
2416 4794 2689 4850 ostendere
2714 4796 3116 4851 sollieitudinem
3137 4798 3207 4851 ad
3234 4801 3484 4870 explatio-

1874 4898 1988 4936 nent
2012 4883 2121 4953 spei
2142 4893 2321 4939 vestra:
2346 4901 2505 4954 usque
2530 4887 2581 4940 in
2612 4888 2788 4957 ﬁnem.
2816 4888 2957 4955 Quid
2988 4900 3073 4945 est
3117 4890 3262 4946 hoc?
3306 4893 3442 4964 Spes
3465 4932 3482 4957 ,

1875 4973 2066 5044 inquit,
2094 4984 2296 5047 portat,
2338 4977 2454 5049 ipsa
2498 4990 2710 5036 recreat
2745 4981 2862 5038 :Ne
2906 4981 3244 5055 allltgmnini,
3293 5001 3360 5041 ne
3386 4988 3486 5041 de-

1874 5070 2124 5139 sperctis,
2160 5087 2227 5126 nc
2258 5070 2329 5127 sit
2355 5082 2535 5129 vestra
2577 5088 2702 5145 spes
2745 5087 3147 5147 supervacanea
3180 5094 3193 5132 :
3228 5095 3349 5133 nam
3395 5082 3486 5149 qui

1876 5162 2014 5217 bona
2045 5172 2323 5233 operatur,
2371 5163 2510 5219 bona
2543 5175 2750 5236 sperat,
2799 5176 2854 5222 et
2884 5184 3178 5239 numquam
3205 5169 3273 5226 de
3305 5188 3363 5227 se
3393 5172 3489 5227 tlcv

1877 5262 2078 5325 sperat.
2120 5252 2189 5310 Ut
2237 5271 2340 5310 non
2367 5272 2545 5328 segnes
2583 5257 2893 5331 rﬂiciamini,
2917 5259 3098 5319 adhuc
3128 5260 3438 5318 cmt'imttitti
3472 5282 3486 5318 :

1878 5350 2042 5421 Atqui
2110 5349 2328 5407 diccbat
2376 5353 2672 5423 superius,
2748 5354 3007 5423 Quoniam
3070 5357 3313 5415 imbecilli
3367 5362 3491 5431 [acti

1886 5438 2007 5488 estis
2035 5433 2107 5487 ad
2130 5435 2459 5491 audiendum.
2489 5436 2597 5491 Sed
2637 5436 2756 5492 vide
2787 5439 3059 5508 quomodo
3102 5443 3386 5513 segnitiem
3416 5444 3489 5499 ibi

1888 5526 1953 5580 ad
1983 5529 2225 5583 auditum
2272 5543 2440 5599 usque
2480 5530 2765 5596 statuerit;
2801 5530 2889 5587 ltic
2928 5542 3110 5586 autem
3159 5533 3303 5590 aliud
3332 5534 3495 5592 tacite

1888 5620 2149 5687 signiﬁcat
2173 5638 2185 5673 :
2205 5636 2327 5675 eum
2359 5620 2604 5676 dicutrns
2633 5621 2778 5676 enim
2806 5633 2970 5689 esset,
3002 5622 3079 5680 Nc
3108 5628 3491 5694 pet-maneatis.

1888 5713 2045 5777 dixit,
2092 5712 2173 5768 Ne
2223 5729 2400 5785 segnes
2448 5714 2760 5785 eﬂict'amim'.
2794 5716 3000 5772 Iiursns
3025 5733 3121 5771 cos
3160 5719 3224 5767 ml
3254 5718 3490 5774 futnrnnt

3136 5811 3177 5869 ti
