4020 6402
614 326 677 377 87
1326 320 1385 377 3.
1423 312 1701 376 JOANNlS
1735 313 2184 371 CIIRYSOSTOM

2279 312 2566 371 tRClllEl’.
2606 312 2866 369 CONSTA
2876 309 3143 367 ΝἸΊΝΟΡ.
3820 307 3884 359 88

623 448 832 503 tempus
860 432 1061 503 profert
1081 433 1218 503 quod
1247 432 1416 501 culpa:
1444 448 1551 486 non
1576 440 1658 487 est
1682 431 1860 495 aliine,
1887 430 2090 495 dicens,
2123 426 2191 483 Ut

621 543 721 579 non
764 527 1017 596 segniores
1068 524 1369 595 eﬂciamini.
1418 523 1565 577 Illius
1609 523 1750 578 enim
1780 522 1919 592 quod
1952 522 2188 577 nondum

619 631 722 682 est,
752 635 1036 689 numquam
1058 619 1313 673 fuerimus
1335 618 1508 687 culpa:
1528 617 1764 672 obnoxii.
1790 618 1918 672 Nam
1944 620 2007 683 is,
2032 632 2188 685 quem

619 711 739 778 quis
766 710 1005 763 hortatur
1029 716 1088 762 ut
1116 708 1170 761 in
1211 722 1453 778 praesens
1478 708 1548 762 sit
1572 707 1799 777 diligens
1824 718 1877 761 et
1906 708 2186 771 sollicitus,

620 817 738 855 eum
770 802 837 854 sit
864 801 1158 873 negligens,
1181 798 1410 855 fortasse
1455 783 1557 854 erit
1584 801 1743 853 etiam
1787 800 1981 872 pigrior
2005 811 2058 855 et
2092 819 2188 858 nc-

619 891 934 959 gligentior;
967 905 1125 959 quem
1149 899 1326 945 autem
1351 891 1401 944 in
1431 890 1685 956 futurum,
1709 906 1811 943 non
1841 898 1927 946 tta.
1949 890 2190 960 Cupimus

617 990 801 1042 autem,
845 982 1033 1050 inquit,
1079 998 1477 1051 unumquemque
1500 991 1737 1035 vestrum.
1770 982 1928 1036 Multa
1959 984 2190 1041 benevo-

619 1074 777 1128 lentia
807 1084 888 1128 est
912 1093 925 1126 :
951 1084 1005 1129 et
1028 1090 1337 1144 magnorum
1363 1084 1413 1127 et
1439 1088 1717 1142 parvorum
1741 1075 1988 1129 similiter
2008 1092 2188 1133 curam

616 1166 770 1232 gerit,
803 1176 858 1219 et
888 1166 1039 1219 novit
1079 1180 1287 1230 omnes,
1322 1174 1375 1219 et
1427 1165 1692 1217 neminem
1723 1164 1979 1233 deSpicit;
2011 1166 2103 1221 sed
2135 1168 2187 1221 in

618 1272 1049 1326 unumquemque
1091 1256 1331 1311 eamdem
1388 1259 1525 1326 gerit
1577 1272 1781 1321 curam,
1815 1267 1868 1311 et
1907 1273 2084 1325 parem
2137 1259 2186 1311 iu

616 1363 804 1402 onmes
836 1350 1114 1402 honorem.
1152 1348 1302 1403 Unde
1344 1350 1503 1402 etiam
1536 1348 1704 1417 magis
1732 1349 2101 1417 pcrsnadebat,
2133 1360 2189 1401 ut

616 1439 899 1491 verborum
924 1439 1254 1505 susciperent
1300 1438 1596 1492 molestiam
1627 1446 1682 1491 et
1729 1440 2088 1507 asperitatem.
2122 1437 2189 1493 Ut

616 1544 715 1578 non
743 1544 936 1597 segnes,
970 1528 1159 1595 inquit,
1194 1528 1497 1596 eﬁiciamini.
1531 1527 1661 1581 Nam
1694 1538 1753 1583 ut
1794 1529 1995 1583 desidia
2046 1530 2190 1584 laedit

612 1630 805 1683 corpus
835 1632 847 1667 :
883 1615 950 1669 ita
978 1615 1141 1669 etiam
1171 1617 1404 1669 animam
1425 1618 1651 1670 Cessatio
1698 1631 1725 1668 a
1766 1616 1922 1671 bonis
1951 1619 2188 1687 snpiuio—

616 1722 727 1759 rem
771 1706 961 1770 reddit,
1008 1715 1063 1759 et
1093 1706 1415 1775 ignaviorem
1447 1716 1501 1760 et
1528 1707 1866 1761 imbecillam.
1903 1707 2188 1765 lmitatores

610 1807 797 1860 autem,
823 1798 1008 1865 inquit,
1028 1813 1198 1850 eorum
1217 1797 1304 1866 qni
1329 1815 1416 1865 per
1432 1798 1583 1865 ﬁdem
1607 1808 1655 1852 et
1676 1800 1965 1866 patientiam
1992 1800 2188 1853 heredi-

617 1899 722 1941 tant
754 1890 1125 1955 promissiones.
1160 1888 1223 1942 Et
1249 1890 1461 1957 quinam
1495 1889 1545 1942 bi
1599 1890 1723 1952 sint,
1753 1890 2007 1959 deinceps
2036 1893 2180 1947 dicit.

617 1978 929 2041 l’riusdixi‘,
952 1977 1230 2032 lmitamiui
1247 1994 1305 2033 ea
1327 1996 1443 2049 quae
1472 1982 1614 2049 prius
1637 1996 1664 2033 a
1689 1982 1839 2035 vobis
1872 1992 2016 2037 recte
2040 1995 2184 2054 gesta

614 2078 738 2121 sunt
769 2087 781 2123 :
812 2070 1002 2124 deinde
1032 2087 1096 2123 ne
1124 2070 1322 2135 dicant,
1346 2074 1731 2141 qmenam?eos
1757 2072 2056 2129 deducitad
2090 2093 2182 2144 pa-

622 2160 932 2224 triarcham,
956 2176 1138 2213 eorum
1166 2161 1378 2229 quidem
1406 2178 1523 2231 quae
1551 2173 1693 2217 recte
1714 2174 1860 2234 gesta
1892 2174 2035 2231 sunt,
2059 2167 2187 2236 ipsis

616 2253 825 2321 propria
852 2254 1087 2320 exempla
1116 2252 1372 2318 aﬁ‘erens;
1405 2270 1471 2307 ne
1514 2264 1688 2308 autem
1720 2265 1963 2324 putarent
1989 2272 2048 2311 se
2067 2272 2186 2314 esse

614 2344 878 2407 desertos,
911 2358 939 2395 a
968 2344 1265 2412 patriarcha
1288 2344 1571 2399 conlortat.
1608 2345 1716 2399 lloc
1738 2355 1914 2400 autem
1945 2345 2089 2413 facit,
2118 2363 2186 2403 ne

613 2433 854 2489 dicerent
883 2451 941 2489 se
968 2444 1305 2503 contemptus
1323 2437 1473 2506 quasi
1507 2436 1703 2489 nullius
1726 2437 1880 2505 pretii
1903 2436 2184 2493 derelictos

614 2524 812 2589 fuisse;
840 2526 932 2579 sed
951 2534 1169 2595 possent
1190 2527 1328 2581 seire
1355 2526 1491 2595 quod
1522 2528 1755 2579 virorum
1789 2527 1941 2581 valde
1961 2542 2185 2597 genero-

611 2629 791 2669 sorntn
820 2624 874 2670 et
920 2618 1134 2670 fortium
1178 2618 1248 2671 sit
1281 2616 1400 2679 hoc.
1430 2632 1621 2687 nempe
1649 2619 1785 2671 viam
1805 2671 1817 2682 ,
1841 2619 2041 2688 ingredi
2089 2635 2183 2689 per

612 2708 950 2771 tentationes,
980 2716 1034 2761 et
1059 2705 1198 2775 quod
1237 2706 1362 2761 viris
1390 2709 1598 2779 magnis
1638 2718 1694 2763 et
1741 2708 2067 2765 admirandis
2107 2712 2183 2767 sie

610 2811 740 2851 usus
783 2796 853 2851 sit
880 2797 1038 2851 Deus.
1087 2796 1306 2866 Oportet
1335 2810 1537 2861 autem,
1579 2798 1767 2868 inquit,
1820 2800 1996 2853 omnia
2042 2798 2182 2857 ferre

608 2904 732 2943 cum
758 2890 1040 2957 patientia:
1064 2888 1162 2943 hoc
1191 2890 1331 2943 enim
1359 2900 1442 2945 est
1468 2890 1627 2945 etiam
1656 2891 1897 2946 credere.
1921 2892 1975 2946 Si
2006 2903 2181 2947 autem

612 2979 753 3032 dicat
769 2980 905 3048 quod
922 2979 1004 3034 det
1016 3021 1031 3043 ,
1049 2988 1099 3033 et
1118 2982 1292 3034 statim
1309 2982 1598 3059 acceperis,
1620 2983 1745 3053 quid
1761 2983 2063 3039 credidisti?
2079 3000 2182 3040 non

611 3077 714 3132 est,
747 3068 933 3138 inquit,
958 3068 1183 3139 atuplius
1210 3078 1312 3123 tua:
1358 3067 1499 3134 ﬁdei,
1529 3072 1622 3126 sed
1666 3088 1817 3137 mete,
1869 3074 2068 3144 inquit,
2091 3076 2182 3144 qui

617 3155 878 3240 promissa
911 3156 1056 3223 prius
1086 3160 1295 3230 explevi
1351 3170 1405 3216 et
1428 3161 1571 3217 dedi.
1624 3163 1719 3219 Sin
1758 3174 1934 3219 autem
1972 3165 2142 3224 dicam
2170 3212 2187 3240 ,

619 3234 713 3306 Do,
740 3253 793 3297 et
821 3254 938 3312 post
965 3257 1176 3302 centum
1206 3265 1376 3306 annos
1396 3251 1556 3316 dabo,
1583 3263 1634 3308 tn
1666 3266 1841 3310 autem
1871 3273 1975 3311 non
1992 3234 2188 3330 despe;

616 3332 842 3399 raveris,
872 3342 993 3387 tunc
1024 3352 1108 3392 me
1133 3340 1448 3396 existimasti
1472 3342 1575 3397 ﬁde
1601 3343 1837 3413 dignum,
1870 3355 1996 3402 tunc
2026 3349 2188 3405 habes

614 3425 682 3476 de
723 3438 806 3478 me
860 3439 976 3479 eam
1015 3444 1171 3494 quam
1227 3446 1324 3501 par
1358 3442 1440 3487 est
1484 3434 1812 3503 Opinionem.
1856 3436 2016 3494 Vides
2044 3442 2185 3511 quod

618 3527 760 3581 szepe
799 3515 1031 3569 nascitur
1062 3519 1426 3587 incredulitas,
1456 3540 1560 3576 non
1594 3525 1764 3579 solum
1796 3541 1860 3580 ex
1910 3528 2024 3597 spei
2064 3545 2189 3600 ege-

616 3611 775 3665 state,
807 3602 901 3657 sed
929 3607 1086 3658 etiam
1113 3622 1176 3661 ex
1222 3610 1675 3679 pusillanimitate,
1715 3624 1767 3667 et
1799 3618 1938 3685 quod
1970 3632 2074 3672 non
2114 3620 2191 3675 sis

618 3696 838 3763 patienti
878 3712 1075 3764 animo,
1126 3709 1181 3753 et
1219 3715 1323 3754 non
1350 3716 1413 3755 ex
1441 3717 1507 3757 eo
1537 3704 1627 3773 qui
1674 3707 1932 3774 promisit.
1969 3706 2089 3763 Non
2117 3720 2189 3765 est

612 3784 769 3847 enim.
802 3786 992 3856 inquit,
1025 3788 1243 3859 injustus
1270 3789 1425 3857 Deus,
1463 3802 1519 3845 ut
1557 3794 1879 3850 obliviscatur
1905 3800 2189 3855 dilectionis

616 3886 790 3929 vestrm
802 3888 849 3930 et
860 3880 1231 3945 sollicitudinis,
1251 3898 1402 3952 quam
1420 3884 1707 3939 ostendistis
1724 3887 1775 3939 in
1789 3889 1988 3943 nomine
2005 3889 2184 3960 ipsius,

614 3967 701 4033 qui
726 3969 1045 4022 ministrastis
1066 3971 1252 4024 sanctis
1271 3981 1318 4024 et
1337 3974 1653 4029 ntinistratis.
1672 3975 1857 4046 Magna
1879 3978 1947 4033 de
1979 3980 2080 4034 illis
2109 3990 2186 4035 te-

614 4056 895 4121 stiﬁcatur,
928 4074 1035 4113 non
1064 4074 1224 4128 opera
1258 4070 1483 4128 tantum,
1507 4065 1599 4119 sed
1636 4076 1689 4119 et
1716 4067 1878 4121 alacri
1909 4070 2085 4122 animo
2109 4072 2185 4124 la-

610 4156 697 4198 eta
729 4164 741 4198 :
778 4148 825 4200 id
854 4150 993 4218 quod
1025 4152 1147 4207 alibi
1180 4162 1253 4206 att
1280 4170 1292 4206 :
1330 4153 1449 4208 Non
1476 4156 1641 4210 solum
1675 4168 1864 4225 autem,
1916 4163 2005 4214 sed
2033 4174 2078 4214 et
2105 4180 2181 4217 se-

614 4239 751 4304 ipsos
794 4241 1041 4295 dederunt
1084 4241 1307 4299 Domino
1349 4257 1394 4299 et
1443 4249 1604 4301 nobis.
1654 4250 1819 4314 Quam
1862 4256 2182 4315 ostendistis.

615 4328 803 4397 inquit,
837 4331 887 4383 in
919 4333 1121 4386 nomine
1143 4336 1275 4405 ejus,
1296 4337 1381 4403 qui
1408 4339 1727 4393 ministrastis
1754 4343 1942 4395 sanctis
1967 4354 2011 4395 et
2040 4345 2187 4396 mini-

611 4422 801 4475 stratis.
834 4422 962 4478 Vide
983 4426 1250 4494 quomodo
1274 4428 1394 4485 illos
1421 4444 1604 4485 rursus
1631 4442 1801 4497 curat,
1834 4443 1889 4487 ut
1918 4436 2005 4503 qni
2034 4436 2171 4489 dixe-

613 4511 681 4563 rit
704 4523 755 4565 et
791 4512 875 4565 hic
918 4517 1211 4582 repetierit.
1246 4517 1345 4584 Qui
1388 4520 1715 4587 ministratis,
1750 4533 1807 4577 ut
1834 4540 1927 4579 eos
1965 4527 2180 4593 excitat,

614 4601 903 4656 ostendens
951 4606 1090 4673 quod
1137 4621 1240 4661 non
1290 4608 1397 4662 illis
1429 4608 1673 4678 fecerint,
1723 4613 1816 4667 sed
1847 4615 1972 4669 Deo.
2011 4616 2178 4681 Quam

612 4692 919 4759 ostendistis,
977 4694 1164 4765 inquit,
1225 4711 1329 4751 non
1376 4699 1549 4754 solum
1606 4702 1658 4755 in
1700 4714 1933 4769 sanctos,
1976 4707 2068 4761 sed
2126 4708 2176 4761 in

613 4780 821 4835 Deum:
853 4782 952 4838 hoc
980 4786 1119 4839 enim
1167 4796 1270 4853 est,
1326 4785 1393 4841 In
1435 4790 1635 4845 nomine
1676 4792 1870 4860 ipsius;
1922 4810 1986 4850 ac
2015 4796 2056 4849 si
2103 4796 2181 4851 di-

611 4883 777 4938 ceret,
810 4874 1028 4943 Propter
1057 4891 1248 4932 nomen
1297 4877 1414 4947 ejus
1456 4882 1633 4933 omnia
1679 4882 1898 4939 fecistis.
1926 4885 2027 4952 Qui
2053 4903 2180 4958 ergo

614 4972 814 5017 tantam
864 4979 894 5018 a
948 4964 1096 5020 vobis
1140 4968 1333 5038 accipit
1377 4971 1787 5028 sollicitudinem
1832 4985 1885 5029 et
1930 4977 2176 5033 dilectio-

612 5070 773 5119 nem,
823 5071 916 5111 vos
970 5073 1260 5129 numquam
1307 5061 1583 5132 despiciet,
1614 5080 1785 5136 neque
1832 5070 2000 5126 vestri
2044 5072 2181 5129 obli-

613 5146 857 5201 viseetur.

680 5238 737 5291 4.
770 5237 893 5292 Huic
917 5240 1213 5309 audientes,
1242 5259 1389 5315 rogo,
1421 5245 1783 5305 ministremus
1804 5254 2020 5311 sanctis.
2050 5255 2176 5311 Ome

613 5328 694 5383 nis
731 5332 873 5383 enim
906 5330 1078 5385 ﬁdelis
1121 5345 1203 5388 est
1246 5346 1460 5391 sanctus
1488 5378 1502 5403 ,
1533 5350 1795 5410 quatenus
1837 5354 1920 5399 est
1960 5346 2131 5402 ﬁdelis
2162 5367 2177 5406 :

610 5422 817 5476 etiamsi
844 5423 964 5493 quis
992 5425 1059 5479 sit
1088 5427 1384 5484 mundanus
1409 5440 1463 5485 et
1510 5433 1803 5501 srecularis,
1829 5447 1908 5490 est
1931 5449 2178 5497 sanctus:

612 5510 973 5581 Sanctiﬁcatus
1002 5515 1145 5569 enim
1170 5556 1185 5583 ,
1212 5515 1415 5586 inquit,
1447 5534 1521 5574 est
1558 5523 1633 5575 vir
1660 5524 1882 5591 inﬁdelis
1908 5528 1961 5581 in
2002 5546 2177 5598 uxore,

612 5613 655 5654 et
683 5620 808 5656 uxor
833 5606 1047 5672 inﬁdelis
1074 5610 1125 5661 in
1148 5610 1255 5662 viro
1287 5611 1359 5679 (l.
1389 5610 1503 5667 Cor.
1539 5614 1591 5669 7.
1625 5616 1735 5689 14).
1759 5617 1890 5675 Vide
1911 5634 2180 5689 quomodo

613 5694 742 5747 ﬁdes
770 5694 890 5749 facit
914 5698 1409 5757 sanctiﬁcationem.
1440 5702 1495 5759 Si
1521 5720 1651 5772 ergo
1683 5708 2007 5765 mundanum
2032 5712 2181 5771 vide-

2301 416 2467 467 rimus
2507 417 2556 468 iu
2602 414 2781 484 aliquo
2826 416 3139 481 infortunio,
3179 431 3390 471 manum
3422 430 3473 472 ct
3519 420 3881 491 porr-ignauus.

2300 505 2375 560 Ne
2419 507 2468 557 in
2518 521 2611 559 eos
2656 506 2827 558 solum
2873 507 2963 576 qui
3008 506 3199 562 sedent
3242 509 3291 562 in
3332 511 3608 565 montibus
3640 530 3715 565 no
3749 524 3879 569 trum

2298 598 2527 652 studium
2558 598 2901 652 ostendamus
2942 616 2954 651 :
2983 600 3054 652 illi
3086 600 3301 670 quidem
3329 611 3452 656 sunt
3493 607 3670 658 sancti
3704 615 3755 659 et
3786 610 3881 661 vita

2297 698 2350 746 et
2382 690 2515 754 ﬁde;
2566 690 2732 744 sancti
2770 701 2946 743 autem
2989 688 3039 742 bi
3085 706 3296 762 quoque
3342 692 3467 758 ﬁde,
3505 695 3663 748 nmlti
3711 705 3881 750 antem

2296 785 2454 839 etiam
2484 782 2612 837 vita.
2646 782 2722 837 Nc
2747 824 2762 849 ,
2793 782 3186 839 si-monacbum
3224 784 3512 840 viderimus
3542 787 3594 839 in
3630 803 3881 852 carcere,

2289 876 2417 926 tunc
2446 870 2837 942 ingrediamur;
2867 872 2948 923 sin
2977 883 3153 924 autem
3185 874 3533 938 mundanum,
3565 890 3679 928 non
3716 878 3880 944 ingrc-

2289 965 2497 1018 diamur
2526 980 2540 1018 :
2570 972 2651 1017 est
2681 961 2763 1015 hic
2785 978 2997 1032 quoque
3019 976 3235 1018 sanctus
3262 976 3313 1019 et
3342 965 3521 1021 frater.
3554 969 3700 1035 Quid
3731 984 3874 1031 vero,

2291 1054 2479 1123 mquit,
2528 1054 2570 1107 si
2613 1054 2681 1105 sit
2727 1055 3031 1106 immundus
3072 1065 3126 1108 et
3168 1055 3501 1111 sceleratus?
3532 1059 3674 1112 Audi
3724 1058 3878 1111 libri-

2289 1160 2427 1199 s'um
2475 1147 2780 1200 dicentem:
2835 1144 3011 1199 Nolite
3046 1148 3304 1216 judicare,
3342 1159 3393 1200 ut
3433 1167 3533 1203 non
3567 1151 3879 1220 judicenn'ni

2290 1237 2500 1301 ΜΙιιιιΙι.
2540 1237 2591 1290 7.
2635 1237 2711 1305 l).
2746 1235 2822 1288 Tu
2866 1233 2946 1288 fac
2986 1247 3202 1304 propter
3234 1237 3419 1291 Deum.
3460 1241 3522 1293 Et
3551 1240 3685 1309 quid
3719 1241 3878 1294 dico?

2294 1329 2489 1378 illiillISl
2520 1343 2583 1381 ex
2615 1327 2863 1396 gentibus
2888 1326 3192 1395 quempiam
3226 1327 3516 1383 viderimus
3545 1332 3597 1383 in
3646 1332 3876 1386 infortu-

2290 1418 2397 1482 nio,
2429 1426 2639 1485 oportet
2668 1418 2715 1470 ei
2748 1418 3096 1479 benefacere;
3128 1427 3203 1481 et,
3229 1428 3286 1472 ut
3307 1421 3471 1474 semel
3500 1421 3703 1485 dicam,
3730 1423 3873 1475 omni

2290 1506 2489 1559 homini
2517 1507 2599 1560 cui
2630 1508 2842 1560 adversi
2874 1507 3070 1577 aliquid
3099 1509 3293 1562 accidit
3319 1529 3329 1561 :
3357 1512 3525 1564 multo
3555 1523 3739 1567 autem
3766 1528 3875 1566 ma-

2284 1598 2365 1665 gis
2394 1599 2662 1651 mundano
2693 1598 2855 1654 ﬁdeli.
2900 1600 3035 1653 Audi
3066 1600 3287 1657 Paulum
3321 1603 3628 1671 dicentem,
3673 1604 3874 1658 Bonum

2285 1688 2435 1749 facile
2472 1689 2539 1741 ad
2569 1705 2771 1754 omnes,
2813 1691 3033 1743 maxime
3071 1702 3239 1745 autent
3285 1694 3352 1746 ad
3400 1696 3706 1749 domesticos
3756 1697 3875 1764 ﬁdei

2285 1779 2427 1841 (Gal.
2460 1780 2511 1834 6.
2550 1780 2661 1853 10).
2696 1781 2801 1835 Sed
2842 1785 3023 1837 nescio
3053 1784 3195 1840 unde
3223 1785 3325 1840 hoc
3355 1790 3423 1840 sit
3461 1789 3831 1843 introductm’n
3855 1832 3870 1855 ,

2282 1883 2336 1927 et
2376 1872 2639 1927 nudenam
2677 1872 2790 1927 lucc
2822 1875 3074 1929 invaserit
3099 1877 3453 1931 consuetudo.
3489 1879 3620 1933 Nam
3654 1883 3748 1951 qui
3782 1897 3874 1936 eos

2281 1964 2453 2017 solum
2484 1965 2675 2033 quarrit
2702 1964 2788 2033 qui
2814 1965 2972 2018 vitam
3001 1976 3164 2035 agunt
3195 1968 3510 2033 solitariam,
3542 1980 3597 2024 et
3630 1972 3745 2025 vult
3771 1973 3873 2025 illis

2282 2055 2615 2121 benefacere,
2648 2066 2700 2110 et
2729 2056 2795 2110 de
2828 2056 2934 2109 illis
2967 2072 3153 2111 rursus
3189 2060 3399 2113 curiose
3433 2072 3682 2116 scrutatis
3711 2072 3768 2117 et
3794 2063 3873 2117 di-

2279 2161 2407 2201 cens
2437 2164 2450 2198 :
2481 2146 2535 2200 Si
2568 2160 2672 2200 non
2705 2146 2773 2199 sit
2800 2146 3013 2216 dignus,
3042 2147 3086 2200 si
3119 2164 3224 2201 non
3251 2148 3539 2217 sitjustus.
3572 2152 3617 2205 si
3650 2168 3763 2207 non
3795 2153 3870 2206 l‘a-

2280 2237 2383 2290 ciat
2409 2238 2580 2306 signa,
2621 2252 2834 2289 manum
2875 2253 2977 2290 non
3010 2239 3275 2308 porrigam
3311 2257 3323 2293 :
3356 2240 3720 2313 eiecmosyna:
3754 2246 3870 2313 plu-

2286 2331 2478 2385 rimttm
2510 2328 2770 2394 detraxit,
2810 2329 2936 2399 quin
2964 2331 3123 2383 etiam
3154 2330 3254 2384 hoc
3292 2331 3463 2399 ipsum
3492 2349 3707 2403 quoque
3734 2345 3869 2391 tent-

2280 2436 2407 2490 pore
2435 2418 2758 2489 procedente
2798 2434 2984 2473 rursus
3012 2420 3237 2475 auferet.
3273 2423 3429 2491 Atqui
3470 2424 3556 2477 illa
3587 2427 3755 2479 etiam
3786 2438 3869 2481 est

2277 2513 2617 2581 elecmosyna
2647 2525 2764 2579 quae
2794 2511 2852 2564 lit
2880 2510 2932 2564 in
2966 2521 3301 2580 peccatores,
3344 2530 3462 2583 qure
3490 2516 3539 2567 in
3573 2532 3716 2571 reos.
3751 2518 3866 2573 [ioc

2276 2606 2417 2660 enim
2458 2613 2541 2658 est
2569 2603 2908 2674 eleemosyna
2937 2643 2951 2667 ,
2982 2618 3087 2657 non
3115 2618 3303 2658 eorum
3332 2606 3420 2675 qui
3455 2606 3589 2660 bona
3621 2607 3867 2664 fecerunt

2277 2713 2461 2768 opera,
2511 2696 2606 2752 sed
2649 2712 2837 2753 eorum
2882 2696 2972 2765 qui
3016 2706 3328 2766 peccaruut,
3375 2699 3641 2754 misereri.
3690 2702 3756 2757 Et
3807 2714 3866 2758 ut

2276 2790 2434 2853 scias,
2465 2787 2587 2841 audi
2609 2786 2805 2842 Christi
2836 2786 3165 2855 parabolam.
3196 2785 3490 2853 Descendit,
3525 2790 3715 2861 inquit,
3749 2796 3864 2862 qui-

2275 2882 2394 2934 dam
2422 2881 2484 2933 ab
2522 2877 2857 2947 Jerosolymis
2895 2878 2948 2930 in
2989 2875 3197 2931 Iericho
3218 2919 3232 2940 ,
3272 2889 3317 2932 et
3347 2879 3526 2933 incidit
3553 2881 3604 2934 in
3637 2882 3861 2939 latrones

2275 2971 2422 3044 (Luc.
2447 2969 2535 3024 10.
2564 2969 2652 3024 30.
2686 2968 2846 3037 seqq.)
2877 2981 2892 3021 :
2923 2974 2979 3023 et
3005 2982 3125 3021 eum
3154 2982 3279 3023 eum
3329 2971 3733 3041 verberasseut,
3768 2992 3859 3032 re-

2274 3065 2545 3134 liquerunt
2576 3062 2628 3113 in
2657 3059 2738 3111 via
2768 3058 3173 3112 semimortuum
3206 3061 3526 3116 sauciatum.
3570 3063 3730 3119 Venit
3759 3083 3859 3121 au-

2275 3163 2381 3209 tem
2424 3152 2559 3206 forte
2589 3147 2802 3219 quidam
2852 3147 3058 3215 Levita,
3102 3158 3158 3203 et
3195 3164 3317 3205 eum
3347 3152 3518 3209 visum
3549 3160 3857 3224 praeteriit:

2274 3245 2622 3310 similiterque
2661 3237 2915 3293 sacerdos
2957 3238 3049 3293 illo
3078 3240 3193 3295 viso
3224 3244 3538 3311 prieterivit.
3570 3246 3728 3302 Venit
3758 3251 3856 3306 de-

2275 3351 2419 3391 mum
2466 3334 2677 3403 quidam
2724 3331 3114 3399 Samaritanus,
3159 3343 3213 3387 et
3255 3336 3473 3389 multam
3513 3338 3632 3407 ejus
3669 3355 3855 3396 curam

2273 3429 2482 3501 gessit:
2515 3424 2751 3493 alligavit
2797 3424 3040 3490 vulnera,
3090 3423 3283 3478 infudit
3330 3426 3543 3491 oleum,
3598 3430 3857 3500 imposuit

2274 3520 2444 3579 asino.
2471 3517 2622 3570 duxit
2648 3513 2699 3567 in
2723 3514 3101 3580 diversorium,
3130 3513 3369 3584 dixitque
3396 3516 3647 3585 prmfecto
3676 3520 3855 3577 diver-

2274 3608 2621 3672 sorii,Cnram
2643 3604 2757 3674 ejus
2778 3618 2924 3673 gere.
2951 3603 3019 3657 Et
3040 3602 3161 3658 vide
3184 3618 3428 3674 magnam
3451 3606 3851 3667 liberalitatem:

2277 3698 2344 3753 Et
2374 3712 2482 3766 ego,
2515 3696 2703 3764 inquit,
2734 3694 2863 3747 dabo
2901 3694 2989 3746 tibi
3014 3694 3260 3762 quidquid
3289 3696 3614 3765 impenderis.
3646 3700 3853 3757 Deinde

2271 3791 2578 3855 interrogat,
2634 3784 2759 3851 Quis
2808 3792 2877 3836 est
2922 3799 3073 3852 ergo,
3124 3785 3329 3853 inquit,
3380 3788 3491 3857 ejus
3538 3791 3847 3858 proximus?

2270 3873 2617 3945 Respondens
2644 3876 2998 3946 legisperitus,
3034 3877 3136 3942 Qui
3162 3878 3280 3948 fecit
3307 3878 3726 3939 misericordiam,
3757 3893 3850 3931 au-

2269 3965 2385 4020 dit:
2425 3964 2563 4021 Vade
2590 3984 2706 4039 ergo
2728 4010 2742 4035 ,
2778 3978 2822 4020 et
2848 3976 2901 4021 tu
2966 3972 3049 4039 fac
3075 3970 3327 4025 similiter.
3372 3971 3437 4024 Et
3477 3968 3597 4025 vide
3635 3970 3850 4039 qualem

2270 4053 2405 4109 dixit
2446 4056 2774 4125 parabolam.
2816 4058 2929 4112 Non
2957 4058 3127 4125 dixit,
3159 4059 3301 4129 quod
3331 4059 3548 4115 Judtnus
3576 4060 3768 4115 fecerit
3797 4062 3851 4114 in

2271 4144 2661 4201 Samaritanutn
2691 4190 2703 4212 ,
2752 4148 2843 4201 sed
2874 4147 3017 4218 quod
3049 4150 3417 4205 Samaritanus
3446 4165 3661 4205 omnem
3708 4152 3853 4206 illam

2274 4236 2565 4290 ostenderit
2592 4238 2990 4293 liberalitatem.
3024 4239 3155 4294 llinc
3183 4240 3461 4308 discimus,
3504 4256 3686 4311 parem
3729 4257 3853 4297 om-
3948 4263 3957 4267 ί

2271 4326 2417 4379 nium
2448 4340 2628 4380 curam
2656 4342 2773 4382 esse
2802 4328 3124 4397 habendam,
3154 4346 3253 4387 nec
3281 4332 3699 4388 domesticorum
3730 4332 3854 4387 ﬁdei

2273 4416 2465 4481 tolum,
2498 4418 2751 4487 neglectis
2776 4421 2915 4475 aliis.
2958 4421 3049 4478 Sic
3078 4438 3207 4494 ergo
3235 4435 3289 4478 tu
3318 4439 3551 4494 quoque,
3579 4425 3622 4478 si
3652 4425 3855 4479 videris

2270 4506 2500 4575 aliquem
2544 4510 2683 4563 male
2730 4512 3040 4579 patientem,
3091 4514 3222 4567 nihil
3268 4514 3499 4582 amplius
3546 4519 3852 4570 scruleris:

2274 4593 2434 4651 habet
2479 4598 2569 4652 ille
2594 4600 2683 4667 jus
2726 4602 2942 4668 auxilii,
2994 4602 3136 4673 quod
3180 4603 3318 4658 male
3347 4604 3597 4675 patiatur.
3642 4603 3777 4659 Nam
3811 4607 3853 4661 si

2270 4690 2497 4753 asinum,
2528 4706 2697 4759 quem.
2728 4692 2923 4747 videris
2949 4694 3219 4761 suﬁ‘ocari,
3250 4696 3429 4765 erigis,
3465 4710 3563 4751 nec
3587 4697 3746 4765 cujus
3783 4700 3853 4753 sit

2272 4780 2547 4845 scrutaris,
2600 4782 2769 4835 multo
2811 4788 2978 4854 magis
3026 4800 3131 4839 nou
3176 4795 3389 4855 Oportet
3434 4786 3661 4840 scrutari
3702 4788 3858 4854 cujus

2272 4869 2362 4925 ille
2389 4870 2549 4927 homo
2578 4874 2649 4927 sit
2678 4891 2692 4928 :
2718 4875 2808 4929 Dei
2833 4887 2933 4941 est,
2964 4877 3080 4931 sive
3104 4880 3175 4931 sit
3196 4877 3435 4942 Gre-cus,
3460 4880 3572 4933 sive
3594 4878 3817 4936 Judqu
3841 4899 3853 4935 :

2273 4961 2317 5017 si
2346 4962 2416 5017 sit
2446 4964 2698 5029 inﬁdelis,
2733 4966 2935 5035 indiget
2977 4969 3194 5022 auxilio.
3246 4969 3303 5023 Si
3350 4970 3493 5024 enim
3543 4971 3858 5027 examinare

2273 5054 2485 5124 quidem
2514 5064 2569 5110 et
2595 5056 2889 5125 dijudicare
2919 5060 3010 5113 tibi
3041 5072 3182 5114 esset
3211 5065 3553 5131 ριξηιιὶεςιιιιι,
3593 5072 3744 5117 recte
3771 5064 3853 5117 di-

2273 5158 2424 5199 ceres
2454 5161 2468 5199 :
2503 5163 2640 5201 nunc
2670 5159 2845 5202 autem
2874 5151 3151 5205 calamitas
3194 5167 3299 5206 non
3330 5153 3452 5206 sinit
3497 5152 3611 5207 ιιι-ο
3654 5138 3860 5209 exami-

2274 5251 2421 5291 nare.
2450 5236 2582 5291 Nam
2624 5238 2667 5291 si
2698 5255 2797 5293 nec
2834 5240 2902 5295 de
2931 5243 3077 5295 sanis
3120 5251 3331 5312 oportet
3371 5246 3626 5308 scrutari,
3662 5262 3763 5300 nec
3792 5248 3861 5301 de

2273 5328 2498 5383 aliorum
2540 5332 2699 5385 rebus
2741 5346 2860 5387 esse
2890 5334 3148 5396 Clll‘llSOS,
3196 5336 3363 5387 inulto
3405 5338 3570 5406 tnag's
3608 5336 3677 5391 de
3720 5342 3861 5394 utale

2276 5423 2620 5491 patientibus.
2666 5424 2879 5495 Alioqui
2914 5442 3042 5480 vero
3086 5427 3258 5495 quid?
3291 5426 3479 5483 Vidisti
3528 5444 3649 5482 eum
3697 5432 3862 5485 rebus

2276 5514 2350 5567 uti
2376 5515 2646 5577 secundis,
2671 5525 2725 5570 et
2746 5517 2913 5587 gloria
2940 5517 3133 5571 ﬁorere
3155 5527 3209 5571 et
3231 5520 3280 5572 in
3306 5519 3441 5573 bona
3461 5520 3861 5577 existimatione

2276 5620 2416 5671 esse,
2445 5622 2565 5662 cum
2590 5607 2724 5661 dicis
2749 5624 2872 5662 eum
2897 5622 3016 5663 esse
3042 5608 3239 5663 malum
3267 5622 3318 5665 et
3348 5611 3644 5680 improbum
3668 5612 3691 5665 ?
3720 5616 3862 5667 ntule

2276 5702 2471 5771 patitur
2515 5720 2525 5755 :
2573 5702 2615 5756 si
2644 5712 2832 5775 autem
2872 5702 3054 5758 videas
3084 5704 3223 5758 male
3264 5705 3573 5775 patientem,
3616 5722 3683 5762 nc
3714 5707 3860 5761 dicas
