4060 6412
169 289 235 343 39
1011 282 1075 339 IN
1119 278 1334 337 EPIST.
1376 275 1470 331 AD
1508 270 1882 330 HEBREOS.
1926 271 2082 329 CAP.
2128 270 2216 328 Vl.
2276 270 2510 327 llOMlL.
2558 269 2649 325 XI.
3396 253 3464 305 fit!

175 405 294 442 cum
322 404 441 443 esse
468 391 663 444 malum
692 396 749 444 et
776 391 1101 457 improbum.
1130 388 1261 443 Nam
1286 389 1503 461 quando
1532 401 1614 446 εει
1643 395 1756 461 qui-

173 482 295 536 dein
335 481 471 534 [ama
512 479 763 545 celebris,
807 478 923 535 inec
965 488 1113 535 recte
1138 479 1369 535 dicimus
1395 498 1409 533 :
1435 482 1651 551 quando
1676 498 1766 537 au-

182 584 289 628 tem
316 584 395 627 est
426 575 479 627 in
507 573 813 627 calamitate
836 582 891 627 et
913 582 1034 643 eget
1061 572 1289 639 auxilio,
1320 589 1427 626 non
1450 583 1665 643 oportet
1688 574 1768 628 di-

171 680 297 719 cere
324 680 445 718 eum
476 680 599 719 esse
629 664 829 718 malum
861 682 875 717 :
909 667 1009 718 hoc
1038 665 1183 718 enim
1216 674 1297 719 est
1327 665 1663 719 crudelitatis
1711 674 1766 721 et

172 757 584 810 inbumanitatis
613 766 667 809 ct
695 757 1038 826 arrogantiai.
1064 757 1205 825 Quid
1229 800 1243 823 ,
1288 756 1375 813 dic
1416 774 1603 827 qumso
1627 801 1640 824 ,
1675 760 1770 825 [uit

168 846 369 902 Judmis
400 847 634 915 iniquius
655 847 680 900 ἲ
701 847 805 903 Sed
840 849 979 902 Deus
1008 863 1102 903 eos
1131 849 1323 919 puniit,
1358 858 1413 904 et
1436 850 1579 919 jure,
1610 861 1770 921 atque

168 938 305 992 adeo
328 938 450 1006 jure
480 939 685 1007 Optimo
718 959 731 994 :
762 947 817 993 ct
850 949 1028 994 tamen
1057 954 1173 1004 eos,
1205 941 1295 1011 qui
1329 941 1569 1012 ipsorum
1601 943 1770 999 mise-

172 1028 446 1091 rabantur,
502 1028 688 1083 habuit
729 1043 1013 1100 acceptos,
1061 1045 1156 1086 eos
1196 1047 1350 1100 vero,
1396 1034 1487 1103 qui
1534 1034 1770 1104 ipsorum

167 1121 457 1174 calamitati
500 1122 824 1176 insultarunt
865 1134 920 1179 et
962 1123 1125 1178 hetati
1162 1133 1311 1191 sunt,
1355 1126 1546 1195 puniit.
1584 1126 1771 1198 Nihil,

169 1210 379 1281 inquit,
413 1212 740 1283 potiebantur
768 1215 830 1267 ob
870 1216 1225 1271 contritionem
1252 1216 1447 1288 Joseplt
1475 1217 1671 1292 (Amos.
1713 1222 1767 1275 6.

167 1303 247 1372 6).
298 1304 363 1358 Et
403 1319 592 1359 rursus
632 1304 761 1360 dicit
800 1324 814 1359 :
856 1305 1071 1360 Redime
1103 1324 1189 1361 eos
1216 1313 1304 1377 qui
1328 1309 1667 1383 occiduntur,
1710 1329 1771 1367 ne

168 1394 571 1485 parcas-(Prov.
593 1394 687 1449 24.
722 1397 829 1465 11).
850 1396 979 1485 ’Νυιι
1010 1398 1173 1463 dixit,
1204 1401 1479 1485 scrutare,
1508 1414 1559 1458 et
1589 1420 1771 1473 qna-re

165 1475 291 1544 quis
326 1475 434 1528 sit:
459 1488 783 1543 quamquam
814 1475 1129 1545 plerumque
1154 1477 1280 1530 mali
1322 1488 1448 1532 sunt
1479 1480 1568 1548 qui
1597 1480 1769 1533 alidu-

163 1574 405 1629 cuntur;
438 1564 534 1619 sed
577 1563 895 1634 simpliciter
936 1566 1088 1631 dixit,
1140 1565 1374 1635 Redime,
1404 1571 1647 1641 quisquis
1676 1573 1769 1640 sit,

164 1656 363 1726 inquit.
395 1655 509 1710 lloc
538 1657 681 1710 enim
709 1658 941 1713 maxime
979 1669 1061 1712 est
1104 1659 1473 1733 elecmosyua.
1508 1663 1640 1717 Nam
1679 1666 1770 1735 qui

160 1751 345 1805 amico
376 1749 514 1805 bene
543 1750 669 1804 l'acit
689 1792 706 1817 ,
736 1767 843 1804 non
871 1752 921 1806 id
955 1752 1113 1822 plane
1146 1751 1272 1807 facit
1304 1765 1526 1823 promer
1553 1757 1719 1812 Deum
1756 1779 1768 1815 :

159 1844 249 1911 qui
283 1852 469 1898 autem
512 1842 714 1913 ignOto,
766 1844 810 1897 is
855 1860 988 1914 pure
1035 1856 1091 1899 et
1136 1847 1352 1902 sincere
1392 1847 1520 1903 facit
1550 1860 1769 1919 propter

162 1935 362 1990 Deum.
398 1935 465 1989 Et
492 1934 583 1989 ille
609 1935 827 2006 quidem
854 1936 1003 2003 dicit,
1037 1937 1113 1992 Ne
1144 1953 1332 2007 parcas
1367 1941 1627 2009 pecuniis,
1670 1944 1765 1998 sed

154 2028 375 2082 etiarnsi
423 2042 614 2083 omnes
658 2038 906 2099 Oporteat
952 2030 1266 2098 ell‘undere,
1300 2033 1367 2087 da
1397 2050 1410 2085 :
1442 2049 1542 2089 uos
1577 2048 1762 2091 autem

156 2118 408 2173 videntes
435 2118 708 2185 sulTocari,
740 2120 1045 2185 lamentari,
1075 2122 1224 2176 mille
1256 2124 1523 2180 mortibus
1546 2126 1763 2196 gravio-

153 2224 210 2265 ra
239 2212 391 2281 pati,
422 2220 479 2267 et
508 2227 655 2283 smpc
694 2212 915 2282 injuste,
950 2214 1221 2283 parcimus
1260 2216 1502 2286 pecuniis
1523 2259 1539 2283 ,
1569 2228 1623 2274 et
1651 2233 1760 2275 non

1875 381 2147 454 parcimus
2178 375 2464 437 fratribus;
2496 387 2677 427 rerum
2708 369 3067 423 inanimarum
3099 378 3283 419 curam
3330 362 3477 431 geri-

1872 488 2014 541 nius,
2045 472 2278 526 animam
2308 478 2490 523 autem
2520 464 2862 534 negligimus.
2898 460 3055 530 Atqui
3084 458 3212 512 dicit
3258 458 3473 512 Paulus:

1872 566 1897 622 Ι
1906 586 1939 622 n
1966 563 2352 621 mansuetudine
2370 561 2572 615 erudire
2586 575 2671 613 eos
2682 556 2770 627 qui
2792 556 3129 623 adversantur
3152 570 3169 605 :
3188 570 3249 606 ne
3269 554 3476 623 quando

1873 660 2011 716 Deus
2036 660 2119 714 det
2147 658 2251 713 illis
2282 652 2630 727 paenitentiam
2661 650 2727 702 ad
2756 646 3159 719 cognoscendum
3192 646 3472 707 veritatem,

1869 762 1917 809 et
1944 752 2247 823 resipiscam
2271 764 2305 802 a
2328 745 2520 801 diaboli
2551 743 2747 813 laqueis
2768 782 2785 809 ,
2816 757 2848 794 a
2874 755 2975 809 quo
3022 738 3211 805 captivi
3244 748 3479 790 tenentur

1868 846 1937 901 ad
1964 845 2124 915 ipsius
2150 843 2460 897 voluntatem
2487 836 2563 905 (2.
2591 833 2728 889 Tini.
2766 832 2824 888 2.
2859 831 2947 885 25.
2982 828 3098 901 26).
3145 826 3231 882 Ne
3268 828 3478 900 quando

1867 934 1999 991 dicit
2044 950 2060 991 :
2106 933 2258 990 vides
2298 940 2497 1004 quanta
2529 931 2787 1001 patientia
2835 930 3053 999 plenum
3100 929 3169 981 sit
3209 924 3478 980 verbum!

1870 1026 2005 1081 Eum
2040 1039 2139 1079 nos
2184 1038 2401 1095 quoque
2444 1024 2721 1078 imitantes
2749 1022 2818 1076 de
2848 1020 3067 1077 nemine
3096 1019 3475 1088 desperemus.

1871 1119 2083 1175 Etenim
2117 1118 2419 1189 piscatores
2448 1132 2571 1171 cum
2601 1129 2747 1185 sa‘pe
2777 1114 2909 1169 retia
2943 1113 2996 1168 in
3033 1126 3184 1168 mare
3204 1109 3441 1181 jecerint
3461 1149 3479 1180 ,

1870 1211 2004 1268 nihil
2036 1220 2160 1265 sunt
2197 1209 2509 1279 assequuti;
2557 1223 2683 1263 cum
2728 1216 2917 1277 postea
2959 1213 3141 1259 autem
3180 1202 3480 1273 iecissent,

1873 1318 2044 1362 10tqu
2072 1312 2421 1376 acceperunt.
2457 1303 2532 1358 Ita
2564 1317 2663 1357 nos
2690 1316 2907 1373 quoque
2940 1298 3250 1369 neutiquam
3281 1295 3479 1364 despe-

1872 1412 2075 1464 ramus,
2106 1397 2204 1454 sed
2234 1408 2615 1468 exspectamus
2655 1394 2799 1465 quod
2833 1402 3005 1447 totmn
3052 1390 3212 1445 sintut
3259 1397 3491 1458 repente

1873 1493 2029 1548 nobis
2056 1488 2358 1546 ostendetis
2390 1489 2619 1545 fructum
2647 1497 2942 1542 maturum.
2972 1484 3107 1539 Nam
3140 1493 3195 1539 et
3222 1479 3481 1551 agricola,

1874 1596 2156 1657 postquam
2187 1584 2580 1647 seminaverit,
2613 1580 2850 1651 primum
2888 1578 3032 1634 diem
3079 1586 3134 1631 et
3180 1573 3484 1630 secundum

1875 1678 2236 1749 przestolatnr,
2260 1686 2313 1731 et
2332 1675 2495 1746 longa
2518 1686 2761 1744 tempore
2780 1680 3060 1744 exspectat
3086 1688 3099 1735 ;
3127 1680 3236 1725 tum
3262 1676 3488 1738 repente

1876 1769 2057 1833 videt,
2092 1768 2331 1839 undique
2378 1766 2586 1821 frui-tus
2625 1765 2787 1820 simul
2830 1764 3222 1835 gerntinautes.
3274 1758 3386 1814 Hoc
3434 1758 3486 1810 in

1875 1864 2029 1918 vobis
2059 1877 2277 1934 quoque
2306 1861 2544 1917 futurum
2593 1868 2974 1930 exspectamus
3017 1856 3187 1927 gratia
3231 1862 3287 1908 et
3331 1851 3487 1906 beni-

1875 1958 2080 2029 guitate
2132 1954 2347 2011 Domini
2392 1954 2564 2008 nostri
2611 1952 2741 2008 Jesu
2785 1950 3024 2016 Christi,
3054 1947 3143 2004 cui
3170 1962 3296 2004 cum
3328 1944 3489 1999 l’alre

1879 2067 1983 2106 una
2029 2067 2151 2108 cum
2197 2057 2384 2105 sancto
2428 2047 2634 2119 Spiritu
2675 2047 2869 2119 gloria,
2915 2043 3225 2114 imperium,
3274 2041 3488 2105 honor,

1881 2160 2023 2202 nunc
2042 2155 2094 2201 et
2123 2160 2358 2215 semper,
2384 2154 2441 2199 et
2467 2144 2521 2197 in
2548 2142 2745 2197 smcula
2778 2139 3125 2196 smculorum.
3155 2136 3354 2192 Amen.

164 2342 3472 2365 ——_—___—_—._——_—_—____—___________—___—

1520 2438 1871 2505 HOMILIA
1927 2446 2017 2507 XI
2037 2491 2050 2505 .

160 2590 299 2644 (lar.
335 2588 389 2642 6.
418 2602 467 2638 ν.
502 2585 585 2639 15.
621 2583 837 2636 Abralta:
867 2580 1000 2633 enim
1028 2578 1323 2646 promittens
1358 2576 1510 2641 Deus,
1541 2594 1656 2631 cum
1687 2597 1771 2634 ne-

235 2683 427 2733 minem
455 2679 655 2732 haberet
680 2693 769 2745 per
788 2691 933 2743 quem
953 2675 1154 2743 juraret
1182 2673 1448 2740 majorem,
1463 2672 1659 2740 jnraeit
1685 2689 1774 2742 per

233 2776 484 2842 seipsnm,
514 2771 682 2822 dicens
707 2784 724 2821 :
750 2769 829 2821 14.
869 2765 986 2818 Nisi
1010 2764 1308 2818 benedicens
1341 2764 1630 2817 benedicam
1659 2766 1769 2834 tibi,

234 2877 285 2919 et
330 2862 676 2931 multiplicans
708 2856 1056 2925 multiplicabo
1094 2865 1159 2908 te.
1201 2855 1289 2909 15.
1325 2855 1389 2908 Et
1418 2856 1491 2908 sic
1536 2857 1775 2925 longani-

238 2960 393 3011 miter
433 2960 597 3026 fcrens
636 2953 851 3019 adeptus
895 2959 966 3003 est
1013 2949 1473 3016 repromissionem.
1527 2946 1773 3003 Homines

235 3052 377 3104 cuitu
411 3063 498 3118 per
518 3046 761 3107 maiorem
792 3058 844 3096 se
864 3042 1044 3109 jurant
1068 3056 1085 3092 :
1112 3040 1198 3092 16.
1224 3050 1270 3091 et
1292 3040 1456 3092 omnis
1478 3048 1773 3093 controver-

233 3145 333 3197 sia:
356 3140 473 3207 ﬁnis
498 3139 547 3190 in
571 3135 1027 3206 conformationem
1054 3141 1125 3185 est
1147 3134 1525 3201 juramentum.

241 3239 297 3288 1.
340 3231 474 3285 Cum
504 3227 761 3282 Hebrmos
788 3225 1135 3277 vehementer
1172 3232 1227 3277 et
1269 3222 1478 3277 fortiter
1509 3224 1776 3295 tetigisset

161 3339 219 3383 ct
248 3341 350 3380 eos
378 3323 509 3378 satis
536 3320 817 3376 terruisset
841 3336 856 3386 ;
895 3318 1123 3386 primtnu
1151 3314 1366 3385 quidem
1399 3332 1495 3371 eos
1525 3318 1775 3371 consola-

166 3434 253 3475 tur
284 3417 566 3475 laudibus;
598 3412 837 3467 secundo
858 3421 1061 3472 autem,
1086 3410 1227 3478 quod
1251 3419 1334 3463 est
1365 3410 1525 3465 etiam
1560 3411 1772 3478 fortius,

164 3513 317 3581 quod
348 3526 409 3565 ea
441 3524 560 3577 qua:
587 3516 806 3578 sperant
848 3505 957 3557 sint
993 3503 1216 3557 omnino
1254 3506 1664 3573 consequuturi.
1709 3505 1777 3559 Et

163 3605 507 3666 eonwlatur,
553 3616 657 3654 non
702 3614 730 3651 a
779 3597 1133 3667 prmsentihus
1160 3638 1176 3662 ,
1225 3596 1318 3650 sed
1366 3612 1392 3647 a
1436 3597 1770 3665 pratici-itis:

165 3697 319 3771 quod
348 3695 562 3766 quidem
590 3694 669 3747 eis
699 3691 868 3760 magis
901 3690 1276 3756 persuadebat.
1305 3688 1769 3755 Quemadmodum

164 3785 318 3837 enini
360 3783 412 3835 in
456 3778 720 3848 supplicio
757 3793 850 3845 per
877 3776 963 3829 illa
999 3776 1169 3844 magis
1198 3782 1397 3839 terret,
1429 3773 1501 3826 ita
1528 3774 1689 3828 etiam
1723 3773 1775 3825 in

168 3874 414 3943 przemiis
446 3886 539 3941 per
568 3870 684 3924 haec
715 3868 1046 3931 consolatur,
1078 3868 1167 3921 Dei
1200 3882 1320 3921 esse
1353 3882 1557 3921 morem
1591 3875 1777 3920 osten-

170 3968 314 4020 dens
346 3984 359 4018 :
393 3965 438 4018 is
466 3972 645 4017 autem
678 3970 781 4023 est,
815 3975 920 4015 non
954 3960 1135 4013 statim
1176 3959 1433 4012 exhibere
1478 3962 1776 4026 promisi-tt,

168 4060 266 4114 sed
299 4058 461 4126 longo
488 4065 609 4125 post
636 4065 896 4122 tempore.
936 4051 1046 4105 Hoc
1073 4062 1253 4105 autem
1286 4050 1429 4113 facit,
1461 4060 1513 4104 et
1541 4064 1651 4102 sum
1682 4065 1778 4117 po-

173 4152 361 4205 tentize
391 4162 639 4217 maguum
671 4145 951 4214 proferens
980 4143 1234 4198 indicium
1258 4184 1271 4205 ,
1300 4152 1355 4196 et
1388 4157 1485 4195 uos
1517 4141 1781 4197 inducens

172 4243 241 4293 ad
276 4239 460 4303 (idem,
487 4246 544 4291 ιιι
570 4236 659 4307 qui
694 4237 876 4289 vivunt
918 4235 969 4289 in
998 4232 1378 4288 afﬂictionibus
1397 4275 1412 4297 ,
1444 4242 1498 4286 et
1524 4248 1623 4286 nec
1652 4248 1775 4302 pro-

174 4334 345 4385 missa
392 4330 658 4397 accipiunt
704 4342 803 4381 nec
842 4325 1139 4387 mercedes,
1174 4324 1238 4378 ad
1274 4325 1486 4379 labores
1516 4338 1619 4377 non
1650 4326 1784 4378 deti-

174 4428 347 4477 ciant.
403 4422 464 4477 Et
513 4436 702 4475 omnes
746 4418 1060 4481 dimittens,
1106 4418 1230 4472 licet
1276 4416 1497 4471 haberet
1546 4418 1769 4486 multos,

178 4515 457 4569 Abraham
492 4513 544 4566 in
579 4512 813 4565 medium
846 4510 1105 4573 adduxit,
1137 4517 1191 4563 et
1218 4518 1438 4579 propter
1470 4508 1565 4561 viri
1594 4518 1776 4561 aucto-

180 4610 433 4668 ritatem,
466 4604 688 4675 etquod
720 4604 768 4657 id
802 4603 1033 4656 maxime
1079 4601 1133 4654 in
1175 4617 1241 4653 eo
1284 4600 1545 4653 evenerit.
1589 4602 1787 4665 Quam-

180 4715 347 4766 quam
379 4696 509 4749 dicit
539 4696 592 4749 in
619 4697 726 4748 line
750 4682 1015 4762 l'lpistolzc,
1044 4692 1184 4761 quod
1214 4690 1297 4744 isti
1328 4706 1516 4744 oiuucs
1544 4705 1664 4743 cum
1696 4704 1785 4744 cas

183 4790 377 4859 procul
410 4787 668 4842 vidissent
706 4795 760 4838 et
800 4784 1032 4853 amplexi
1071 4791 1290 4847 essent,
1324 4797 1427 4835 non
1462 4790 1787 4850 acceperunt

188 4880 621 4949 promissioues,
671 4893 737 4928 ne
794 4869 996 4942 absque
1056 4874 1208 4926 nobis
1260 4881 1785 4926 consummareutur.

182 4970 405 5025 .tbralta:
430 4967 583 5031 enim,
621 4961 790 5033 inquit
813 5002 826 5025 ,
868 4957 1163 5027 promittens
1194 4954 1350 5018 Deus,
1378 4967 1492 5004 cum
1526 4952 1777 5003 nemiuem

188 5067 395 5115 haberet
435 5075 523 5127 per
558 5072 706 5125 quem
734 5056 936 5123 jnraret
973 5050 1237 5117 majorem,
1260 5045 1456 5113 juravit
1480 5060 1570 5112 per
1596 5051 1783 5096 semet-

184 5161 374 5224 ipsum,
409 5153 581 5205 dicens
606 5165 622 5202 :
650 5146 765 5200 Nisi
792 5144 1086 5198 benedicens
1115 5140 1407 5193 benedicam
1436 5137 1550 5201 tibi,
1582 5144 1624 5188 et
1656 5136 1789 5188 mul-

185 5250 429 5316 tiplicans
470 5240 820 5307 multiplicabo
863 5246 929 5291 te.
976 5234 1038 5287 Ει
1082 5234 1154 5286 sic
1196 5230 1554 5300 longanimiter
1597 5232 1783 5298 ferens,

188 5342 404 5409 adeptus
446 5346 517 5389 est
558 5331 1019 5402 reproniissiouem.
1062 5324 1345 5391 Quomodo
1386 5322 1545 5391 igitur
1586 5320 1637 5375 in
1683 5322 1790 5375 lino

189 5432 349 5492 dicit,
386 5426 506 5480 Non
535 5426 730 5491 accepit
757 5440 837 5490 pri
855 5420 1117 5474 missiones
1158 5417 1173 5483 (
1208 5415 1365 5468 llebr.
1396 5414 1481 5467 11.
1512 5412 1580 5467 39
1610 5414 1658 5481 );
1704 5410 1792 5467 hic

194 5539 345 5587 sero,
379 5518 760 5589 Longanimiter
782 5512 1195 5584 ferens,adeptus
1217 5521 1289 5563 est
1315 5506 1795 5577 repromissionem.’

193 5613 467 5685 quoiumlo
514 5628 620 5664 nou
660 5608 918 5685 accepit?
962 5604 1234 5675 quomodo
1264 5612 1343 5657 est
1378 5600 1643 5668 adeptus?
1673 5600 1790 5655 Non

198 5713 262 5769 dc
289 5709 482 5767 iisdem
512 5707 593 5762 hic
626 5716 677 5762 et
706 5704 815 5761 illic
837 5702 996 5767 dicit;
1029 5698 1122 5756 sed
1151 5698 1420 5769 duplicem
1448 5694 1574 5753 facit
1601 5710 1791 5751 consu-

1878 2578 2155 2625 lationent.
2244 2558 2904 2620 Promisit'Abrahaztet
2953 2571 3073 2626 qua:
3122 2554 3212 2610 hic
3259 2553 3479 2622 quidem

1877 2669 2025 2725 sunt,
2072 2658 2223 2714 dedit
2262 2657 2422 2726 longo
2464 2664 2583 2724 post
2627 2661 2899 2720 tempore;
2946 2664 3066 2717 qua:
3104 2656 3286 2701 autem
3332 2644 3478 2709 illic,

1880 2755 2118 2810 nondum
2151 2771 2164 2807 :
2198 2760 2255 2807 et
2280 2750 2357 2803 sic
2386 2750 2541 2816 longa
2576 2760 2708 2799 usus
2738 2741 3031 2813 patientia,
3064 2738 3483 2809 promissionem

1878 2860 1960 2904 est
2000 2843 2265 2915 adeptus?
2314 2840 2475 2896 Vides
2512 2837 2654 2908 quod
2689 2852 2797 2889 nott
2829 2835 2943 2887 sola
2978 2830 3268 2900 promissio
3311 2839 3480 2883 totum

1878 2941 2076 3001 elici-it,
2119 2936 2214 2991 sed
2256 2934 2418 2989 etiam
2462 2932 2621 3001 longa
2668 2925 2964 2999 patientia?
3014 2924 3109 2978 llic
3154 2938 3249 2977 eos
3292 2931 3480 2986 terret,

1878 3032 2172 3088 ostendens
2202 3027 2344 3098 quod
2373 3040 2517 3094 saepe
2544 3021 2832 3091 impeditur
2858 3018 3145 3088 promissio
3177 3030 3272 3086 per
3302 3013 3483 3089 pusilli

1878 3125 2042 3182 animi
2074 3122 2285 3177 vitium.
2321 3119 2386 3172 lit
2416 3119 2519 3171 hoc
2545 3114 2762 3185 quidem
2789 3109 3029 3166 ostendit
3056 3124 3153 3181 per
3184 3107 3439 3179 populum
3468 3124 3483 3159 ε

1880 3235 2001 3276 nam
2024 3218 2278 3287 quoniam
2303 3209 2501 3281 pusillo
2531 3206 2749 3262 fuerunt
2777 3206 2981 3268 animo,
3012 3217 3116 3257 non
3146 3208 3274 3255 sunt
3302 3198 3485 3266 adepti

1879 3308 2293 3383 promissionem
2318 3325 2331 3358 :
2352 3300 2683 3357 contrarium
2713 3307 2893 3351 autem
2922 3294 3158 3350 ostendit
3188 3308 3283 3363 per
3307 3294 3484 3347 Abra-

1878 3402 2024 3456 ham.
2069 3395 2273 3453 Deinde
2314 3395 2366 3446 in
2409 3392 2517 3445 line
2566 3390 2695 3443 facit
2741 3389 2905 3442 etiam
2950 3384 3153 3455 aliquid
3195 3383 3480 3453 amplius:

1875 3490 2110 3549 ostendit
2148 3486 2290 3558 quod
2326 3486 2485 3538 etiam
2527 3496 2649 3536 cum
2694 3480 2849 3550 looga
2881 3478 3134 3548 patientia
3166 3490 3270 3530 non
3301 3484 3486 3530 essent

1874 3584 2079 3653 adepti,
2112 3594 2287 3650 neque
2315 3577 2393 3631 sic
2421 3573 2637 3645 quidem
2667 3578 2795 3626 sunt
2820 3570 3033 3624 tristitia
3064 3568 3264 3623 all'ecti.
3299 3565 3483 3621 Homi—

1877 3695 1961 3730 nes
1990 3676 2121 3729 enim
2156 3688 2245 3743 per
2272 3670 2518 3738 majorem
2538 3665 2746 3734 juraut,
2770 3672 2818 3715 et
2842 3662 2967 3734 ipsis
2999 3660 3163 3713 onmis
3193 3669 3486 3713 controver-

1874 3768 1965 3819 sia’
1992 3765 2111 3832 finis
2138 3765 2191 3816 in
2221 3758 2667 3828 conﬁrmationem
2696 3764 2771 3807 est
2791 3755 3144 3822 jnramentum
3172 3767 3190 3806 :
3221 3749 3357 3804 Deus
3387 3766 3483 3802 au-

1872 3866 1971 3911 tem
2002 3870 2118 3908 cum
2158 3851 2357 3906 nullum
2400 3847 2602 3901 haberet
2652 3845 2899 3913 majorem
2940 3860 3030 3912 per
3068 3859 3215 3913 quem
3250 3844 3480 3911 jurarel,

1870 3948 2062 4019 iuravit
2084 3962 2172 4016 per
2197 3942 2543 4013 semetipsum.
2579 3936 2767 3992 Recte.
2797 3935 2928 4003 Quis
2950 3944 3033 3990 cst
3058 3950 3188 4005 ergo
3214 3936 3303 4004 qui
3328 3934 3482 4004 jura-

1873 4040 1946 4088 vit
1977 4032 2241 4088 Ahrahat?
2280 4045 2459 4084 annon
2495 4027 2701 4083 Filius?
2748 4025 2894 4093 Non,
2940 4024 3132 4094 inquit.
3186 4022 3337 4077 Unde
3378 4021 3481 4074 hoc

1869 4124 2042 4178 dicis?
2091 4122 2326 4177 Maxime
2380 4118 2601 4190 quidem
2657 4118 2806 4187 ipse;
2862 4115 2958 4170 sed
3018 4130 3124 4169 non
3179 4112 3473 4169 contendo.

1870 4216 2097 4287 Quando
2125 4229 2255 4285 ergo
2284 4214 2399 4283 ipse
2424 4213 2572 4282 jurat
2617 4210 2717 4265 hoc
2760 4210 2876 4278 ipso
2912 4209 3243 4279 juramento,
3277 4207 3439 4259 Amen
3464 4246 3476 4265 .

1873 4328 2019 4364 auten
2043 4310 2155 4363 dico
2179 4309 2316 4362 vobis
2333 4324 2353 4371 ;
2378 4320 2556 4360 annon
2582 4304 2703 4359 ideo
2722 4302 2949 4369 scilicet,
2973 4301 3115 4372 quod
3148 4314 3253 4354 non
3285 4297 3485 4353 habent

1876 4402 2136 4472 majorem
2166 4416 2259 4470 per
2288 4414 2447 4469 quem
2476 4396 2663 4468 juret?
2694 4395 2762 4451 Ut
2791 4394 2934 4450 enim
2958 4392 3159 4463 juravit
3190 4391 3372 4457 Pater,
3408 4388 3482 4445 ita

1877 4500 2038 4554 etiam
2071 4496 2401 4565 Filiusjurat
2431 4509 2526 4564 per
2547 4509 2606 4548 se
2632 4492 2840 4557 dicens,
2875 4489 3054 4551 Amen,
3083 4503 3231 4541 auten
3260 4485 3376 4540 dico
3396 4499 3483 4537 so-

1877 4593 1971 4646 bis.
2018 4592 2113 4645 llic
2158 4592 2286 4659 ipsis
2331 4596 2551 4643 revocat
2597 4588 2648 4641 iu
2692 4584 3005 4640 memoriam
3034 4579 3239 4636 Christi
3264 4592 3484 4649 quoque

1874 4686 2203 4754 juratttcuta,
2245 4696 2366 4751 qua:
2410 4678 2625 4733 dicebat
2660 4675 2876 4730 assidue
2909 4674 3128 4736 :Amen,
3174 4687 3323 4724 auten
3368 4669 3485 4722 dico

1883 4776 1992 4841 tibi,
2020 4776 2104 4843 qui
2134 4775 2292 4827 credit
2323 4772 2376 4825 in
2405 4788 2513 4834 me,
2548 4787 2649 4823 non
2676 4768 2924 4823 morietur
2951 4766 3004 4820 in
3035 4774 3277 4820 wtcrnum
3304 4760 3488 4831 (Joan.

1885 4869 1970 4923 11.
2006 4868 2123 4936 26).
2153 4864 2291 4931 Quid
2323 4873 2427 4929 cst,
2462 4862 2527 4916 Et
2556 4863 2721 4915 onmis
2751 4858 3106 4913 controversiae
3133 4856 3248 4919 finis
3276 4854 3327 4906 in
3359 4868 3485 4906 con.

1885 4962 2226 5031 ﬁrmationem
2256 4968 2326 5013 est
2351 4955 2742 5028 juramentum?
2780 4954 2836 5009 Id
2872 4962 2955 5008 est
2986 4970 2997 5004 :
3029 4966 3095 5006 ex
3128 4949 3232 5004 hoc
3261 4947 3492 5003 solvitur

1885 5057 2061 5110 ()lllltiS
2091 5052 2481 5109 controversiae
2510 5050 2775 5105 dubitatio
2810 5066 2822 5102 :
2856 5062 2963 5102 non
2992 5044 3174 5115 hujus,
3202 5051 3296 5097 aut
3324 5041 3491 5105 illius,

1888 5148 1982 5204 sed
2013 5148 2213 5202 omnis.
2247 5148 2420 5215 Atque
2449 5143 2731 5215 oportebat
2760 5140 2980 5211 quidem
3008 5140 3171 5193 etiam
3198 5137 3316 5190 sine
3343 5135 3495 5203 jura-

1890 5252 2072 5297 meuto
2119 5241 2227 5293 Deo
2272 5238 2517 5291 credere.
2548 5236 2635 5289 17.
2682 5233 2746 5287 In
2774 5250 2894 5298 quo,
2927 5229 3117 5301 inquit,
3150 5228 3498 5283 abundantius

1890 5339 2060 5391 volens
2090 5333 2229 5387 Deus
2257 5330 2520 5385 ostendere
2550 5326 2936 5398 pollicitationis
2966 5324 3234 5379 heredibus
3261 5321 3494 5373 itninobi-

1894 5432 2087 5485 litatem
2110 5427 2311 5481 consilii
2341 5425 2441 5490 sui,
2472 5422 2773 5490 interposuit
2796 5419 3189 5491 jusjurandum.
3224 5414 3321 5469 llic
3349 5430 3497 5470 Cotu-

1893 5521 2181 5594 prehendit
2200 5520 2360 5575 etiam
2391 5516 2596 5572 lideles.
2626 5516 2915 5583 Propterea
2944 5511 3188 5567 meminit
3210 5510 3371 5566 etiam
3401 5507 3505 5561 hu-

1893 5617 1979 5688 jus
2025 5611 2419 5684 promissionis,
2450 5626 2569 5678 qua:
2613 5607 2759 5678 prior
2807 5606 2944 5662 facta
2992 5615 3075 5660 est
3118 5602 3500 5661 communiter.

1976 5709 1987 5742 ¹
2024 5708 2112 5758 ilic
2138 5710 2305 5767 incipit
2331 5700 2525 5753 llL'lllliid
2550 5698 2809 5749 uudctuna
2836 5710 2881 5744 tu
2909 5692 3041 5741 tiollr
