4060 6396
621 200 682 256 9³
1313 225 1367 277 S.
1411 222 1686 280 JO.\N.\'IS
1714 218 2180 278 ειιιιγδοδτυιιι

614 332 946 399 fnterpasuit,
980 330 1170 400 inquit,
1194 332 1576 401 Jusjurandum.
1612 331 1706 386 Hic
1736 347 1919 387 rursus
1943 332 2068 385 dicit
2098 332 2175 385 Fi-

612 421 735 474 lium
770 420 935 476 fuisse
976 422 1420 486 intercessorem,
1463 421 1602 476 inter
1643 421 1884 475 homines
1913 432 1958 475 et
1995 422 2178 475 Deum.

610 512 696 565 i8.
735 511 802 565 Ut
832 528 921 579 per
943 514 1072 566 duas
1110 528 1187 565 res
1221 511 1517 576 inunobites,
1552 513 1728 581 quibus
1764 513 2071 583 impossibile
2109 523 2181 566 est

608 605 807 657 mentiri
838 603 1019 658 Deum.
1054 603 1153 658 Per
1179 618 1435 670 quaSuam
1465 604 1591 659 res?
1636 604 1735 658 [’er
1762 603 1861 659 hoc
1883 608 2019 674 quod
2048 607 2180 663 dixit

606 712 666 748 ae
697 696 957 766 promisit,
979 705 1033 748 et
1059 710 1154 764 per
1181 694 1285 751 hoc
1309 696 1450 765 quod
1479 695 1814 766 promissioni
1843 697 2037 766 adjecit
2063 698 2175 767 jus—

607 787 906 853 juratuiuttt.
947 786 1076 840 Nam
1120 788 1372 856 quoniam
1396 788 1535 856 apud
1566 786 1809 843 homines
1836 787 1940 843 hoc
1967 787 2174 843 videtnr

603 892 723 932 esse
776 876 1112 942 credibilius,
1164 894 1394 948 nempe,
1445 879 1847 950 juramentum,
1899 892 2176 951 propterea

604 970 775 1035 ipsum
805 983 1018 1037 quoque
1047 969 1269 1024 addidit.

673 1052 728 1104 9.
766 1051 922 1105 Vides
948 1051 1091 1119 quod
1135 1064 1237 1104 ιιοιι
1269 1064 1418 1103 suam
1457 1056 1663 1116 spectet
1691 1046 2041 1116 dignitatem,
2084 1048 2177 1108 scd

608 1140 873 1211 quomodo
904 1140 1209 1194 hominibus
1238 1137 1586 1207 persuadeat,
1638 1146 1695 1193 et
1740 1137 1808 1191 de
1855 1152 1917 1190 se
1964 1136 2178 1205 indigna

606 1233 708 1286 tlici
737 1232 985 1295 sustinet,
1027 1240 1082 1283 ut
1111 1229 1201 1297 qui
1236 1230 1362 1282 velit
1410 1228 1621 1297 plenam
1654 1236 1709 1280 et
1753 1236 1955 1280 certam
1986 1225 2179 1280 ati'erre

603 1321 1011 1391 probationem?
1044 1321 1111 1373 Et
1152 1321 1203 1372 in
1247 1319 1552 1373 Abrahamo
1592 1317 1809 1387 quidem
1837 1318 2071 1371 ostendit
2094 1310 2180 1370 to-

602 1429 713 1469 tmn
736 1430 858 1469 esse
889 1414 1019 1477 Dei,
1050 1430 1155 1467 non
1185 1413 1329 1466 illius
1358 1412 1625 1468 diuturna:
1656 1413 1928 1481 patientia:
1950 1453 1964 1476 ,
2014 1411 2181 1479 siqui-

600 1505 722 1557 dem
773 1504 1026 1558 sustinuit
1075 1504 1232 1557 etiam
1285 1502 1486 1557 addere
1532 1501 1933 1571 juramentum;
1990 1503 2031 1554 si
2087 1516 2179 1569 per

596 1611 755 1661 quem
781 1594 961 1664 jnrant
993 1593 1259 1655 homines,
1296 1592 1438 1649 Deus
1469 1607 1681 1663 quoque
1708 1607 1803 1661 per
1839 1592 2175 1663 ipsumjnra-

598 1689 694 1751 vit,
728 1702 922 1757 nempe
964 1701 1055 1755 per
1102 1686 1360 1755 seipsum.
1404 1685 1509 1741 Sed
1542 1687 1614 1740 illi
1646 1686 1859 1757 quidem
1908 1694 2176 1756 nunquam

600 1794 694 1845 per
725 1777 1001 1846 majorem,
1051 1778 1137 1831 hic
1181 1786 1356 1830 autem
1408 1792 1510 1829 non
1563 1790 1831 1846 tamquam
1865 1792 1958 1845 per
2012 1777 2178 1844 majo~

602 1886 711 1923 rem
743 1889 755 1922 ;
787 1878 840 1923 et
888 1880 1064 1922 tamen
1121 1868 1263 1921 fecit.
1306 1867 1420 1922 Non
1472 1876 1595 1921 sunt
1646 1867 1788 1941 enim
1834 1866 2020 1937 paria,
2082 1867 2176 1920 ho-

598 1963 793 2013 minem
826 1976 919 2029 per
942 1977 1001 2014 se
1018 1961 1220 2027 jurare,
1249 1971 1301 2013 et
1333 1959 1497 2014 Deum
1526 1977 1538 2014 :
1570 1960 1731 2013 homo
1760 1961 1902 2015 enim
1944 1976 2048 2013 non
2081 1959 2175 2016 ha-

600 2056 687 2106 bet
730 2055 812 2105 sui
874 2062 1214 2119 potestatem.
1276 2052 1437 2108 Vides
1486 2052 1627 2122 Quod
1679 2052 1783 2110 hoc
1838 2069 1945 2109 non
2005 2055 2172 2124 magis

598 2149 824 2200 Abrahae
850 2146 1049 2200 dictum
1077 2147 1141 2199 sit
1167 2161 1328 2215 quam
1352 2146 1548 2200 nobis?
1575 2145 1948 2210 Fortissimum,
1977 2146 2169 2215 inquit,

597 2236 836 2290 solatium
863 2236 1137 2288 habeamus
1178 2236 1264 2303 qui
1289 2236 1612 2306 confugimus
1648 2236 1716 2289 ad
1742 2237 2009 2290 (attendam
2054 2253 2174 2305 pro-

596 2329 816 2394 positam
844 2343 1007 2398 spem.
1038 2326 1134 2381 llic
1162 2342 1373 2395 quoque
1401 2341 1588 2381 rursus
1616 2329 1771 2398 longa
1802 2343 1932 2384 usus
1961 2327 2170 2395 patiens

596 2418 687 2476 tia,
719 2425 1037 2485 asscquutus
1070 2425 1155 2470 est
1189 2416 1621 2485 promissionem.
1656 2416 1806 2469 Nunc
1827 2455 1843 2481 ,
1878 2416 2086 2486 inquit,
2115 2426 2172 2473 et

594 2521 699 2559 non
745 2505 881 2559 dixit
910 2524 923 2560 :
952 2506 1217 2574 Quoniam
1256 2507 1475 2574 juravit.
1520 2505 1662 2574 Quid
1693 2506 1761 2560 sit
1803 2514 1982 2561 autem
2023 2506 2171 2577 jum-

594 2607 853 2663 nientmn,
880 2599 1136 2664 Ostendit,
1166 2599 1352 2653 dicens
1372 2639 1385 2663 ,
1410 2597 1602 2657 .lurare
1629 2613 1729 2671 per
1756 2598 2036 2668 majorem.
2063 2598 2171 2655 Sed
2212 2636 2213 2639 η

592 2690 843 2756 quoniam
868 2699 952 2745 est
978 2689 1305 2747 iucredulum
1335 2703 1506 2759 genus
1534 2689 1830 2753 hominum,
1857 2689 1925 2743 ad
1952 2688 2166 2755 eadem,

590 2780 656 2832 ad
677 2795 795 2849 qua:
819 2796 934 2844 nos,
963 2797 1023 2835 se
1053 2781 1290 2835 dimittit.
1314 2782 1464 2837 Sicut
1490 2796 1619 2851 ergo
1638 2781 1784 2849 jurat
1811 2790 2027 2850 propter
2048 2797 2166 2847 nos,

592 2873 803 2925 etiamsi
845 2872 939 2927 illo
984 2875 1054 2927 sit
1085 2875 1359 2944 indignum
1402 2875 1543 2944 quod
1594 2889 1699 2927 non
1740 2874 1993 2929 credatur
2033 2892 2048 2928 :
2096 2877 2167 2931 ita

592 2966 752 3017 itiam
780 2964 981 3020 dictum
1023 2976 1103 3021 est
1145 2966 1308 3028 illud,
1346 2965 1538 3018 Didicit
1566 2982 1629 3018 ea:
1661 2966 1722 3019 iis
1745 2981 1857 3032 quin
1891 2982 2068 3034 passus
2096 2977 2168 3020 est

594 3055 779 3119 (Hebr.
804 3054 858 3109 5.
886 3056 943 3123 8)
978 3074 990 3108 :
1020 3057 1271 3124 quoniam
1299 3057 1605 3116 existimant
1632 3056 1876 3111 homines
1912 3056 2016 3111 hoc
2048 3073 2169 3113 esse

592 3148 759 3215 magis
788 3148 887 3199 fide
915 3148 1131 3216 dignum
1155 3190 1168 3209 ,
1208 3149 1419 3217 assequi
1463 3163 1556 3215 per
1596 3148 2002 3217 experientiam.
2031 3149 2165 3213 Quid

591 3248 692 3301 est,
733 3236 1055 3303 Ptolrositum
1087 3255 1226 3305 spem
1249 3238 1275 3290 .9
1300 3237 1376 3291 Ex
1410 3238 1491 3290 his
1515 3278 1531 3303 ,
1560 3238 1731 3305 inquit
1756 3278 1769 3302 ,
1801 3237 1972 3292 futura
2002 3238 2167 3305 ctmji-

590 3328 797 3380 cimus:
831 3346 949 3380 nam
978 3330 1019 3379 si
1052 3330 1164 3383 haec
1191 3338 1311 3395 post
1353 3338 1556 3381 tantum
1599 3337 1808 3395 tempus
1847 3338 2161 3392 evenerunt,

591 3437 809 3473 nttt'nno
850 3422 934 3474 illa
963 3436 1191 3489 quoque.
1236 3421 1593 3485 Quamobrem
1632 3437 1749 3488 qua?
1786 3420 1921 3473 facta
1952 3419 2164 3474 fuerunt

586 3508 836 3571 Abrahae,
870 3511 1020 3564 nobis
1046 3525 1257 3579 quoque
1281 3509 1436 3565 ﬁdem
1469 3511 1668 3565 faciunt
1696 3511 1761 3565 de
1790 3511 2003 3565 futuris.
2029 3514 2045 3543 ¹
2078 3512 2159 3566 l9.

590 3603 753 3665 Quam
774 3604 900 3655 sicut
928 3620 1165 3657 ancoram
1195 3603 1433 3656 habemus
1461 3605 1644 3657 anima
1666 3613 1821 3655 tutam
1853 3621 1912 3656 ac
1939 3604 2156 3671 ﬁrmam,

588 3704 633 3745 et
664 3694 971 3747 incedentem
1012 3708 1168 3764 usque
1212 3696 1279 3763 qd
1324 3695 1567 3748 interiora
1611 3696 1871 3749 oetaminis
1902 3710 1920 3748 :
1947 3694 2036 3749 20.
2081 3695 2161 3748 ubi

589 3801 871 3853 prtecursor
895 3804 988 3857 pro
1016 3787 1156 3841 nobis
1183 3788 1402 3840 introivit
1426 3786 1595 3850 Jesus,
1629 3790 1903 3840 secundum
1934 3788 2158 3841 ordinem

588 3878 956 3933 Melchisedech
985 3882 1210 3951 pontifex
1240 3881 1405 3944 factus
1440 3881 1490 3932 in
1528 3890 1789 3933 (sternunt.
1823 3882 1954 3933 Cum
1986 3880 2159 3934 adhuc

588 3972 756 4026 simus
806 3975 856 4025 in
904 3974 1124 4039 mundo,
1154 3984 1209 4027 et
1254 3988 1287 4027 ο
1329 3974 1433 4025 vita
1468 3972 1704 4027 nondum
1748 3976 2155 4034 excesserimus,

589 4064 821 4118 ostendit
845 4064 953 4133 jam
986 4080 1105 4119 esse
1148 4065 1200 4117 in
1231 4064 1509 4132 promissis
1542 4080 1557 4116 ι
1592 4079 1711 4117 nam
1742 4073 1837 4131 per
1874 4078 2023 4131 spem
2052 4065 2159 4131 jam

588 4170 771 4208 smnus
816 4156 867 4209 in
916 4156 1082 4209 cretis.
1128 4155 1481 4223 Exspectate,
1534 4154 1736 4223 inquit;
1781 4155 1996 4207 onmino
2020 4156 2157 4207 enim

587 4248 705 4299 erit.
746 4247 943 4300 Deinde
976 4248 1186 4315 plenam
1218 4245 1448 4300 efferens
1501 4247 1896 4313 persuasionem
1926 4287 1939 4308 ,
1984 4244 2113 4297 dicit
2147 4262 2157 4297 :

585 4338 747 4407 Magis
776 4350 952 4393 autem
986 4355 1079 4407 spe
1105 4339 1215 4405 jam
1243 4338 1557 4406 consequuti
1587 4338 1737 4389 estis.
1780 4338 1841 4389 lit
1872 4352 1973 4388 non
2005 4336 2158 4402 dixit,

587 4431 784 4482 Sumus
815 4430 992 4491 intus;
1025 4430 1140 4489 sed,
1179 4429 1291 4495 Ipsa
1338 4441 1419 4481 est
1463 4429 1695 4493 ingressa
1731 4445 1742 4479 :
1775 4428 1915 4495 quod
1948 4428 2159 4495 quidem

585 4528 700 4573 erat
729 4520 906 4573 verius
952 4530 1005 4573 et
1046 4520 1395 4587 probabilius.
1446 4519 1591 4573 Sicut
1638 4520 1777 4571 enim
1818 4534 2011 4573 ancora
2043 4521 2160 4573 nari

585 4626 819 4680 appensa
847 4653 858 4674 ,
894 4626 999 4664 non
1034 4611 1162 4663 sinit
1206 4625 1324 4663 eam
1368 4607 1702 4662 circumferri
1732 4650 1745 4668 ,
1792 4609 1997 4662 etiamsi
2042 4624 2157 4662 eam

588 4705 727 4757 venti
758 4704 1001 4773 quatiant
1045 4701 1463 4756 inntnuerabiles
1489 4743 1502 4763 ,
1543 4700 1633 4753 sed
1677 4715 1910 4769 appensa
1956 4701 2159 4753 firmam

585 4797 761 4851 reddit
784 4806 838 4852 et
867 4796 1113 4852 stabilem
1149 4814 1159 4847 :
1195 4795 1261 4847 ita
1286 4795 1443 4845 etiam
1476 4808 1617 4862 Spes.
1658 4794 1785 4847 \‘ide
1807 4803 1982 4848 autem
2006 4810 2159 4863 quam

585 4889 739 4943 valde
774 4896 1157 4958 congruentem
1205 4885 1467 4938 invenerit
1506 4885 1790 4953 imaginem
1838 4902 1849 4937 :
1886 4899 1990 4939 ιιοιι
2020 4888 2159 4940 cnim

588 4982 717 5035 dicit
740 4981 1165 5039 futidamentum.
1192 4978 1331 5046 quod
1361 4979 1737 5045 diserepassct,
1766 4978 1858 5031 sed
1888 4993 2157 5031 ancoram.

587 5073 720 5126 Nam
747 5072 886 5139 quod
927 5081 1009 5125 est
1056 5076 1108 5123 in
1147 5069 1305 5123 ﬂuctu
1356 5070 1535 5131 maris,
1570 5078 1623 5121 et
1664 5085 1767 5122 non
1810 5069 2021 5124 videtur
2046 5084 2163 5126 esse

588 5162 873 5215 admodum
910 5161 1117 5213 iirnium
1150 5169 1202 5214 et
1231 5161 1420 5213 stabile
1440 5200 1453 5221 ,
1488 5168 1592 5212 stat
1619 5175 1781 5227 super
1808 5176 1995 5231 aquam
2034 5169 2163 5213 tam-

586 5270 744 5322 quam
776 5268 933 5319 supra
968 5260 1199 5314 terrain,
1245 5251 1570 5319 labascitquc
1620 5262 1673 5303 et
1724 5268 1825 5303 non
1862 5252 2075 5306 labascit
2116 5253 2157 5308 ³.

645 5393 658 5419 ί
690 5389 807 5445 Quae
831 5390 1109 5446 sequuntur
1127 5392 1283 5446 usque
1304 5379 1366 5446 ad
1386 5392 1641 5426 munerum
1666 5378 1696 5425 4
1718 5379 1894 5446 desunt
1921 5380 1969 5446 in
1990 5380 2125 5446 Cle.

645 5453 663 5481 ι
695 5440 743 5496 ᾗ,
779 5448 888 5510 Mss.
908 5440 1051 5507 'apurl
1078 5440 1232 5510 δίη-ιι.
1275 5440 1449 5500 legitur
1477 5456 1486 5487 :
1518 5450 1632 5489 Nam
1658 5442 1783 5502 quod
1824 5449 1891 5510 est
1927 5442 1973 5489 in
2012 5441 2155 5510 [luctu

584 5510 730 5559 muris
768 5516 811 5559 et
845 5507 893 5555 in
935 5506 1116 5565 liquido
1150 5509 1375 5567 elemento
1400 5516 1491 5549 nun
1525 5510 1671 5567 noted
1706 5506 1893 5567 tnuti
1935 5506 2154 5567 stabiliri,

583 5586 669 5623 uec
695 5580 819 5618 mw
846 5569 1041 5625 perinde
1066 5582 1121 5615 nc
1148 5564 1184 5614 si
1212 5564 1256 5612 in
1282 5572 1339 5613 te:
1359 5578 1409 5611 ru
1434 5571 1579 5623 esset,
1616 5564 1702 5626 ξιιμ·
1721 5564 1850 5613 idem
1887 5565 2081 5615 Labascit
2116 5572 2160 5615 et

582 5650 671 5688 non
700 5633 911 5681 libauit.

2232 218 2546 275 ARCIIIEP.
2586 220 3118 276 CONSTANTINOP.
3803 222 3867 274 9‘

2281 332 2412 387 Nam
2468 333 2518 385 in
2566 332 2629 385 iis
2680 332 2896 402 quidem
2954 335 3043 403 qui
3098 345 3223 393 sunt
3282 336 3433 393 valde
3488 339 3630 393 firmi
3687 339 3865 393 solidi-

2278 438 2383 493 que
2413 434 2469 479 et
2511 424 2843 495 philosophi,
2896 426 3023 481 illud
3066 440 3428 487 consentanee
3486 435 3670 501 posuit
3710 436 3862 488 Chri-

2290 532 2443 583 stus,
2499 518 2684 574 dicens
2736 534 2751 571 :
2802 518 2900 584 Qui
2938 518 3212 585 tediﬁcavit
3263 519 3469 571 domum
3520 536 3671 573 suam
3717 537 3870 575 suum

2290 626 2481 683 petram
2528 612 2547 682 (
2573 610 2761 669 Matth.
2793 611 2847 665 7.
2877 609 2990 679 24)
3020 626 3035 662 :
3070 611 3122 665 in
3170 611 3235 665 iis
3280 619 3457 665 autem
3497 612 3586 681 qui
3615 620 3750 666 sunt
3777 611 3869 666 de-

2290 707 2447 770 fessi,
2497 712 2553 761 et
2588 705 2787 760 debent
2832 718 2928 773 Spe
2954 703 3193 773 portari,
3234 704 3620 760 convenienter
3649 703 3755 759 hoc
3786 719 3871 772 po-

2287 801 2392 855 suit
2422 798 2636 853 Paulus.
2659 796 2791 852 Nam
2820 797 3012 852 fluctus
3038 794 3257 866 quidem
3286 806 3341 851 et
3367 813 3554 868 magna
3578 808 3872 867 tempestas

2286 890 2536 959 scapham
2567 888 2740 958 quatit
2769 906 2781 942 :
2816 902 2940 957 spes
2969 898 3149 941 autem
3186 903 3291 941 non
3342 889 3470 943 sinit
3510 886 3870 952 circumferri,

2284 982 2491 1037 etiamsi
2519 996 2635 1035 eam
2660 983 2799 1034 venti
2822 980 3022 1049 agitent
3045 980 3482 1035 innumerabiles.
3508 982 3871 1049 Quamobrem

2279 1074 2325 1126 si
2354 1087 2469 1127 eam
2500 1087 2602 1125 non
2627 1071 3017 1134 habuissemus,
3039 1072 3148 1139 jam
3178 1071 3305 1125 olitn
3333 1086 3583 1127 essemus
3608 1072 3867 1127 demersi.

2282 1163 2400 1219 Non
2431 1164 2604 1218 solum
2647 1172 2824 1216 autem
2870 1163 2922 1215 in
2953 1162 3320 1230 Spiritualibus
3346 1203 3362 1228 ,
3404 1163 3501 1218 sed
3528 1165 3699 1217 etiam
3732 1164 3783 1217 in
3810 1163 3871 1218 iis

2280 1269 2401 1325 qua
2429 1254 2495 1307 ad
2524 1253 2660 1308 hanc
2691 1253 2851 1305 vitam
2883 1253 3155 1322 pertinent
3180 1294 3194 1317 ,
3228 1266 3475 1322 magnam
3503 1254 3625 1323 ejus
3651 1255 3763 1308 vim
3790 1254 3869 1308 in-

2280 1346 2493 1401 veneris
2517 1386 2531 1409 ,
2582 1344 2635 1398 in
2685 1353 2983 1398 mercatura
3005 1384 3021 1408 ,
3051 1344 3106 1398 lu
3146 1345 3507 1413 agricultura,
3544 1345 3598 1397 in
3636 1344 3824 1398 militia
3854 1363 3869 1403 ς

2280 1438 2380 1493 nisi
2409 1437 2553 1492 enim
2582 1435 2845 1505 quispiam
2885 1449 3004 1488 eam
3032 1436 3214 1489 statim
3249 1436 3350 1489 sibi
3382 1436 3738 1505 pneposuerit
3759 1477 3774 1499 ,
3805 1450 3871 1490 uo

2276 1541 2412 1601 Opus
2439 1526 2653 1597 quidem
2680 1524 2936 1595 attigerit.
2979 1530 3248 1580 Ancoram
3276 1535 3456 1581 autem
3485 1541 3593 1581 non
3622 1526 3764 1581 dixit
3787 1528 3870 1581 ah-

2277 1622 2473 1687 solute,
2502 1618 2596 1675 sed
2625 1617 2829 1672 [inuam
2868 1625 2924 1671 et
2952 1618 3221 1683 stabilem,
3253 1628 3311 1672 ut
3334 1619 3585 1674 ostendat
3615 1620 3738 1689 eius
3776 1620 3867 1675 tir-

2276 1713 2511 1767 mitatem
2546 1711 2611 1765 iis
2631 1709 2719 1781 qui
2750 1710 2837 1764 ilia
2864 1708 3157 1763 fulciuutnr
3182 1710 3248 1763 ad
3276 1711 3505 1765 salutem
3535 1728 3548 1763 :
3577 1711 3707 1767 ideo
3736 1712 3865 1766 sub-

2276 1803 2465 1873 iungit,
2496 1802 2622 1867 Qua
2649 1801 2935 1871 ingreditur
2969 1800 3021 1853 in
3050 1800 3296 1854 interiora
3335 1800 3600 1855 salaminis
3618 1820 3639 1867 ;
3679 1802 3731 1857 id
3761 1812 3864 1866 est,

2274 1910 2392 1965 qua!
2417 1892 2659 1963 pervadit
2682 1906 2850 1963 usque
2877 1892 2943 1946 ad
2970 1892 3185 1946 czclum.
3219 1892 3419 1948 Deinde
3458 1892 3622 1948 fidem
3649 1910 3867 1968 quoque

2272 1986 2565 2056 subjunxit,
2595 1995 2651 2039 ut
2692 2001 2797 2039 non
2841 1984 3019 2038 solum
3063 1984 3134 2037 sit
3161 1998 3322 2053 spes,
3369 1984 3465 2039 sed
3508 1987 3674 2039 etiam
3716 1986 3867 2040 valde

2272 2076 2569 2133 vcra.Nam
2591 2085 2712 2147 post
2749 2074 3121 2145 jusjurandum
3170 2076 3318 2143 ponit
3354 2077 3515 2130 etiam
3561 2078 3746 2141 aliam,
3775 2093 3867 2147 per

2271 2185 2361 2227 res
2382 2173 2521 2243 ipsas
2533 2169 3071 2234 demonstrationem,
3092 2184 3283 2238 nempe
3294 2169 3435 2237 quod
3452 2168 3759 2225 Priccursor
3774 2187 3867 2239 pro

2269 2260 3180 2319 nobisintroivitlcsus.Pra'cursor
3221 2271 3399 2315 autem
3431 2269 3516 2316 est
3554 2261 3864 2332 aliquorum

2270 2370 2590 2427 praacursor,
2616 2356 2753 2409 sicut
2778 2354 3011 2407 Joannes
3028 2352 3248 2407 Christi.
3274 2352 3339 2409 Et
3370 2370 3477 2407 non
3506 2354 3638 2408 dixit
3658 2356 3860 2421 solum,

2269 2440 2530 2511 Introivit,
2583 2444 2702 2510 sed,
2760 2443 2857 2498 Ubi
2905 2460 3195 2512 pra'cursor
3247 2460 3341 2512 pro
3403 2446 3548 2499 uobis
3593 2447 3862 2511 introivit,-

2270 2545 2454 2606 utpote
2483 2551 2604 2590 cum
2624 2550 2722 2589 nos
2747 2550 2959 2604 quoque
2989 2535 3284 2589 debeamus
3311 2550 3376 2589 co
3403 2538 3709 2605 pervenire.
3746 2538 3860 2593 Non

2272 2638 2352 2684 ea
2382 2628 2525 2683 enim
2551 2627 2773 2680 multum
2808 2626 3156 2680 interstititnn
3189 2627 3328 2682 inter
3365 2623 3760 2697 praecursorem
3806 2640 3862 2685 et

2270 2736 2367 2777 eos
2422 2723 2511 2790 qui
2561 2728 2902 2790 sequuntur:
2937 2735 3061 2772 nam
3117 2720 3316 2789 alioqui
3366 2735 3474 2775 non
3514 2732 3660 2775 esset
3719 2739 3860 2791 pne.

2272 2828 2485 2871 cursor.
2519 2812 2912 2865 Pra'cursorem
2961 2811 3103 2864 enim
3156 2822 3205 2865 et
3252 2826 3346 2865 eos
3394 2812 3483 2879 qui
3515 2824 3859 2881 sequuntur,

2265 2914 2478 2973 oportet
2505 2917 2624 2957 esse
2654 2904 2704 2955 in
2725 2902 2910 2955 eadem
2940 2904 3021 2954 via
3046 2919 3061 2967 ;
3095 2902 3239 2955 illum
3269 2904 3404 2955 viam
3431 2903 3736 2972 ingrcdi,es
3762 2904 3862 2959 hos

2267 2992 2544 3062 consequi.
2596 2992 2887 3046 Secundum
2930 2992 3160 3045 ordinent
3212 2991 3581 3047 Mclchisedech
3626 2998 3861 3064 pontifex

2268 3087 2318 3139 iu
2368 3096 2609 3139 internum
2656 3085 2841 3153 factus.
2899 3085 3038 3138 Ecce
3098 3085 3198 3140 alia
3252 3102 3465 3155 quoque
3518 3090 3859 3154 εοιιειιιςιιὶο,

2266 3182 2310 3234 si
2358 3180 2569 3248 quidem
2615 3193 2772 3245 supra
2819 3188 2898 3230 est
2927 3189 3113 3232 noster
3147 3179 3383 3246 pontifex
3410 3222 3423 3242 ,
3458 3191 3510 3234 et
3543 3182 3711 3234 multo
3740 3199 3857 3238 me-

2266 3274 2366 3327 lior
2396 3272 2456 3322 iis
2485 3273 2569 3338 qui
2603 3270 2884 3337 suntapud
2916 3269 3152 3329 Jttda'os.
3188 3289 3289 3323 ιιιιιι
3323 3274 3492 3325 solum
3537 3277 3716 3331 modo,
3764 3276 3855 3329 sed

2263 3356 2422 3409 etiam
2454 3356 2612 3422 loco,
2676 3358 3057 3425 tabernaculo,
3112 3367 3433 3413 testamento
3482 3366 3535 3411 et
3598 3372 3855 3426 persona.

2264 3445 2467 3502 Dictum
2500 3458 2583 3505 est
2609 3461 2786 3505 autem
2836 3452 2905 3508 de
2952 3468 3017 3505 eo
3058 3453 3200 3522 quod
3247 3463 3330 3506 est
3378 3451 3676 3507 secundum
3737 3466 3860 3506 car-

2264 3553 2403 3592 "CIII.

2335 3629 2388 3682 5.
2413 3629 2633 3698 Oportet
2669 3647 2797 3701 ergo
2835 3641 2888 3686 et
2916 3648 3009 3687 eos
3038 3650 3261 3703 quorum
3294 3645 3376 3689 cst
3418 3633 3672 3691 sacerdos
3698 3633 3862 3702 longe

2263 3733 2385 3774 esse
2456 3722 2745 3787 meliores;
2807 3732 2860 3777 et
2925 3736 3184 3793 quantum
3260 3727 3399 3779 inter
3471 3729 3863 3781 Aaronem-ct

2263 3812 2531 3866 Christum
2589 3814 2848 3877 interest,
2904 3825 3108 3869 tantum
3162 3818 3425 3871 interesse
3473 3818 3611 3873 inter
3654 3834 3759 3873 tius
3807 3830 3863 3873 ct

2264 3904 2499 3960 Jud:eos.
2538 3907 2673 3960 Ecce
2700 3909 2841 3961 enim
2888 3909 2937 3962 in
3000 3911 3209 3977 Sttpt‘l‘is
3244 3910 3504 3964 habenms
3536 3910 3851 3974 victimam,

2266 3998 2319 4052 in
2345 3998 2551 4066 superis
2591 4001 2968 4068 sacerdotem,
3028 4003 3077 4055 in
3119 4004 3328 4072 superis
3370 4004 3718 4059 sacrificium.
3755 4006 3861 4060 Eas

2270 4104 2398 4157 ergo
2447 4090 2738 4143 offeramus
2791 4092 2992 4145 hostias
3022 4109 3141 4163 quae
3190 4094 3240 4146 in
3272 4095 3359 4149 illa
3393 4111 3483 4149 ara
3526 4097 3734 4163 possint
3780 4098 3864 4150 of-

2271 4178 2438 4233 ferri:
2486 4199 2591 4235 non
2640 4186 2867 4250 amplius
2924 4202 3052 4238 ores
3108 4196 3163 4239 et
3219 4186 3422 4251 boves,
3471 4203 3577 4241 non
3620 4191 3862 4257 amplius

2275 4273 2585 4340 sanguinem
2618 4283 2668 4326 et
2700 4276 2940 4328 nidorem
2974 4295 2985 4329 :
3019 4277 3130 4330 lizrc
3158 4280 3335 4330 omnia
3387 4289 3509 4332 sunt
3537 4280 3771 4345 abolita,
3810 4294 3867 4335 et

2272 4376 2366 4428 pro
2414 4364 2493 4416 eis
2524 4374 2603 4416 est
2650 4366 2986 4419 introductus
3029 4367 3206 4425 cultus
3256 4369 3548 4423 rationalis.
3588 4370 3726 4438 Quid
3779 4384 3868 4426 est

2268 4465 2445 4508 autem
2476 4457 2651 4510 cultus
2694 4460 2969 4510 rationalis
2995 4464 3016 4510 ’ἰ
3067 4460 3198 4525 Qua:
3233 4476 3326 4528 per
3357 4462 3590 4517 animam
3622 4462 3863 4519 offerun-

2272 4557 2375 4611 tur,
2405 4564 2522 4618 qua:
2572 4565 2664 4616 per
2695 4550 2940 4617 spiritum
2976 4552 3266 4619 (Spiritus,
3317 4554 3506 4622 inquit.
3571 4566 3641 4607 est
3688 4556 3868 4619 Deus;

2270 4650 2316 4693 et
2347 4656 2428 4691 eos
2451 4641 2533 4708 qui
2566 4643 2729 4708 ipsum
2756 4648 2973 4695 tutormit
3001 4686 3013 4708 ,
3048 4646 3098 4695 in
3131 4646 3313 4712 spiritu
3362 4656 3405 4698 et
3433 4650 3642 4699 veritate
3667 4662 3869 4717 oportet

2271 4732 2485 4785 adorare
2515 4730 2691 4801 [.lomt.
2723 4739 2773 4785 4.
2800 4733 2937 4803 ειη),
2956 4752 3072 4803 qua:
3104 4752 3208 4788 ιι·)ιι
3238 4754 3370 4805 opus
3394 4738 3591 4800 habent
3614 4755 3868 4810 corpore,

2272 4838 2375 4876 ιιοιι
2420 4840 2551 4891 opus
2584 4824 2778 4876 habent
2827 4826 3216 4892 instrumentis,
3251 4845 3355 4881 non
3383 4828 3515 4882 locis
3549 4848 3561 4882 :
3597 4830 3710 4885 haec
3739 4848 3871 4887 vero

2272 4923 2395 4967 sunt
2430 4915 2713 4976 tuodcsliu,
2752 4920 3123 4983 temperantia,
3155 4921 3524 4991 clcemosyaa,
3555 4923 3869 4994 tolerantia,

2274 5006 2497 5065 leuitas.
2553 5016 2606 5058 et
2648 5006 2924 5073 patientia.
2983 5008 3108 5061 llrac
3152 5013 3414 5066 sacriﬁcia
3459 5013 3661 5069 videris
3703 5018 3870 5071 etiam

2273 5096 2453 5151 multis
2494 5109 2635 5151 rclro
2668 5102 2876 5152 sazcnlis
2908 5103 3271 5170 pririigurata.
3323 5105 3626 5173 Sacriﬁcate
3654 5147 3668 5171 ,
3697 5108 3871 5178 inquit

2278 5188 2464 5254 David,
2492 5188 2592 5242 Deo
2624 5192 2929 5258 sacri/icium
2952 5196 3169 5264 justit-iu:
3196 5213 3212 5249 :
3238 5207 3289 5250 et
3321 5212 3529 5262 rursus,
3550 5198 3873 5265 Sacri/scribo

2276 5280 2361 5332 tibi
2388 5282 2694 5347 sacri/icium
2748 5284 2954 5348 laudis;
2987 5294 3061 5349 cl,
3098 5286 3425 5354 Sacri/icium
3474 5289 3639 5342 (nudis
3667 5291 3872 5359 glori]?-

2277 5376 2408 5429 cabit
2482 5392 2595 5439 me;
2649 5387 2742 5440 et,
2794 5376 3119 5443 Sacri/icium
3180 5378 3288 5431 Deo
3362 5381 3571 5449 spirims
3624 5384 3873 5439 contritus

2280 5465 2462 5533 (Psat.
2494 5466 2545 5519 4.
2602 5469 2655 5520 li.
2700 5479 2744 5519 ct
2779 5469 2897 5521 115.
2936 5471 3020 5521 i7.
3056 5479 3100 5520 et
3152 5470 3240 5525 i9.
3269 5470 3339 5524 ‘23
3383 5481 3427 5523 et
3469 5473 3558 5525 δυ.
3617 5472 3747 5541 i9):
3781 5486 3870 5538 et,

2282 5559 2417 5624 Quid
2466 5576 2494 5607 rt
2549 5570 2594 5610 te
2639 5562 2844 5629 requirit
2906 5560 3154 5613 Dominus
3206 5564 3305 5615 nisi
3368 5577 3417 5615 nt
3472 5566 3639 5632 ipsum
3689 5569 3873 5621 studius

2286 5649 2466 5715 (Mitti.
2499 5656 2547 5704 b.
2583 5654 2677 5719 8}?
2724 5651 3031 5705 ltelacctustu
3060 5664 3101 5705 et
3131 5672 3221 5722 pro
3261 5668 3461 5723 parum
3503 5674 3599 5709 non
3642 5659 3724 5710 tibi
3758 5662 3869 5723 [ue-
