4060 6414
166 321 233 381 93
955 305 1019 361 IN
1062 298 1279 360 EPIST.
1322 293 1414 352 AD
1442 285 1817 348 llEBRtEOS.

162 445 269 485 runt
319 426 492 496 (Psul.
523 424 613 481 50.
649 421 755 491 l8).
792 418 932 474 Tunc
961 418 1091 480 dixi,
1111 414 1242 469 Ecce
1262 413 1426 469 t'cnio.
1460 420 1514 465 ut
1541 412 1749 481 facium,

164 528 297 581 Drus
321 565 335 587 ,
364 524 675 576 uoluntatem
698 528 836 569 tuum
882 512 1056 586 (Psul.
1108 509 1198 565 '59.
1241 509 1293 563 8.
1328 507 1417 575 9);
1461 514 1517 558 et
1543 516 1752 566 rursus,

168 619 300 685 Quin
352 614 478 667 ιιιιίιὶ
529 612 646 665 thus
686 605 882 677 offertis
923 621 987 660 ea;
1030 602 1172 659 Saba
1213 600 1350 673 (Jer.
1381 598 1434 655 6.
1476 597 1611 666 9.0)?
1663 605 1753 662 et,

162 715 347 767 Amore
382 726 414 763 a
439 724 518 762 me
560 719 741 762 sonum
768 700 1085 756 canticorum
1134 706 1375 760 tuorum;
1414 702 1461 747 et
1492 693 1746 762 psalmum

161 806 608 858 instrumentorum
657 804 864 849 tuorum
911 807 1014 847 non
1042 787 1255 843 audiam
1278 784 1484 860 (Amos.
1524 784 1579 839 5.
1617 780 1755 852 2'5):

166 901 260 961 sed
313 914 409 972 pro
452 897 538 953 his
586 889 1001 952 lisericordiaut
1045 887 1161 941 volo
1202 893 1252 940 et
1298 899 1401 937 nou
1451 867 1763 947 sacriﬁcium

167 994 321 1064 (Osee
360 996 415 1049 ϐ.
446 990 526 1061 6).

239 1086 378 1141 Deus
401 1084 708 1155 quibusnam
734 1076 1002 1145 sacriﬁciis
1020 1073 1273 1141 placatur.
1292 1098 1365 1112 —
1388 1065 1549 1123 Vides
1569 1063 1767 1137 quibus

168 1176 447 1234 sacrificiis
497 1175 740 1245 placatur
772 1168 960 1225 Deus?
1002 1165 1154 1220 vides
1194 1172 1248 1218 et
1273 1158 1459 1216 multis
1476 1159 1587 1228 jam
1618 1164 1769 1211 retro

168 1269 380 1326 saxulis
406 1268 498 1323 illa
529 1264 748 1335 quidem
769 1260 1094 1321 excessisse,
1128 1256 1244 1310 lucc
1274 1267 1403 1309 vero
1428 1266 1616 1306 eorum
1648 1249 1767 1301 loco

169 1354 435 1419 subiisse?
492 1358 621 1414 llazc
670 1356 832 1426 igitur
872 1350 1181 1405 aderamus.
1231 1344 1364 1400 Nam
1412 1343 1501 1399 illa
1547 1340 1767 1412 quidem

169 1463 296 1511 sunt
329 1452 637 1509 divitiarum
683 1458 739 1503 et
781 1459 969 1500 eorum
1001 1441 1089 1511 qui
1131 1436 1368 1502 habent;
1421 1435 1539 1489 ltaac
1584 1441 1767 1486 autem

170 1546 386 1602 virtutis
413 1561 430 1609 ;
463 1543 551 1597 illa
580 1548 708 1596 sunt
727 1536 1070 1592 extrinsecus
1093 1572 1107 1594 ,
1143 1531 1243 1584 ista
1275 1526 1605 1583 intrinsecus
1631 1538 1647 1587 ;
1679 1522 1770 1576 illa

173 1639 255 1693 vel
303 1635 531 1707 quilibet
579 1629 794 1701 operari
850 1624 1127 1697 potuerit,
1182 1622 1299 1675 tunc
1346 1628 1531 1673 autem
1589 1613 1765 1685 pauci.

173 1732 387 1798 Quanto
419 1726 567 1783 enim
613 1739 715 1779 ove
746 1722 910 1776 homo
954 1726 1039 1774 est
1082 1715 1275 1771 melior
1304 1721 1361 1768 et
1405 1710 1769 1782 prmstantior,

174 1831 323 1878 L-nto
354 1819 460 1875 hoc
506 1817 600 1873 illo
628 1812 952 1870 sacrificium
988 1828 1002 1864 :
1036 1809 1125 1863 hic
1153 1806 1298 1861 enim
1341 1804 1576 1858 animam
1626 1810 1770 1856 tuam

172 1916 334 1968 atl't-rs
380 1910 630 1966 hostiam.
684 1906 824 1963 Sunt
880 1913 1060 1959 autem
1100 1899 1223 1954 alizn
1268 1909 1485 1968 quoque
1541 1893 1767 1965 hostiae"

173 2022 299 2062 vere
330 2004 646 2059 holocausta
669 2042 685 2067 ,
741 2010 937 2067 nempe
962 2001 1271 2049 sanctorum
1305 1998 1607 2060 martyrum
1647 2001 1773 2041 cor-

176 2114 303 2169 pora
338 2115 356 2153 :
389 2096 496 2151 illic
535 2101 721 2148 sancta
752 2100 808 2145 et
836 2087 1014 2143 anima
1042 2094 1098 2141 et
1124 2095 1323 2154 corpus
1359 2101 1372 2137 :
1406 2081 1492 2135 illa
1523 2092 1777 2149 maguum

178 2193 382 2248 habent
425 2188 650 2243 odorem
683 2179 1088 2241 suaveolentiat.
1132 2177 1292 2232 Potes
1339 2184 1393 2229 tu
1445 2186 1699 2243 quoque,
1730 2170 1778 2225 si

178 2285 350 2349 velis,
387 2281 493 2337 tale
540 2278 737 2334 offerre
766 2271 1116 2329 sacrificium.
1168 2268 1306 2337 Quid
1349 2267 1491 2322 enim
1521 2308 1535 2329 ,
1578 2264 1625 2319 si
1658 2264 1780 2335 igne

173 2393 373 2447 corpus
415 2388 520 2429 non
556 2366 976 2427 combusseris?
1030 2362 1125 2418 sed
1166 2372 1322 2431 putes
1358 2360 1464 2413 alio
1492 2359 1648 2427 igne;
1698 2364 1781 2411 ut-

175 2479 302 2542 puta
346 2469 472 2538 igne
514 2460 849 2535 paupertatis
892 2456 1243 2518 voluntariis,
1297 2452 1419 2522 igne
1449 2448 1776 2504 stitit-tionis.

185 2563 381 2617 Licere
424 2557 569 2614 enim
620 2554 850 2610 delicate
896 2550 1147 2618 lauteque
1204 2554 1259 2600 et
1298 2542 1577 2615 Splendida
1617 2542 1779 2594 vitam

179 2667 379 2725 agere;
413 2648 739 2705 laboriosam
770 2651 949 2697 autem
981 2650 1037 2695 et
1077 2638 1329 2694 acerbam
1362 2636 1523 2689 vitam
1554 2634 1780 2703 eligere,

178 2723 233 2800 et
268 2757 473 2813 corpus
502 2747 676 2794 morte
723 2735 942 2791 afficere
975 2751 987 2788 :
1025 2745 1205 2786 annon
1248 2737 1331 2785 est
1378 2726 1580 2782 oblatio
1629 2723 1781 2778 holo-

179 2833 394 2892 Causti?
435 2832 646 2902 Corpus
680 2838 826 2882 tuum
883 2835 1057 2880 morte
1087 2822 1245 2877 afllce
1296 2828 1351 2876 et
1396 2819 1682 2888 crttcilige,
1728 2824 1787 2872 et

184 2931 300 3001 ipse
326 2940 543 2998 quoque
584 2922 819 2992 accipies
848 2932 1108 2974 coronam
1154 2914 1313 2983 hujus
1345 2910 1618 2983 martyrii.
1653 2909 1784 2964 Nam

181 3021 322 3093 quod
376 3018 487 3074 illic
528 3024 785 3085 Operatur
815 3011 991 3074 ensis,
1034 3008 1138 3063 hoc
1188 3006 1277 3060 hic
1323 3004 1487 3058 faciat
1533 3011 1783 3073 prompta

182 3114 347 3169 animi
398 3110 671 3165 alacritas.
720 3104 837 3161 Non
918 3110 1076 3166 urat,
1128 3114 1301 3167 neque
1348 3096 1588 3151 detueat
1635 3110 1788 3148 antur

185 3203 431 3277 pecunia:
454 3244 469 3267 ,
519 3200 612 3255 sed
644 3206 829 3253 uratur
857 3204 912 3251 et
961 3193 1336 3263 exstinguatur
1384 3190 1497 3258 ipsa
1534 3187 1704 3255 turpis
1734 3196 1790 3241 et

190 3298 396 3354 nefaria
452 3292 720 3363 cupiditas
774 3290 897 3358 igne
929 3285 1194 3357 Spiritus,
1253 3280 1571 3337 concidatur
1603 3278 1784 3348 gladio

184 3389 439 3459 Spiritus.
472 3384 585 3439 Iloc
610 3392 694 3438 est
721 3380 1004 3451 pulchrum
1034 3374 1358 3433 sacrificium
1383 3417 1396 3439 ,
1426 3372 1570 3442 quod
1599 3387 1788 3426 sacer-

186 3483 310 3537 dote
334 3493 475 3550 opus
524 3492 632 3532 non
676 3474 874 3539 habet,
930 3471 1024 3526 sed
1054 3471 1172 3539 ipso
1217 3477 1423 3522 tantum
1471 3463 1784 3520 offerente:

188 3576 335 3646 quod
412 3571 619 3627 inferae
672 3567 890 3639 quidem
952 3562 1255 3634 peragitur,
1314 3575 1549 3629 superne
1603 3567 1785 3613 autem

188 3668 476 3724 confestim
532 3661 798 3719 ascendit.
844 3658 1033 3713 Nonne
1083 3655 1418 3709 admiramur
1462 3651 1607 3719 quod
1657 3650 1789 3705 olim

190 3752 327 3823 ignis
377 3746 715 3803 descendens
758 3744 939 3800 omnia
971 3740 1378 3799 consumebat?
1432 3738 1619 3794 l’otest
1673 3733 1798 3793 fieri

192 3851 249 3896 ut
294 3841 433 3912 ignis
464 3852 683 3909 quoque
732 3851 875 3891 nunc
924 3833 1219 3891 descendat
1271 3831 1364 3886 illo
1420 3829 1577 3900 longe
1619 3826 1796 3881 adud-

192 3935 431 3997 rabilior,
485 3941 540 3987 et
588 3929 769 3985 omnia
803 3944 924 4000 qum
971 3938 1097 3983 sunt
1151 3925 1426 3997 proposita
1470 3930 1795 3979 eonsumat:

196 4028 305 4080 imo
340 4039 470 4080 vere
521 4038 627 4078 non
668 4030 954 4077 consumat
975 4062 990 4086 ,
1022 4019 1119 4074 sed
1151 4019 1332 4074 omnia
1380 4018 1431 4070 iu
1464 4017 1655 4070 cadum
1687 4013 1793 4069 tol-

198 4118 311 4177 lat:
341 4132 448 4171 non
482 4116 677 4183 redigit
705 4114 791 4169 illa
817 4114 869 4168 itt
895 4113 1159 4177 cinerem,
1192 4109 1289 4165 sed
1323 4110 1432 4164 Deo
1453 4108 1611 4163 ollert
1635 4107 1797 4163 dona.

271 4209 634 4264 Misericordia
677 4224 799 4279 erga
827 4222 1076 4277 paupera
1103 4204 1511 4259 contmcndatur.
1541 4231 1613 4243 —
1639 4200 1801 4255 Tales

198 4313 355 4359 erant
382 4302 622 4357 Cornelii
654 4300 963 4355 oblationes
994 4316 1007 4352 :
1054 4297 1327 4353 Orationes
1374 4296 1515 4351 enim
1538 4338 1551 4359 ,
1596 4295 1800 4362 inquit,

201 4411 303 4455 tua:
347 4407 395 4451 et
422 4398 758 4468 cleeutosgnae
798 4394 1135 4449 ascenderunt
1176 4397 1230 4446 in
1258 4392 1554 4445 memoriam
1598 4391 1649 4442 in
1679 4406 1798 4442 con-

201 4500 378 4558 spectu
400 4487 496 4542 Dei
511 4486 651 4561 (Act.
673 4485 761 4542 10.
783 4486 860 4557 4).
881 4485 1044 4542 Vides
1065 4486 1323 4556 optimam
1346 4481 1805 4553 conjugationem?

204 4581 355 4637 Tunc
376 4580 646 4646 audimur,
678 4578 896 4650 quando
918 4578 1017 4649 ipsi
1041 4594 1255 4648 quoque
1278 4577 1525 4631 audimus
1545 4575 1808 4630 acceden-

207 4686 285 4730 tes
302 4689 583 4745 pauperes.
606 4673 708 4741 Qui
730 4672 965 4739 obstruit,
990 4673 1183 4741 inqttit,
1212 4687 1364 4725 aures
1393 4687 1512 4723 suas
1535 4686 1599 4722 ne
1626 4668 1808 4721 audiat

207 4786 501 4838 pauperem,
553 4784 725 4839 preces
746 4772 857 4837 ejus
886 4783 986 4821 non
1033 4767 1269 4820 exaudiet
1302 4764 1439 4817 Deus
1477 4762 1663 4832 (Prov.
1712 4762 1805 4817 2|.

209 4863 321 4931 I3).
354 4861 541 4915 Beatus
568 4862 654 4932 qui
682 4860 919 4929 intelligit
949 4875 1103 4927 super
1131 4873 1343 4929 egenum
1391 4866 1435 4908 et
1484 4870 1758 4924 pauperem
1791 4869 1808 4906 :

209 4955 261 5007 in
306 4955 391 5007 die
410 4953 548 5007 mala
578 4952 807 5007 liberabit
833 4967 948 5006 eum
977 4949 1229 5004 Dominus
1256 4947 1427 5019 (Psnl.
1458 4947 1548 5001 40.
1582 4947 1658 5015 ‘2).
1686 4945 1801 4999 Non

208 5055 390 5100 autem
420 5045 561 5103 alius
580 5043 696 5100 dies
724 5042 931 5107 malus,
973 5043 1077 5097 nisi
1105 5042 1197 5096 ille
1238 5041 1354 5095 dies
1408 5039 1809 5109 peccatoribus.

211 5137 348 5202 Quid
384 5145 505 5203 est,
558 5136 658 5204 Qui
683 5133 965 5206 intelligit?
1007 5134 1109 5201 Qui
1150 5140 1333 5187 mente
1370 5139 1550 5186 versat
1573 5130 1699 5199 quid
1745 5131 1814 5183 sit

212 5243 437 5299 pauper,
484 5230 573 5297 qui
622 5228 739 5297 ejus
784 5225 947 5282 discit
969 5224 1315 5280 afflictionent
1357 5241 1369 5275 :
1404 5238 1525 5276 nam
1558 5223 1647 5293 qtti
1692 5222 1808 5291 ejus

215 5327 397 5381 didicit
426 5324 795 5391 afllictionem,
848 5323 1071 5377 omnino
1101 5322 1219 5391 ejus
1254 5320 1617 5375 miserebitur.
1650 5318 1705 5372 Si
1737 5318 1817 5369 vi-

215 5419 358 5474 deris
388 5431 699 5488 pauperem,
750 5431 819 5470 ne
850 5424 1239 5485 przrtercurras
1262 5456 1275 5477 ,
1307 5412 1399 5466 sed
1428 5411 1611 5464 statim
1645 5410 1819 5478 cogita

217 5512 462 5581 quisnam
486 5525 662 5575 esses,
686 5510 729 5563 si
755 5520 810 5562 tu
831 5507 919 5562 ille
937 5520 1122 5561 esses:
1142 5505 1269 5576 quid
1301 5520 1405 5557 non
1427 5502 1597 5557 velles
1622 5516 1814 5555 omnes

220 5603 433 5656 facere?
461 5602 561 5668 Qui
588 5597 825 5671 intelligit
851 5640 867 5666 ,
915 5597 1107 5665 inquit.
1154 5597 1341 5667 (iugita
1371 5594 1512 5665 quod
1562 5602 1644 5647 est
1671 5608 1823 5661 teque

224 5694 361 5749 ltber
408 5704 569 5762 atque
596 5705 650 5747 ttt
674 5735 687 5757 ,
740 5702 794 5747 et
834 5702 917 5746 est
946 5690 1188 5759 ejusdem
1220 5689 1377 5759 cujus
1422 5698 1476 5741 tu
1504 5685 1821 5747 nobilitatis.

225 5797 277 5843 ct
302 5804 478 5846 Ulllllt'd
498 5796 673 5843 tecum
707 5784 944 5857 possidet
976 5782 1282 5840 communia
1318 5799 1329 5837 :
1368 5790 1419 5837 et
1452 5796 1592 5851 sccpc
1637 5794 1703 5834 uc
1731 5792 1824 5849 pa-

1859 284 2017 344 CAP.
2065 284 2150 342 Vl.
2203 284 2436 342 llOMlL.
2482 281 2577 338 XI.
3390 260 3459 320 9L

1859 426 1974 466 rem
2022 405 2242 478 quidem
2297 404 2430 457 facis
2488 396 2598 453 tuis
2642 392 2944 478 canilms;_
2972 387 3067 444 sed
3121 386 3195 441 Illi
3244 380 3465 454 quidem

1864 473 2164 562 satiantur,
2213 496 2301 549 hic
2343 503 2523 547 autem
2570 501 2717 557 sarpe
2741 473 2944 540 dormit
2982 479 3265 540 esuriens;
3296 484 3353 531 et
3379 473 3471 543 qui

1860 604 1943 649 est
1976 593 2132 656 liber,
2181 601 2329 657 stupe
2361 585 2469 639 tuis
2496 581 2671 636 servis
2701 578 2876 633 factus
2907 583 2994 652 est
3047 573 3208 626 vilior
3236 579 3292 624 et
3321 566 3473 635 abje-

1862 689 2020 744 etior.
2067 687 2135 739 At
2160 682 2237 737 illi
2270 680 2428 736 nobis
2458 684 2717 749 przestant
2747 686 2969 739 operam
2996 708 3012 734 ,
3042 664 3274 735 inquies.
3320 660 3476 729 Qua:-

1867 798 1988 835 nant
2021 793 2083 834 ea
2124 775 2254 831 est?
2286 774 2425 828 bene
2457 769 2551 825 tibi
2581 763 2869 823 serviunt?
2909 760 3049 831 Quid
3078 758 3229 812 dices
3251 795 3267 821 ,
3299 755 3346 809 si
3377 751 3476 807 tibi

1865 871 2157 930 ostendero
2196 867 2344 923 hunc
2392 865 2551 935 longe
2600 859 2864 928 majorem
2905 854 3000 911 tibi
3034 860 3294 924 prestare
3341 859 3475 915 ope-

1868 982 1982 1023 ram
2008 1006 2025 1033 ,
2069 978 2229 1037 quam
2258 961 2378 1016 illos
2409 958 2434 1013 ?
2476 956 2572 1011 tibi
2599 953 2745 1009 enim
2777 948 2954 1005 aderit
2982 947 3039 1001 in
3064 944 3155 1000 die
3180 940 3395 1013 judicii,
3424 945 3477 992 et

1867 1074 1923 1118 te
1954 1062 2025 1115 ab
2055 1060 2177 1129 igne
2203 1054 2418 1125 eripiet.
2450 1048 2590 1118 Quid
2622 1043 2893 1117 ejusmodi
2924 1040 3019 1095 tibi
3048 1036 3255 1093 faciunt
3282 1044 3477 1086 onmes

1871 1121 2329 1218 servit-Quando
2359 1156 2567 1201 mortua
2608 1148 2693 1195 est
2739 1132 2970 1193 Tabitha
3018 1129 3155 1201 (Act.
3189 1121 3470 1218 {OL-(illi?

1868 1258 1987 1298 eam
2028 1233 2342 1296 suscitavit?
2371 1234 2512 1292 servi
2537 1228 3043 1287 circumsistentes,
3086 1235 3157 1275 an
3184 1210 3470 1272 mendici?

1869 1333 1949 1389 Τιι
1980 1344 2160 1386 autem
2191 1344 2258 1385 ne
2281 1328 2509 1383 liberum
2531 1322 2747 1393 quidem
2767 1319 2848 1373 vis
2870 1330 3030 1373 servo
3054 1325 3245 1385 parem
3269 1307 3456 1362 fat-ere.

1873 1424 1967 1479 Eat
1993 1436 2243 1493 maguum
2274 1418 2445 1488 frigus
2471 1425 2525 1471 et
2551 1414 2696 1485 jacet
2725 1422 2933 1481 pauper
2965 1415 3265 1475 pannosus,
3288 1410 3466 1451 emor-

1873 1524 2019 1577 tuus.
2052 1489 2287 1568 stridens
2312 1507 2566 1565 dentibus
2588 1547 2604 1573 ,
2655 1513 2710 1559 et
2736 1501 2828 1572 qui
2855 1504 3079 1568 aspectu
3121 1502 3171 1549 et
3204 1489 3389 1545 habitu
3420 1494 3474 1541 te

1875 1615 2054 1677 potest
2078 1616 2426 1661 commovere
2461 1618 2477 1655 :
2522 1610 2579 1654 tu
2610 1606 2791 1651 autem
2819 1591 3008 1647 calens
3028 1595 3085 1643 et
3113 1584 3299 1641 ebrius
3329 1594 3471 1648 pne-

1874 1670 2003 1755 ιρι-ες
2028 1715 2043 1753 :
2074 1706 2129 1751 et
2155 1692 2433 1767 quomodo
2460 1690 2541 1745 vis
2568 1697 2625 1743 ut
2654 1680 2875 1742 Deus'te
2899 1679 3125 1750 eripiat,
3164 1670 3384 1745 quando
3412 1684 3475 1724 es

1878 1790 1931 1845 in
1955 1760 2264 1845 calamitate
2282 1784 2488 1853 l-Szepe
2515 1789 2692 1835 autem
2714 1775 2817 1831 hoc
2842 1785 3059 1844 quoque
3085 1767 3253 1823 dicis:
3289 1762 3402 1833 Ego
3428 1760 3474 1814 si

1875 1896 2080 1942 essem.
2125 1888 2180 1934 et
2232 1876 2397 1932 multa
2432 1880 2744 1943 peccantem
2794 1866 3028 1934 aliquem
3087 1856 3418 1927 accepissem
3456 1893 3471 1916 ,

1878 1990 1999 2031 eum
2017 1970 2367 2032 dimisissem,
2392 1974 2445 2021 et
2463 1965 2603 2019 Deus
2622 1977 2728 2016 non
2746 1954 3002 2013 dimittit?
3020 1951 3096 2007 Nc
3116 1952 3217 2005 hoc
3236 1947 3439 2002 dixeris
3461 1960 3475 1997 :

1879 2076 1934 2121 tu
1974 2063 2119 2121 enim
2146 2076 2269 2117 eum
2328 2058 2418 2129 qui
2466 2056 2518 2110 iu
2551 2062 2603 2109 te
2631 2051 2764 2107 nihil
2802 2044 3076 2119 peccavit,
3119 2054 3279 2111 queui
3327 2047 3481 2107 potes

1881 2158 2144 2220 liberare,
2172 2128 2430 2223 despicis.
2477 2147 2535 2205 Si
2588 2146 2750 2202 talem
2803 2151 2857 2196 tu
2887 2137 3154 2208 despicis,
3205 2128 3481 2205 quomodo

1882 2249 2023 2303 Deus
2040 2255 2091 2302 te
2107 2243 2198 2316 qui
2222 2246 2274 2297 in
2302 2243 2477 2313 ipsum
2503 2251 2694 2307 peccas
2718 2232 2959 2289 dimittet
2978 2232 3003 2283 ἰ
3023 2242 3203 2282 annon
3225 2227 3338 2279 haec
3376 2235 3485 2276 me-

1881 2524 2145 2589 seutieus,
2170 2514 2653 2575 innumerabilibus
2669 2510 2833 2567 variis
2853 2518 2907 2565 et
2930 2504 3112 2562 aureis
3132 2517 3296 2557 ornas
3312 2499 3485 2555 vesti-

1882 2615 1980 2670 bus
2002 2635 2015 2670 :
2036 2612 2162 2668 illud
2185 2620 2364 2666 autem
2394 2607 2538 2678 quod
2565 2604 2734 2671 dolet,
2758 2603 3028 2656 laceratur
3049 2606 3103 2651 et
3130 2601 3413 2663 torquetur
3431 2602 3489 2646 et

1880 2720 1909 2758 a
1940 2705 2080 2759 fame
2104 2711 2157 2758 et
2189 2701 2394 2772 frigore
2423 2697 2720 2761 cruciatur,
2752 2691 3009 2763 despicis,
3038 2696 3093 2744 et
3118 2685 3265 2742 inani
3296 2683 3485 2757 glorias

1884 2799 2003 2868 plus
2055 2794 2273 2866 largiris
2302 2806 2463 2863 qttam
2518 2789 2612 2843 Dei
2657 2784 2860 2840 timori.
2910 2784 3089 2855 Atque
3120 2777 3327 2833 utinam
3360 2775 3486 2829 hac-

1884 2898 2080 2952 tenus;
2110 2884 2208 2941 sed
2228 2883 2476 2954 protinus
2504 2881 2857 2934 accedentem
2882 2886 3109 2928 accusas
3133 2887 3146 2924 :
3177 2868 3289 2925 Cur
3314 2868 3486 2932 enim,

1887 2980 2088 3049 inquis,
2144 2992 2252 3031 non
2280 2971 2580 3045 operetur?
2628 2985 2725 3024 cur
2753 2980 2884 3022 vero
2930 2964 3137 3018 Otiosus
3166 2960 3364 3015 alitur?
3396 2958 3492 3013 Dic

1888 3072 2021 3126 mihi
2052 3088 2066 3125 :
2094 3080 2149 3124 tu
2176 3078 2356 3122 autem
2374 3078 2680 3136 operansne
2700 3062 2872 3116 habes
2902 3073 3024 3129 qua:
3048 3054 3237 3120 habes,
3260 3068 3367 3107 non
3397 3068 3494 3105 auo

1888 3172 1997 3218 tem
2023 3169 2243 3231 accepta
2265 3157 2564 3213 hereditate
2593 3165 2812 3225 paterna
2830 3148 3021 3219 tQuod
3041 3149 3085 3202 si
3109 3147 3272 3202 etiam
3295 3162 3491 3215 opera-

1892 3257 2010 3321 ris,
2066 3262 2352 3325 propterea
2407 3249 2499 3305 alii
2527 3244 2871 3318 exprobras?
2924 3257 3032 3297 non
3081 3239 3237 3293 audis
3267 3238 3494 3293 Paulum

1890 3345 2205 3401 dicentem?
2235 3343 2527 3412 Postquam
2575 3340 2719 3393 enim
2761 3336 2933 3399 dixit,
2972 3333 3073 3401 Qui
3115 3348 3218 3385 non
3249 3342 3498 3397 operatur

1893 3455 1984 3493 nec
2005 3438 2273 3492 manducet
2300 3478 2315 3502 ,
2344 3434 2477 3489 dicit
2510 3451 2524 3488 :
2564 3429 2664 3485 Vos
2699 3438 2868 3483 autent
2896 3428 3083 3481 bonum
3118 3425 3362 3495 facientes
3396 3441 3499 3476 non

1894 3531 2145 3601 deﬁciatis
2206 3528 2300 3601 ('2.
2353 3526 2535 3581 Thess.
2583 3524 2641 3580 ὅ.
2688 3521 2778 3577 10.
2830 3516 2964 3591 l3).
3022 3517 3131 3573 Sed
3186 3516 3363 3583 dicis,
3409 3517 3503 3570 Est

1900 3629 2182 3696 impostor.

1967 3741 2000 3795 4
2050 3738 2182 3803 Quid
2215 3747 2269 3791 tu
2295 3734 2450 3797 dicis,
2482 3749 2514 3785 υ
2543 3729 2741 3786 homo?
2776 3738 2998 3799 propter
3027 3738 3192 3779 unum
3226 3738 3418 3793 panem
3446 3735 3504 3779 et

1896 3840 2098 3885 vestem
2130 3845 2253 3883 eum
2282 3826 2524 3896 appellas
2550 3820 2948 3893 impostoretn?
2983 3820 3052 3872 At
3074 3817 3257 3871 statim
3293 3817 3344 3871 id
3370 3833 3501 3871 ven-

1896 3922 2013 3987 dit,
2040 3921 2231 3989 inquit.
2261 3918 2341 3972 Τιι
2373 3927 2553 3970 autem
2586 3913 2766 3967 omnia
2812 3922 2900 3965 tua
2936 3918 3085 3965 recte
3110 3907 3461 3963 administras
3481 3907 3506 3955 Ῥ

1900 3984 2037 4070 Quid
2067 3984 2241 4056 vero?
2270 4012 2534 4054 omnesne
2580 4002 2705 4048 sunt
2731 4004 2997 4060 pauperes
3043 3997 3263 4057 propter
3293 3986 3465 4037 otium
3485 3984 3511 4034 ?

1900 4109 2063 4152 nemo
2093 4102 2315 4163 propter
2340 4087 2679 4157 naufragium
2704 4086 2726 4138 ?
2756 4100 2918 4138 nemo
2945 4090 3170 4152 propter
3196 4077 3460 4146 judicium
3484 4074 3509 4126 2

1903 4202 2062 4243 nemo
2093 4194 2313 4258 propter
2342 4181 2585 4237 furtum?
2614 4192 2773 4233 nemo
2791 4185 3014 4247 propter
3040 4168 3323 4244 pericula?
3349 4181 3512 4221 nemo

1903 4255 2128 4350 propter
2160 4273 2421 4329 morbos?
2468 4285 2629 4325 nemo
2656 4276 2879 4338 propter
2908 4264 3074 4318 aliunt
3105 4261 3331 4315 casum?
3360 4255 3467 4312 Sed
3492 4299 3507 4318 ,

1904 4370 1948 4424 si
1994 4368 2324 4423 audierimus
2376 4364 2610 4433 aliquem
2645 4360 2760 4414 haec
2810 4357 3223 4426 deplorantem,
3254 4360 3310 4405 et
3355 4348 3513 4404 valde

1903 4460 2288 4515 \‘0eiferantem
2314 4500 2329 4521 ,
2360 4468 2415 4512 ct
2464 4454 2668 4509 nudum
2699 4453 2752 4506 in
2783 4450 2975 4506 caelum
3004 4445 3429 4515 suspicientem,
3457 4447 3514 4496 et

1908 4553 2228 4623 promiSsam
2246 4564 2455 4604 romam
2478 4548 2736 4605 alentem,
2762 4552 2814 4596 et
2843 4541 3034 4612 pannis
3047 4539 3304 4602 obsitum,
3333 4534 3514 4589 statim

1908 4661 2031 4700 eum
2051 4641 2653 4714 impostorem,plauum
2675 4646 2729 4693 et
2750 4635 3123 4690 simulatorem
3151 4627 3512 4699 appellamus.

1911 4740 2027 4796 Non
2078 4748 2130 4793 te
2178 4735 2380 4807 pudet?
2412 4749 2702 4803 quemnam
2746 4744 2909 4784 vocas
2959 4722 3347 4798 impostorem?
3375 4720 3520 4776 Nihil

1912 4831 2131 4887 dederis
2153 4871 2167 4895 ,
2192 4840 2246 4884 et
2292 4844 2359 4882 ue
2386 4843 2510 4883 eum
2557 4839 2802 4880 accuses.
2836 4821 2944 4878 St'd
2999 4820 3197 4883 habet,
3230 4816 3435 4887 inquit,
3467 4825 3523 4869 et

1914 4924 2150 4978 simulat.
2186 4921 2299 4976 Hoc
2328 4930 2411 4975 est
2444 4919 2517 4972 ttti
2544 4960 2558 4982 ,
2594 4934 2700 4973 nou
2743 4914 2885 4970 illius
2930 4911 3210 4967 accusatio
3240 4928 3252 4963 :
3283 4909 3386 4963 scit
3413 4908 3515 4961 sibi

1917 5032 2030 5071 rem
2060 5030 2183 5069 esse
2225 5027 2349 5067 cum
2400 4993 2744 5076 eiudelibus,
2776 5021 2902 5061 cum
2933 5003 3128 5059 belluis
3158 5001 3327 5071 magis
3354 5015 3516 5069 quam

1916 5124 2038 5164 cum
2089 5105 2396 5161 hominibus
2417 5144 2433 5170 ,
2464 5113 2517 5157 et
2545 5101 2689 5173 quod
2717 5099 2929 5155 etiamsi
2982 5099 3207 5151 verbum
3239 5094 3525 5162 eloquatttl‘

1919 5199 2264 5265 miserabile,
2297 5198 2574 5253 neminem
2610 5196 2807 5265 poterit
2856 5191 3169 5246 attrahere:
3200 5197 3256 5243 et
3282 5187 3404 5241 ideo
3434 5201 3528 5239 ne-

1919 5308 2075 5348 cesse
2102 5291 2265 5346 habet
2291 5306 2350 5344 se
2379 5288 2757 5342 miserabiliori
2788 5283 2975 5339 habitu
3008 5282 3253 5343 induere,
3286 5288 3344 5334 ut
3376 5289 3526 5332 tuum

1922 5385 2132 5455 frangat
2160 5383 2421 5437 animum.
2449 5380 2505 5435 Si
2536 5378 2829 5433 viderimus
2873 5374 3179 5443 quempiam
3224 5375 3275 5426 in
3322 5371 3532 5427 liberali

1924 5477 2109 5533 habitu
2140 5474 2522 5536 accedentem;
2552 5469 2681 5536 Iste,
2713 5470 2907 5538 inquit,
2942 5476 3028 5520 est
3060 5467 3355 5534 impostor,
3388 5475 3443 5518 et
3474 5472 3535 5519 ttt

1926 5571 2169 5627 videatur
2195 5569 2423 5622 honesto
2451 5566 2571 5621 loco
2599 5580 2721 5618 esse
2770 5572 2960 5625 natus,
2993 5561 3062 5613 ita
3095 5558 3305 5613 aecedit
3334 5576 3345 5609 :
3378 5558 3422 5611 si
3451 5558 3534 5609 ri-

1927 5668 2010 5721 det
2029 5667 2165 5719 imus
2195 5664 2247 5717 in
2276 5662 2462 5715 habitu
2482 5661 2779 5723 contrario,
2800 5672 2924 5710 eum
2952 5653 3115 5709 etiam
3148 5652 3533 5719 vituperamus.

1928 5758 2196 5831 Quidjam
2232 5755 2472 5812 facient?
2502 5753 2545 5808 Ο
2596 5750 2897 5808 stct‘itiam'.
2943 5764 2976 5803 υ
3009 5745 3397 5804 indolentiam!
3429 5744 3535 5800 Cur
