4060 6408
623 199 692 255 95
1274 206 1331 263 S.
1370 207 1641 269 JOANNIS
1676 217 2148 281 CHRYSOSTOMI
2186 216 2496 284 ARClllEP.
2538 224 3064 289 CONSTANTINOP.
3792 257 3857 310 illi

621 311 880 374 membra,
908 310 1080 380 inquit
1109 354 1123 377 ,
1169 312 1416 381 aperiunt
1464 313 1741 367 mutilata?
1765 314 1992 386 Propter
2023 331 2072 373 te
2102 340 2115 371 τ
2148 324 2191 378 si

618 415 859 453 essemus
890 402 1285 467 misericordes,
1307 417 1410 454 non
1429 413 1569 456 esset
1586 403 1666 457 eis
1686 419 1820 474 opus
1848 406 1929 461 bis
1955 410 2156 465 artibus
2177 456 2190 468 .

618 490 662 542 si
684 505 713 541 ει
744 490 912 557 primo
927 503 1141 543 accessu
1167 492 1573 559 persuasissem,
1592 508 1695 547 non
1720 504 1824 549 tam
1841 498 2000 551 multa
2013 511 2193 557 essent

619 582 927 636 machinati.
959 582 1089 650 Quis
1105 593 1183 637 est
1207 582 1344 637 adeo
1366 585 1549 647 miser,
1580 594 1637 640 ut
1658 595 1860 642 tantum
1892 590 2020 644 velit
2042 595 2187 648 reci-

619 671 798 734 ferari,
826 681 881 725 ut
905 687 963 726 se
986 673 1108 726 velit
1126 672 1376 728 indecore
1399 688 1606 745 gerere,
1634 686 1691 730 ut
1716 677 1840 731 velit
1859 680 2067 747 publice
2090 683 2185 737 dc-

619 763 750 816 llere
772 771 825 817 et
846 763 1122 817 lamentari
1138 779 1258 817 cum
1275 765 1412 819 nuda
1432 782 1620 834 uxore,
1637 783 1756 822 cum
1774 769 1896 826 filiis
1910 779 2187 848 conspergi

616 852 836 907 cinere?
864 852 987 907 ﬂtec
1010 862 1139 908 sunt
1184 856 1373 925 quavis
1417 868 1726 929 paupertate
1757 859 2044 919 deteriora.
2082 868 2193 924 Sed

618 953 833 1012 [ποριεῖ
862 942 975 997 haec
1007 959 1107 999 nos
1133 960 1238 1000 non
1265 947 1435 1001 solum
1472 963 1657 1003 comm
1682 966 1789 1006 non
1817 954 2143 1014 miseremur
2168 1002 2184 1027 ,

616 1034 716 1089 sed
735 1035 894 1089 etiam
933 1049 1031 1090 eos
1072 1051 1401 1095 accusamus.
1432 1039 1499 1095 Et
1531 1043 1708 1099 adhuc
1749 1050 2190 1107 succensehitnns

614 1126 756 1195 quod
784 1127 949 1183 Deum
969 1140 1218 1199 rogantes
1239 1146 1344 1187 non
1375 1133 1755 1191 exaudiamur?
1778 1149 1831 1194 et
1847 1139 2025 1199 adhuc
2046 1158 2190 1215 :cgre

614 1214 869 1281 feremus,
892 1219 1032 1287 quod
1058 1228 1271 1275 orantes
1290 1236 1395 1276 non
1439 1227 1893 1292 persuadeamus?
1916 1229 2032 1286 Non
2061 1214 2189 1289 bor-

607 1304 890 1371 rescitum,
918 1321 957 1359 o
976 1306 1197 1361 dilecti?
1228 1308 1297 1362 At
1319 1322 1484 1378 saepe,
1506 1311 1695 1379 inquit,
1724 1311 1869 1367 dedi.
1901 1312 1979 1367 Tu
2001 1323 2178 1370 autem

564 1445 569 1449 _
608 1404 714 1447 non
760 1408 971 1464 semper
994 1397 1273 1452 emnedis?
1320 1414 1514 1468 pueros
1542 1410 1718 1456 autem
1765 1417 1909 1472 stepe
1934 1415 2181 1473 petentes

607 1496 732 1536 num
762 1482 971 1551 abigis?
999 1484 1044 1540 0
1089 1487 1501 1557 impudentiam!
1534 1492 1825 1562 Pauperem
1872 1510 2034 1550 vocas
2080 1497 2179 1551 im-

604 1572 892 1642 pudentem
916 1576 939 1629 ?
963 1586 1019 1631 ct
1048 1587 1101 1632 tu
1145 1580 1359 1649 quidem
1387 1583 1607 1651 rapiens
1634 1600 1739 1640 non
1767 1601 1827 1641 es
1855 1587 2175 1657 impudens:

604 1661 696 1718 ille
723 1674 902 1721 autem
932 1684 1125 1735 rogans
1152 1681 1208 1724 ut
1231 1670 1329 1726 des
1379 1689 1571 1742 panem
1599 1686 1682 1729 cst
1715 1677 2032 1746 impudens?
2060 1678 2174 1734 Non

602 1756 804 1825 cogitas
833 1768 1025 1827 quanta
1052 1760 1123 1814 sit
1145 1762 1347 1816 ventris
1374 1764 1710 1821 necessitas?
1738 1780 1920 1821 annon
1961 1779 2179 1837 propter

604 1843 706 1899 hoc
718 1847 846 1901 facis
874 1849 1273 1905 omnialannon
1293 1863 1577 1922 propterea
1604 1856 1826 1925 negligis
1849 1857 2175 1926 spiritualia?

601 1951 780 1993 annon
803 1944 1130 2009 propositum
1154 1952 1235 1997 est
1262 1944 1452 2001 ctelum
1480 1958 1531 2001 et
1558 1962 1779 2017 regnum
1800 1950 2093 2005 calorum?
2119 1960 2174 2006 tu

601 2037 781 2084 autem
811 2030 953 2085 illius
993 2032 1190 2087 timens
1238 2035 1575 2104 tyrannidem
1606 2039 1786 2092 omnia
1827 2040 2092 2107 sustines,
2119 2048 2177 2096 et

603 2134 708 2173 non
737 2120 967 2190 despicis
986 2122 1013 2175 t
1037 2123 1162 2179 lltec
1201 2134 1283 2180 est
1309 2126 1655 2195 impudentia.
1682 2128 1799 2183 Non
1840 2130 1989 2185 vides
2016 2145 2175 2187 senes

600 2224 817 2264 mancos
844 2220 898 2264 et
920 2212 1175 2268 mutilos?
1205 2213 1333 2280 Sed,
1361 2231 1395 2269 ο
1420 2216 1669 2272 delirium
1694 2220 1708 2272 ι
1736 2219 1851 2287 llic,
1880 2220 2073 2291 inquit,
2098 2229 2177 2279 tot

598 2313 789 2354 aureos
816 2299 907 2355 dat
937 2300 1166 2367 frenari;
1200 2305 1293 2360 ille
1323 2316 1500 2361 autem
1534 2318 1630 2372 tet,
1657 2321 1711 2365 ct
1730 2311 2016 2367 mendicat.
2044 2314 2173 2369 Par-

597 2405 786 2446 verum
819 2409 1102 2463 puerorum
1135 2400 1363 2453 narratis
1411 2400 1611 2457 fabulas
1631 2443 1647 2467 ,
1682 2419 1955 2477 negasque
1990 2416 2044 2463 et
2070 2407 2167 2464 de-

598 2480 713 2534 liria
748 2501 760 2534 :
794 2498 916 2538 nam
959 2486 1033 2539 illi
1066 2486 1270 2543 fabulas
1302 2490 1438 2546 tales
1472 2506 1501 2544 a
1529 2495 1736 2549 nutrice
1775 2497 2016 2552 audiunt.
2048 2497 2168 2554 Non

596 2569 700 2625 hoc
729 2586 1036 2639 persuasum
1069 2574 1262 2643 habeo,
1296 2595 1400 2634 non
1427 2581 1624 2648 credo,
1658 2584 1816 2638 absit.
1854 2584 2171 2644 Fteneratur

594 2661 828 2731 aliquis,
856 2674 910 2718 et
960 2681 1089 2721 cum
1139 2669 1376 2725 abundet
1402 2673 1591 2741 opibus
1635 2678 1944 2733 mendicat?
1985 2694 2171 2749 quam-

594 2752 805 2817 obrem,
824 2755 931 2821 dic,
948 2759 1165 2826 quaeso?
1189 2762 1313 2829 quid
1336 2774 1414 2816 est
1436 2766 1637 2834 turpius
1654 2783 1812 2835 quam
1830 2769 2168 2828 mendicare?

593 2844 761 2897 salius
791 2855 872 2899 est
896 2848 1033 2901 mori
1058 2890 1073 2914 ,
1101 2865 1260 2918 quam
1290 2853 1616 2910 mendicare.
1643 2856 1930 2928 Quousque
1967 2862 2168 2920 erimus

591 2937 717 2988 δωνί
743 2946 796 2990 et
828 2938 1139 2995 inhumani?
1183 2944 1319 3008 Quid
1352 2962 1500 3010 vero,
1526 2964 1786 3005 omnesne
1810 2950 2162 3023 fmuerantnr,

591 3038 848 3082 omnesne
888 3040 1009 3083 sunt
1068 3032 1430 3102 impostores?
1458 3052 1685 3093 nemone
1736 3058 1860 3096 vere
1906 3046 2165 3113 pauperi

591 3115 766 3177 Certe,
790 3119 977 3188 inquit,
994 3133 1116 3177 sunt
1145 3127 1315 3182 multi.
1340 3128 1446 3183 Cur
1464 3146 1590 3199 ergo
1616 3132 1721 3187 illis
1739 3150 1843 3189 non
1863 3136 1967 3191 fers
1983 3153 2162 3207 opem,

590 3225 709 3262 cum
732 3211 806 3264 sis
831 3228 861 3265 e
885 3229 1014 3265 u'um
1038 3216 1158 3270 vita:
1184 3228 1401 3273 exactus
1421 3230 1472 3274 et
1498 3234 1778 3279 accuratus
1799 3229 2164 3283 examinator?

590 3298 713 3351 llwc
739 3311 861 3352 sunt
889 3314 1174 3369 pra-textus
1198 3317 1252 3361 et
1274 3311 1568 3363 excusatio.
1597 3311 1675 3365 Da
1703 3316 1839 3367 omni
1866 3320 2090 3385 petenti;
2116 3330 2163 3373 et

590 3404 701 3441 eum
725 3432 740 3454 ,
772 3390 860 3458 qui
887 3392 1001 3445 velit
1029 3405 1202 3448 mutuo
1231 3399 1486 3467 accipere,
1521 3418 1582 3455 ne
1610 3406 1853 3459 averseris
1883 3423 1901 3461 :
1930 3411 2163 3466 extende

590 3493 801 3534 manum
835 3491 999 3549 tuam,
1025 3502 1091 3539 ne
1118 3488 1187 3541 sit
1215 3500 1509 3545 contracta.
1539 3493 1651 3547 Non
1676 3511 1860 3553 sumus
1890 3503 2009 3554 vita}
2035 3518 2162 3558 exa-

591 3570 917 3636 minatores;
968 3575 1159 3645 alioqui
1219 3579 1414 3632 nullius
1461 3582 1528 3633 ita
1576 3585 1965 3643 miserebimur.
2012 3591 2153 3659 Cur,

586 3658 801 3723 quando
844 3661 1004 3715 Deum
1036 3680 1224 3734 rogas,
1252 3666 1418 3721 dicis:
1450 3668 1526 3725 Ne
1557 3674 1867 3732 memineris
1917 3693 2163 3745 peccato-

588 3752 712 3792 rum
738 3746 1016 3797 ineorum?
1036 3746 1419 3820 Quamobrem,
1434 3755 1645 3812 etiamsi
1669 3760 1756 3813 ille
1775 3762 1843 3813 sit
1866 3761 2019 3816 valde
2040 3778 2161 3831 pec-

590 3839 760 3897 cator,
787 3834 888 3890 hoc
913 3836 964 3890 iu
993 3838 1109 3907 ipso
1134 3857 1349 3912 quoque
1373 3859 1578 3915 reputa,
1603 3860 1655 3902 et
1677 3854 1984 3908 memineris
2011 3855 2155 3913 illius

586 3935 957 3993 peccatorum.
997 3930 1350 4002 Benignitatis
1377 3948 1429 3991 ct
1466 3939 1762 3996 clementia;
1797 3956 1879 3999 est
1918 3954 2151 4015 tempus,

588 4032 695 4071 non
720 4029 983 4077 accurata:
1000 4032 1051 4076 et
1067 4034 1270 4080 exactae
1288 4031 1721 4097 exatninationis;
1747 4034 2151 4103 misericordiae,

587 4123 694 4159 non
725 4112 1177 4170 ratiocinationis.
1201 4116 1327 4171 Vult
1351 4122 1546 4176 nutriri
1573 4140 1584 4175 :
1610 4125 1653 4177 si
1679 4126 1758 4179 vis
1778 4126 2015 4193 quidem,
2052 4130 2150 4194 da;

584 4199 669 4253 sin
721 4201 923 4269 minus,
955 4208 1206 4273 amanda,
1242 4211 1372 4264 nihil
1406 4213 1737 4282 disceptans.
1766 4214 1947 4282 Quare
1988 4221 2151 4274 miser

583 4305 643 4345 es
678 4301 730 4346 et
766 4294 989 4349 infelix?
1027 4295 1205 4365 Quare
1238 4318 1337 4357 nec
1370 4306 1483 4373 ipse
1514 4308 1817 4373 misereris,
1850 4318 1903 4363 et
1930 4326 2023 4366 eos
2056 4314 2148 4381 qui

584 4385 772 4437 volunt
804 4391 1043 4444 avertis?
1070 4390 1203 4445 Nam
1244 4398 1464 4463 quando
1507 4400 1593 4452 hic
1631 4401 1711 4454 vel
1762 4400 1855 4454 ille
1886 4416 1914 4453 a
1963 4414 2013 4457 te
2047 4420 2147 4457 au-

582 4473 746 4527 dit-rit
776 4480 917 4545 quod
947 4481 1048 4536 iste
1075 4484 1291 4547 quidem
1333 4497 1415 4540 est
1450 4489 1722 4557 deceptor,
1756 4489 1844 4543 ille
1884 4507 2010 4547 vero
2046 4495 2144 4561 hy-

1565 4590 1717 4599 ὴ.

2296 326 2497 389 pocrita
2540 337 2595 382 et
2624 330 2909 389 simulator
2931 377 2945 400 ,
2984 338 3084 395 istc
3134 352 3308 398 autem
3342 345 3683 411 fenerator:
3712 371 3875 425 neque

2295 412 2377 465 his
2403 416 2511 482 tlat,
2529 435 2699 489 neque
2726 424 2829 477 illis
2856 430 3192 497 :sospicatur
3208 436 3348 489 enim
3369 453 3559 497 omnes
3582 449 3871 503 essetalcs.

2290 502 2446 560 Scitis
2468 510 2763 581 enimqnod
2797 517 2929 571 mala
2954 519 3107 577 facile
3128 528 3500 596 snSpicamur;
3532 549 3662 605 quae
3693 549 3872 597 autem

2288 594 2449 662 bona,
2480 615 2583 653 non
2615 601 2761 658 item.
2782 604 2961 662 Simus
2989 613 3391 684 misericordes,
3421 638 3526 677 non
3556 640 3871 700 utcumque,

2282 688 2378 740 sed
2408 698 2464 743 ut
2483 690 2643 747 Pater
2674 707 2856 753 noster
2878 702 3111 760 ccclesiis
3142 724 3155 760 :
3186 709 3297 777 ipse
3320 715 3487 769 nutrit
3512 688 3798 777 adulteros
3818 734 3869 780 et

2281 788 2609 837 scortatores
2637 795 2689 839 et
2715 792 3131 861 prrestigiatorcs
3160 816 3175 851 :
3202 807 3256 853 et
3283 803 3413 871 quid
3438 806 3559 861 dico
3578 807 3605 862 ?
3644 826 3748 867 eos
3779 817 3861 883 qui

2280 869 2525 928 laborant
2572 879 2717 933 omni
2746 896 2945 951 genere
2979 890 3110 943 vitii.
3142 891 3272 947 Nam
3302 869 3547 956 necesse
3573 913 3664 957 est
3720 869 3877 963 ut'in

2280 970 2427 1016 tanto
2455 968 2653 1022 mundo
2684 974 2832 1028 multi
2860 978 2969 1033 sint
2999 982 3130 1043 tales
3156 1000 3171 1038 :
3202 985 3296 1041 sed
3328 998 3508 1047 tamen
3541 1008 3744 1051 omnes
3772 1015 3865 1052 nu-

2278 1052 2366 1105 trit
2392 1093 2408 1117 ,
2439 1070 2624 1112 «times
2654 1061 2823 1118 induit
2856 1084 2870 1120 :
2897 1084 3056 1126 nemo
3084 1089 3332 1145 umquam
3363 1078 3505 1137 fame
3527 1099 3619 1153 per
3634 1086 3727 1153 iit,
3760 1090 3865 1145 nisi.

2275 1142 2397 1210 quis
2417 1144 2553 1203 forte
2580 1164 2673 1205 sua
2697 1166 2911 1221 sponte.

2345 1232 2590 1290 Monac/ti
2609 1240 2976 1315 elecmorynam
2993 1260 3234 1318 petentes.
3260 1256 3596 1333 Eleemosyna
3609 1270 3866 1333 quomodo

2268 1322 2460 1378 danda.
2486 1356 2559 1368 —
2595 1330 2664 1383 Ita
2697 1335 2863 1391 simus
2907 1342 3283 1403 misericordes
3318 1369 3331 1405 :
3364 1362 3419 1406 et
3444 1322 3695 1425 sivegeat,
3728 1370 3784 1413 ct
3816 1361 3861 1415 si

2268 1415 2337 1468 sit
2359 1417 2410 1469 in
2431 1424 2767 1492 neceSsitate,
2788 1428 2836 1482 ei
2856 1430 2935 1485 fer
2950 1448 3127 1502 opem.
3146 1438 3297 1495 Nunc
3316 1454 3494 1500 autem
3521 1450 3773 1503 venimus
3796 1466 3858 1505 co

2269 1503 2770 1580 irrationabilitatis,
2804 1528 2859 1571 ut
2890 1535 2994 1574 nou
3025 1527 3198 1580 solum
3225 1528 3326 1585 hoc
3349 1531 3614 1591 faciamus
3646 1539 3700 1590 in
3734 1556 3862 1610 pau-

2266 1596 2480 1697 peribus
2506 1601 2593 1667 qui
2618 1604 2891 1664 ambulant
2921 1627 3018 1681 per
3055 1622 3287 1688 compita
3319 1633 3372 1678 et
3398 1596 3747 1697 angiportns:
3767 1630 3867 1687 sed

2262 1686 2424 1741 etiam
2448 1690 2498 1744 in
2531 1698 2826 1753 monachis.
2852 1702 2949 1759 Hic
2978 1708 3059 1762 vel
3088 1709 3196 1775 ille,
3226 1714 3417 1785 inquit,
3441 1731 3522 1773 est
3545 1722 3839 1792 impostor.

2262 1776 2379 1885 {fon
2427 1780 2531 1885 hoc
2581 1788 2738 1843 modo
2774 1792 3017 1852 dicebam
3040 1841 3056 1867 ,
3088 1806 3228 1871 quod
3260 1776 3313 1861 si
3353 1776 3607 1867 omnibus
3628 1776 3855 1885 quidem

2260 1867 2450 1928 demus
2500 1875 2961 1943 indiscriminatim
2987 1929 3005 1957 ,
3044 1906 3266 1964 semper
3305 1900 3726 1973 miserebimnr;
3764 1910 3847 1964 sin

2269 1977 2447 2025 autem
2475 1979 2800 2044 eruperimus
2822 1996 2943 2037 esse
2967 1986 3164 2040 curiosi
3193 2029 3208 2052 ,
3240 2004 3531 2059 numquam
3566 1995 3860 2049 miserebi-

2270 2063 2432 2118 mur?
2454 2065 2590 2134 Quid
2612 2069 2779 2126 dicis?
2810 2082 2867 2126 ut
2889 2090 3079 2144 panem
3101 2081 3331 2151 accipiat
3353 2094 3435 2137 est
3464 2084 3732 2154 impostor
3747 2086 3773 2140 τ
3794 2085 3852 2142 Si

2268 2161 2475 2223 peteret
2502 2158 2717 2239 quidem
2768 2164 2963 2220 talenta
2992 2168 3107 2223 auri
3150 2179 3205 2225 et
3242 2175 3486 2242 argenti,
3536 2186 3632 2230 aut
3679 2187 3867 2233 vestes

2266 2246 2529 2313 pretiosas
2564 2236 2623 2305 et
2666 2256 3011 2327 magnificas,
3045 2271 3136 2316 aut
3165 2265 3430 2347 mancipia
3454 2306 3470 2332 ,
3504 2269 3705 2323 merito
3732 2270 3869 2324 eunt

2261 2349 2483 2394 vocares
2506 2340 2847 2426 deceptorem
2870 2366 2888 2402 :
2916 2352 2960 2406 si
2987 2362 3165 2409 autem
3211 2340 3342 2411 nihil
3372 2357 3588 2426 horum,
3619 2360 3719 2416 sed
3751 2361 3855 2416 ali-

2260 2439 2499 2487 mentum
2519 2443 2573 2489 et
2601 2424 2985 2511 tegumentum,
3009 2460 3129 2515 quze
3147 2459 3271 2502 sunt
3297 2424 3673 2521 philosophiae,
3696 2468 3859 2519 num,

2257 2535 2442 2591 quaeso
2466 2565 2480 2589 ,
2506 2526 2627 2584 ideo
2655 2529 2947 2603 deceptor?
2976 2539 3259 2596 Cessemus
3280 2544 3347 2598 ab
3374 2543 3473 2599 hac
3501 2546 3812 2615 importuna
3833 2592 3851 2615 ,

2254 2618 2489 2673 satanica
2525 2631 2579 2677 et
2619 2626 2913 2694 perniciosa
2942 2634 3275 2691 curiositate.
3310 2637 3441 2693 Nam
3474 2642 3517 2695 si
3546 2657 3605 2696 se
3629 2644 3681 2697 in
3714 2646 3846 2701 Clt'l'l

2252 2705 2465 2775 quidem
2498 2728 2781 2771 numerum
2808 2719 2950 2775 dicat
2970 2738 3090 2778 esse
3112 2728 3358 2796 relatum,
3390 2743 3480 2785 aut
3508 2733 3553 2788 si
3581 2748 3641 2789 se
3670 2741 3849 2792 nomi-

2252 2806 2345 2852 net
2396 2803 3051 2881 sacerdotem,diligcnter
3096 2815 3323 2887 inquire,
3348 2831 3400 2875 et
3439 2823 3515 2877 sis
3561 2827 3844 2896 curiosus;

2251 2902 2357 2942 non
2384 2900 2468 2946 est
2495 2896 2638 2950 enim
2671 2913 2865 2969 expers
2894 2906 3113 2973 periculi
3146 2925 3267 2979 qua:
3296 2914 3413 2968 sine
3455 2920 3709 2973 examine
3736 2921 3847 2976 illic

2250 2974 2309 3031 tit
2332 2985 2786 3053 communicatio;
2819 2991 2887 3047 de
2918 2996 3076 3051 rebus
3107 3001 3250 3054 enim
3284 3006 3488 3072 magnis
3518 3018 3598 3062 est
3630 3012 3849 3078 pericu-

2248 3066 2355 3123 lutn
2388 3087 2401 3123 :
2428 3076 2570 3143 quod
2596 3079 2640 3132 si
2667 3082 2842 3137 cibum
2871 3098 3035 3154 petat,
3066 3091 3194 3146 nihil
3218 3098 3527 3163 examines;
3560 3117 3665 3155 non
3695 3106 3842 3159 enim

2246 3161 2361 3225 das,
2394 3168 2486 3221 scd
2512 3172 2731 3241 accipis.
2762 3176 2993 3246 Exquire
3018 3183 3060 3235 si
3088 3185 3184 3243 vis.
3221 3196 3275 3240 et
3301 3202 3542 3246 scrutare
3567 3198 3841 3263 quomodo

2256 3248 2527 3303 Abraham
2560 3266 2618 3306 se
2648 3254 2926 3312 exhiberet
2956 3260 3275 3331 hospitalem
3319 3268 3371 3321 in
3401 3248 3598 3327 eomes.
3621 3248 3848 3343 quiac-

2254 3338 2534 3396 cedebant.
2555 3343 2609 3398 Si
2635 3344 2702 3399 de
2725 3348 2788 3401 iis
2810 3350 2897 3417 qui
2930 3352 2995 3406 ad
3026 3354 3197 3424 ipsum
3228 3358 3607 3431 confugiebant
3629 3338 3855 3425 curiose

2253 3433 2399 3485 esset
2425 3444 2712 3504 scrutatus,
2733 3438 2963 3509 hospitio
2991 3460 3096 3498 non
3121 3451 3419 3517 excepisset
3447 3456 3701 3525 angelos;
3735 3459 3846 3514 for-

2254 3531 2393 3577 tasse
2410 3525 2552 3579 enim
2582 3542 2686 3582 non
2713 3531 3024 3590 existimans
3049 3553 3142 3593 eos
3162 3554 3282 3595 esse
3304 3544 3545 3614 angelos,
3574 3563 3698 3604 cum
3721 3554 3845 3607 aliis

2254 3614 2374 3669 illos
2402 3634 2613 3687 quoque
2651 3624 2943 3691 expulisset
2976 3649 2987 3681 :
3019 3630 3111 3682 scd
3146 3634 3399 3701 quoniam
3448 3652 3638 3693 omnes
3686 3645 3840 3698 exci-

2253 3707 2449 3775 piebat,
2481 3713 2688 3781 excepit
2712 3717 2872 3771 etiam
2894 3723 3135 3789 angelos.
3162 3724 3294 3779 Num
3314 3743 3377 3782 ex
3402 3730 3504 3783 vita
3533 3735 3724 3789 eorum
3748 3740 3841 3806 qui

2250 3801 2547 3868 accipiunt,
2582 3805 2672 3858 tibi
2699 3810 3000 3863 mercedem
3030 3812 3120 3868 tlat
3146 3815 3325 3870 Dens?
3368 3818 3446 3873 Ex
3473 3822 3644 3878 libero
3672 3801 3840 3882 animi

2251 3891 2511 3958 instituto,
2533 3911 2597 3950 ex
2624 3902 2785 3952 multa
2810 3902 3129 3961 liberalitate
3156 3914 3615 3980 etmunificentia,
3646 3934 3713 3972 ex
3747 3921 3844 3975 be-

2251 3984 2505 4053 nignitate
2536 3999 2588 4042 et
2622 3991 2866 4049 bonitate
2892 4014 2903 4049 :
2936 3996 3051 4051 iure
3082 4001 3239 4067 adsit,
3285 4014 3335 4057 et
3360 4008 3540 4061 omnia
3580 4009 3722 4064 bona
3750 4002 3845 4065 as-

2250 4078 2513 4141 sequeris,
2540 4080 2669 4147 Quae
2692 4083 2851 4137 detur
2875 4091 3127 4143 omnibus
3154 4093 3310 4149 nobis
3335 4100 3590 4168 consequi
3615 4142 3631 4166 ,
3660 4106 3849 4171 gratia

2248 4179 2301 4219 et
2331 4168 2652 4240 benignitate
2686 4176 2897 4233 Domini
2950 4185 3117 4237 nostri
3149 4185 3275 4241 Jesu
3305 4187 3503 4245 Christi
3530 4234 3545 4257 ,
3573 4208 3695 4248 cum
3729 4212 3842 4265 quo

2250 4260 2390 4314 Patri
2439 4280 2537 4316 una
2591 4282 2711 4321 cum
2760 4281 2947 4326 sancto
2992 4275 3194 4345 Spiritu
3238 4281 3406 4350 gloria
3436 4325 3452 4349 ,
3508 4260 3793 4357 imperium
3822 4332 3838 4355 ,

2251 4351 2455 4417 honor,
2492 4371 2633 4412 nutic
2675 4367 2730 4413 et
2774 4376 3023 4431 semper,
3063 4376 3117 4421 et
3148 4368 3201 4422 in
3248 4372 3443 4427 saecula
3490 4378 3851 4437 saeculorum.

2252 4441 2438 4496 Amen.

576 4581 2170 4709 ““““““””“-“”““Ἷᾶ

2262 4599 2542 4718 Η

574 4751 685 4811 CAP
735 4755 780 4807 'I.
833 4768 881 4805 v.
937 4753 983 4805 l.
1033 4750 1129 4807 Hic
1170 4751 1302 4805 enim
1355 4752 1757 4821 Melchisedech,
1798 4772 1887 4809 rex
1934 4757 2151 4826 Salem,

654 4861 881 4898 tacet-uos
914 4844 1005 4898 Dei
1029 4848 1227 4904 summi,
1260 4846 1346 4913 qui
1372 4846 1579 4902 obuiauit
1613 4847 1825 4901 Abraltte
1850 4866 2076 4919 regresso
2125 4868 2157 4905 α

648 4936 785 4991 aede
808 4953 1001 5007 regum,
1037 4947 1082 4990 et
1110 4938 1357 4992 benediin
1386 4939 1431 4992 ei
1461 4956 1476 4992 :
1505 4938 1558 4993 2.
1590 4941 1671 4993 cui
1698 4950 1741 4992 et
1783 4941 2003 4997 decimas
2048 4961 2157 4997 om-

653 5031 791 5081 nium
818 5030 983 5081 divisit
1014 5028 1301 5091 Abraham;
1335 5031 1547 5097 primum
1575 5033 1772 5101 quidem
1796 5034 2154 5103 interpretatur

651 5137 740 5177 rex
757 5121 990 5188 justitiw,
1015 5121 1197 5174 deinde
1221 5132 1386 5175 autem
1410 5134 1455 5175 et
1478 5140 1568 5177 rex
1588 5124 1781 5191 Salem,
1812 5112 1946 5193 quod
1971 5136 2041 5180 est
2066 5144 2155 5181 rex

652 5216 827 5279 pacis;
859 5211 912 5265 5.
944 5213 1049 5264 sine
1076 5224 1250 5281 putre,
1283 5216 1391 5267 sine
1430 5226 1621 5279 matre,
1671 5218 1779 5269 sine
1820 5219 2114 5289 genealogis
2136 5260 2151 5284 ,

652 5318 809 5369 neque
833 5303 1029 5356 initium
1061 5304 1275 5367 dierum,
1307 5322 1462 5375 neque
1489 5307 1639 5373 ﬁnem
1666 5308 1779 5360 vitae
1818 5310 2034 5374 habens,
2066 5327 2154 5365 as-

652 5394 897 5446 similatas
926 5405 1093 5449 autem
1127 5394 1261 5449 Filio
1286 5396 1405 5463 Dei,
1440 5409 1603 5453 manet
1634 5402 1865 5454 sacerdos
1892 5402 1942 5454 in
1971 5419 2151 5473 ρει-ρει

654 5493 810 5537 Mittit.

661 5578 703 5636 ι.
749 5578 1024 5635 \‘etctisct
1052 5581 1179 5637 Novi
1214 5582 1398 5639 volens
1443 5583 1634 5641 l‘aulus
1675 5586 1957 5644 ostendere
2000 5584 2153 5645 dilic-

2261 4764 2513 4832 rcnliam,
2543 4767 2725 4823 multis
2757 4770 2811 4825 in
2842 4771 2973 4827 locis
3002 4773 3052 4828 id
3085 4776 3396 4833 disseminat
3420 4822 3435 4845 ,
3470 4784 3863 4857 pnnludttque,

2259 4866 2521 4921 auresque
2552 4859 2851 4914 auditorum
2877 4864 3125 4933 explorat
3148 4876 3201 4919 et
3248 4870 3393 4937 prius
3434 4887 3668 4930 exercet.
3715 4878 3854 4935 Nam

2265 4954 2319 4997 et
2350 4947 2527 4998 statim
2558 4950 2623 4999 ah
2655 4950 2806 5007 initio
2836 4952 2939 5009 hoc
2968 4965 3234 5027 tamquam
3263 4961 3664 5022 fundamentum
3692 4972 3849 5041 jecit,

2261 5034 2443 5091 dicens
2476 5055 2489 5091 :
2522 5038 2627 5091 Illis
2658 5043 2873 5110 quidem
2903 5046 3148 5115 loquutus
3174 5062 3257 5105 est
3285 5054 3335 5107 in
3362 5056 3656 5126 prOphetiS,
3690 5034 3851 5121 nobis

2261 5137 2436 5181 autem
2470 5132 2518 5182 in
2552 5130 2686 5184 Filio
2722 5150 2733 5184 :
2771 5136 2874 5189 illis
2914 5140 3256 5197 multifariam
3307 5148 3592 5220 multisque
3637 5156 3850 5224 modis,

2260 5222 2614 5277 nobisautcm
2646 5242 2738 5295 per
2767 5228 2986 5284 Filium.
3025 5234 3223 5290 Deinde
3253 5253 3373 5292 cum
3401 5241 3467 5294 de
3518 5242 3655 5300 Filio
3698 5222 3848 5316 quis;

2261 5326 2381 5363 nam
2412 5326 2551 5368 esset
2581 5316 2917 5373 deseruisset
2947 5324 3149 5392 etquid
3180 5326 3425 5394 fecisset,
3462 5340 3517 5385 et
3558 5336 3603 5387 ei
3648 5354 3860 5407 parere

2260 5407 2532 5471 suasisset,
2568 5425 2633 5464 nc
2665 5411 2816 5465 nobis
2848 5414 3032 5469 eadem
3066 5420 3368 5474 acciderent
3399 5440 3516 5492 qua:
3543 5426 3764 5497 Iudaeis,
3793 5445 3855 5489 ct

2258 5496 2481 5553 dixiswt
2524 5517 2643 5555 eum
2690 5518 2809 5559 esse
2858 5508 3197 5565 sacerdotem
3246 5518 3539 5572 secundum
3595 5521 3845 5581 ordinem

2260 5590 2644 5651 Melchisedech
2668 5638 2680 5666 ,
2706 5608 2784 5653 et
2823 5615 2965 5670 smpc
2995 5603 3250 5662 voluisset
3279 5606 3415 5665 hanc
3448 5611 3652 5683 ingredi
3684 5616 3841 5671 ditia-
