4060 6404
218 276 285 330 97
998 288 1065 346 IN
1102 288 1316 348 EPIST.
1360 290 1453 345 AD
1492 287 1809 347 ΙΙΕΒΠᾸΞΟΕ

1910 286 2042 344 IAP.
2089 285 2200 345 VH.
2244 286 2472 347 ιιοιιιι.
2518 289 2625 348 ΧΙΙ.
3443 299 3513 356 98

218 402 474 471 rentiam,
494 412 550 462 et
561 405 726 461 multa
745 404 891 477 prius
907 403 988 460 dis
997 417 1296 476 pensasset,
1314 421 1517 478 eosque
1535 416 1807 478 tamquam

219 494 522 551 imbecillos
548 498 883 569 increpassct
908 509 961 555 et
1012 515 1201 555 rursus
1231 512 1471 556 curasset
1497 510 1549 555 et
1574 515 1816 556 recreas-

218 597 305 642 set
326 596 383 643 ut
401 589 738 645 conlidercnt
757 608 770 643 :
792 599 919 646 tunc
941 592 1163 648 auribus
1184 592 1295 662 jam
1316 593 1616 663 vigentibus
1638 602 1694 648 et
1720 608 1815 649 ve-

221 679 810 750 getisaﬂ‘ertrationem
838 682 1158 739 differentia:
1187 702 1202 740 :
1231 701 1355 739 nam
1384 687 1474 757 qui
1492 684 1705 754 deiecto
1731 698 1813 745 est

219 774 425 840 animo,
442 791 547 830 non
566 775 723 833 facile
735 777 987 833 audierit.
1009 779 1071 834 Et
1093 780 1146 833 id
1170 788 1226 834 ιιι
1246 780 1406 846 scias,
1426 780 1550 834 audi
1574 780 1664 836 Scr
1678 791 1818 850 iptu-

217 883 335 922 ram
380 868 648 924 dicentem
683 886 697 923 :
732 870 798 924 Et
850 888 951 925 non
996 873 1269 927 audierunt
1319 873 1553 944 Moysem
1605 858 1814 943 propter

217 959 694 1030 pusillanimitatent
721 962 916 1033 (Exod.
944 962 998 1019 6.
1041 964 1125 1035 9).
1156 964 1449 1035 Propterea
1484 981 1607 1019 cum
1664 965 1813 1035 prius

214 1051 399 1105 multis
442 1060 501 1107 et
550 1053 881 1111 terribilibus
931 1063 987 1110 et
1034 1055 1257 1127 placidis
1280 1072 1342 1111 ac
1368 1056 1614 1127 benignis
1634 1056 1814 1111 verbis

212 1154 404 1195 eorum
430 1143 783 1200 exinaniisset
802 1144 967 1199 animi
995 1148 1374 1217 mgriludinetn
1394 1190 1408 1211 ,
1444 1158 1571 1203 tunc
1599 1148 1668 1204 de
1707 1164 1815 1204 cm-

214 1241 336 1289 tero
378 1234 661 1290 descendit
688 1236 755 1291 ad
786 1239 1053 1313 rationein
1083 1238 1402 1295 diiferctttiu:
1433 1261 1445 1294 :
1476 1252 1530 1295 et
1560 1242 1685 1311 quid
1727 1242 1814 1296 dio

207 1324 326 1378 cit?
359 1323 460 1379 Hic
480 1328 614 1380 enint
645 1326 1020 1385 Melchisedech
1080 1348 1169 1386 rea:
1193 1332 1401 1400 Salem,
1430 1336 1669 1390 sacerdos
1715 1334 1811 1390 Dei

206 1416 421 1468 animi.
455 1417 519 1470 Et
549 1419 691 1486 quod
719 1428 803 1475 est
832 1422 1076 1478 mirabile
1100 1465 1115 1490 ,
1145 1423 1199 1478 in
1233 1424 1349 1494 ipso
1400 1436 1525 1496 typo
1573 1428 1813 1482 ostendit

208 1508 437 1563 multant
472 1525 595 1566 esse
621 1511 1006 1569 ddierentiant.
1036 1516 1168 1571 Nam
1216 1519 1356 1572 sicut
1402 1520 1548 1587 dixi,
1601 1535 1631 1574 a
1683 1530 1812 1592 typo

210 1614 429 1669 semper
473 1601 631 1656 tidem
672 1603 797 1659 facit
827 1607 1078 1673 veritati,
1107 1623 1172 1663 ex
1203 1611 1489 1677 prmterttis
1522 1613 1809 1679 pratscntia

206 1692 430 1759 asserit,
466 1706 687 1762 propter
713 1695 1133 1753 imbecillitatem
1162 1701 1488 1755 auditorum.
1525 1702 1626 1757 Hic
1650 1706 1806 1773 enim,

210 1783 405 1854 inquit.
443 1784 839 1853 Melchisedech,
868 1805 962 1843 rea:
987 1789 1185 1856 Solem,
1216 1795 1453 1849 sacerdos
1478 1792 1571 1849 Dei
1592 1798 1806 1863 summi,

208 1885 257 1928 et
287 1877 376 1941 qui
400 1877 618 1933 obuiauit
640 1880 861 1935 Abrahte
879 1898 1106 1953 regresso
1126 1902 1158 1937 a
1183 1886 1320 1939 cwde
1343 1904 1517 1958 regum
1537 1929 1550 1951 ,
1581 1899 1626 1943 et
1656 1890 1809 1943 bene-

205 1966 344 2021 dixit
383 1970 473 2021 ei:
510 1971 595 2023 cui
643 1979 690 2024 et
730 1972 953 2028 decimas
992 1977 1217 2029 omnium
1263 1977 1431 2032 divisit
1479 1980 1755 2035 Abraham.
1790 1984 1807 2015 ί

209 2056 347 2112 Cum
400 2060 638 2115 breviter
688 2072 854 2119 totam
910 2066 1178 2135 posuisset
1229 2082 1589 2128 narrattonem
1621 2116 1635 2139 ,
1688 2090 1807 2130 eam

208 2152 439 2220 mystice
460 2164 540 2208 est
560 2157 989 2227 contemplatus:
1013 2168 1068 2215 et
1092 2161 1319 2230 primum
1341 2179 1370 2217 a
1400 2166 1616 2221 nomine
1642 2184 1657 2221 :
1694 2168 1811 2223 Pri-

210 2258 352 2294 mum
382 2244 607 2315 quidem,
635 2246 825 2318 inquit,
853 2252 1219 2320 interpretatur
1238 2258 1577 2328 rexjnstitice.
1606 2260 1806 2321 Recte:

208 2334 421 2391 Sedcch
452 2336 597 2392 enim
627 2339 823 2395 dicitur
847 2342 1077 2412 justitia,
1100 2346 1288 2403 Melchi
1311 2358 1491 2406 autem
1516 2368 1607 2408 rex
1638 2372 1650 2407 :
1679 2370 1810 2426 ergo

208 2424 606 2484 Melchisedech
631 2446 727 2485 rex
756 2430 980 2501 justitize
1006 2445 1107 2493 est.
1138 2436 1302 2495 Vides
1328 2442 1488 2496 etiam
1533 2443 1585 2498 in
1631 2424 1808 2501 nomi-

210 2518 372 2572 nibus
412 2533 720 2577 accuratam
763 2523 1137 2596 diligentiam?
1182 2529 1313 2599 Quis
1357 2542 1443 2588 est
1478 2547 1659 2591 autem
1704 2554 1805 2593 rex

202 2610 453 2680 justitiae,
476 2615 577 2669 nisi
602 2616 858 2672 Dominus
890 2630 1074 2676 noster
1100 2621 1257 2679 Jesus
1287 2626 1580 2683 Christus?
1606 2630 1810 2688 Deinde

206 2703 373 2757 etiam
408 2722 500 2760 rex
531 2707 729 2774 Salem,
761 2726 791 2764 a
819 2713 1035 2770 civitate
1067 2735 1080 2771 :
1115 2714 1218 2773 hoc
1245 2729 1330 2776 est
1359 2735 1456 2777 rex
1484 2724 1630 2793 pacis
1663 2742 1675 2777 :
1709 2725 1810 2781 hoc

206 2797 359 2851 enim
388 2798 660 2869 signiﬁcat
685 2802 885 2859 Salem.
923 2806 1076 2875 Quod
1109 2825 1297 2875 rursus
1318 2824 1400 2871 est
1428 2813 1630 2872 Christi
1658 2836 1671 2871 :
1724 2820 1811 2877 hic

207 2886 358 2941 enim
390 2904 490 2943 nos
519 2890 646 2947 fecit
669 2893 847 2962 justas
866 2937 881 2959 ,
909 2907 964 2952 et
995 2899 1294 2969 pacilit-avit
1320 2920 1444 2975 qua:
1467 2917 1591 2961 sunt
1620 2908 1673 2962 in
1701 2927 1809 2965 ca:-

205 2976 299 3038 lis.
326 2988 382 3034 et
408 2996 528 3051 qua!
559 2982 611 3037 in
638 2994 803 3039 terra.
835 2987 968 3056 Quis
1016 2991 1178 3048 homo
1218 3003 1302 3049 est
1348 3012 1441 3051 rex
1487 2997 1715 3067 justitia:
1757 3014 1813 3058 ct

205 3070 403 3135 pacis?
450 3071 637 3127 Nullus
682 3088 763 3131 est
809 3079 909 3134 nisi
960 3081 1109 3137 solus
1144 3083 1405 3143 Dominus
1434 3099 1620 3145 noster
1648 3092 1810 3148 Jesns

207 3162 484 3218 Christus.
518 3162 722 3220 Deinde
761 3166 921 3221 aliam
968 3181 1184 3237 quoque
1227 3168 1501 3239 subjungit
1546 3169 1804 3228 diii‘eren-

208 3253 365 3308 tiam.
400 3253 526 3309 Sine
546 3266 709 3324 patre,
749 3254 859 3311 sine
894 3266 1091 3320 matre,
1131 3258 1242 3313 sine
1278 3262 1607 3333 genealogia,
1648 3280 1808 3335 neque

208 3344 413 3398 initium
436 3345 655 3409 dierum,
681 3363 841 3417 neque
865 3348 981 3402 vita:
1025 3350 1179 3417 finem
1221 3350 1409 3406 habens
1434 3394 1449 3417 ,
1493 3355 1806 3411 assimilatas

209 3446 381 3491 autem
414 3436 551 3491 Filio
580 3436 708 3503 Dei,
738 3450 904 3494 manet
936 3444 1173 3497 sacerdos
1211 3443 1264 3498 in
1304 3457 1620 3516 perpetuum.
1663 3449 1807 3517 Quo-

208 3528 356 3582 niam
387 3544 521 3598 ergo
546 3529 597 3584 ei
625 3530 1049 3586 adversabantur
1084 3550 1203 3605 qua:
1251 3535 1391 3591 dicta
1437 3548 1591 3603 sttnt,
1640 3539 1720 3594 Tu
1757 3558 1808 3596 es

208 3620 451 3675 sacerdos
481 3622 529 3673 in
556 3630 801 3675 aeternum
828 3624 1106 3678 secundum
1129 3629 1360 3683 ordinem
1396 3628 1808 3699 Melchisedech;

210 3708 301 3765 ille
321 3720 503 3766 autem
530 3721 647 3767 erat
672 3721 941 3781 mortuus,
969 3724 1025 3771 et
1045 3732 1151 3772 non
1179 3716 1277 3773 fuit
1306 3720 1635 3778 sacerdosin
1657 3735 1809 3779 ceter-

211 3816 339 3857 num
373 3818 388 3855 :
423 3802 546 3859 vide
573 3806 847 3875 quomodo
878 3807 983 3863 hoc
1008 3807 1081 3863 sit
1106 3812 1523 3882 contemplatus.
1567 3814 1644 3870 Ne
1686 3816 1809 3885 quis

207 3892 356 3947 enim
380 3894 661 3964 objiccret,
697 3895 765 3951 Et
796 3897 916 3967 quis
949 3898 1051 3955 hoc
1081 3899 1153 3956 de
1182 3902 1400 3959 homine
1428 3904 1664 3961 dixerit?
1690 3906 1808 3966 Non

210 3998 273 4039 re
300 3985 412 4055 ipsa
434 4026 449 4048 ,
479 3986 674 4057 inquit,
730 3988 892 4047 dico:
917 3989 1020 4046 hoc
1049 4001 1153 4059 est,
1185 3992 1469 4050 Nercimus
1517 4013 1667 4067 quem
1701 3998 1807 4054 Pa-

210 4085 347 4131 trem
372 4077 639 4139 habuerit.
670 4091 763 4136 aut
782 4098 941 4151 quam
965 4094 1189 4141 matrem
1218 4101 1233 4140 :
1268 4103 1375 4143 non
1401 4089 1620 4158 quando
1646 4106 1807 4148 acce-

209 4168 352 4239 perit
379 4169 589 4225 initittm
612 4211 630 4237 ,
658 4188 769 4229 non
798 4175 1013 4244 quando
1040 4177 1111 4233 sit
1138 4188 1404 4235 mortuus.
1429 4181 1497 4237 Et
1520 4183 1647 4253 quid
1671 4194 1805 4254 tum,

214 4260 434 4332 inquit?
456 4279 583 4318 num
610 4268 863 4335 quoniam
888 4270 1161 4327 nescimus
1182 4314 1199 4337 ,
1244 4290 1350 4330 non
1398 4284 1481 4331 est
1526 4288 1769 4335 mortuus
1787 4320 1805 4348 ,

208 4370 312 4411 nec
343 4354 531 4409 habuit
561 4360 853 4427 parentes?
879 4361 1048 4419 Recte
1075 4364 1232 4431 dicis,
1264 4375 1318 4420 et
1341 4378 1582 4425 martum
1602 4380 1720 4439 est,
1752 4380 1810 4428 et

212 4446 405 4503 habuit
441 4460 711 4520 parentes.
743 4450 1024 4518 Quomodo
1051 4471 1200 4526 ergo,
1229 4456 1358 4512 Sine
1381 4470 1527 4529 patre
1548 4472 1593 4515 et
1615 4465 1809 4521 matre?

205 4542 507 4607 quomodo,
547 4539 728 4614 Neque
764 4542 967 4599 initium
1012 4546 1244 4614 dierum,
1287 4566 1451 4618 neque
1497 4554 1651 4622 ﬁnem
1695 4556 1812 4612 vita

207 4630 400 4686 habens
417 4633 445 4687 .’
471 4633 797 4702 Quomodo?
826 4653 893 4693 eo
919 4640 1060 4709 quod
1091 4640 1143 4696 in
1176 4642 1453 4713 Scriptura
1482 4663 1589 4703 non
1615 4648 1811 4705 adera-

207 4733 316 4780 tur.
352 4725 419 4780 Et
448 4726 577 4796 quid
604 4728 705 4783 hoc
728 4730 853 4785 est?
902 4731 971 4788 Ut
1015 4732 1103 4789 hic
1149 4734 1266 4791 sine
1318 4735 1510 4800 Patre.
1552 4741 1809 4810 quoniam

208 4831 317 4871 non
347 4828 663 4874 recensetur
685 4822 996 4895 genealogia
1029 4839 1045 4877 :
1081 4825 1152 4881 ita
1180 4825 1431 4885 Christus
1460 4829 1574 4902 ipsa
1603 4833 1681 4888 rei
1710 4849 1811 4889 na-

207 4915 351 4960 tura.

278 4997 336 5055 2.
368 4998 513 5055 Ecce
542 5015 643 5057 nec
669 5002 877 5059 initium
912 5021 1011 5063 nec
1034 5006 1194 5064 tinem
1223 5008 1447 5068 habens.
1475 5012 1627 5072 Sicut
1652 5014 1812 5086 huius

206 5090 487 5146 nescimus
512 5108 688 5163 neque
711 5096 920 5152 initium
950 5098 1161 5155 dierum
1188 5143 1203 5166 ,
1233 5118 1409 5173 neque
1436 5106 1561 5161 vitae
1606 5106 1767 5165 linem
1792 5150 1809 5177 ,

204 5196 275 5238 eo
304 5183 451 5249 quod
486 5200 591 5240 non
621 5188 817 5260 scripta
848 5190 959 5246 sint
991 5210 1004 5247 :
1035 5192 1109 5249 ita
1152 5194 1283 5252 Jesu
1333 5199 1606 5257 nescimus
1629 5244 1646 5269 ,
1700 5217 1811 5258 non

207 5274 354 5344 quod
388 5292 494 5330 non
527 5279 724 5349 scripta
762 5280 909 5345 sint,
936 5283 1031 5340 sed
1060 5287 1186 5357 quia
1220 5305 1326 5345 non
1356 5300 1505 5349 sunt.
1537 5292 1670 5349 Nam
1716 5295 1811 5359 ille

207 5366 430 5436 quidem
456 5378 539 5423 est
566 5370 757 5440 ﬁgura,
784 5383 839 5429 et
866 5374 990 5432 ideo
1016 5393 1122 5433 non
1146 5390 1230 5435 est
1260 5382 1520 5453 scriptum
1549 5402 1563 5439 :
1595 5386 1681 5441 hic
1710 5402 1810 5443 au-

210 5467 319 5511 tem
351 5460 569 5520 veritas.
589 5472 642 5516 et
668 5462 790 5521 ideo
817 5482 923 5521 non
942 5477 1027 5524 est
1044 5471 1351 5528 talis.Sicut
1371 5475 1534 5531 etiam
1558 5478 1610 5533 in
1640 5480 1814 5535 nomi-

209 5548 371 5603 nibus
396 5566 411 5604 :
448 5566 571 5607 nant
601 5552 686 5609 hic
724 5556 938 5628 quidem
963 5570 1117 5616 erant
1143 5565 1554 5639 appellationes,
1581 5568 1694 5627 Rex
1718 5571 1811 5643 jtt-

287 5716 307 5750 ⁸
332 5714 420 5767 Hie
445 5718 610 5781 mcipit
633 5719 681 5769 in
704 5718 835 5772 Colit.
862 5722 1059 5776 humilia
1082 5726 1390 5787 duodecima.

1911 408 2073 461 stitiae
2100 418 2155 464 et
2176 410 2349 480 pacis,
2380 408 2489 462 illic
2518 416 2702 462 autetn
2732 419 2913 461 rerum
2950 405 3150 461 veritas
3194 422 3207 460 :
3249 406 3320 460 ita
3353 407 3517 461 etiam

1913 499 1999 554 hic
2012 515 2228 570 quoque
2257 508 2381 555 sunt
2406 499 2821 568 appellationes,
2846 497 2954 551 illic
2982 507 3163 553 autem
3180 512 3356 553 rerum
3378 496 3517 551 veri-

1914 601 2017 647 tas.
2047 593 2332 662 Quomodo
2356 608 2488 663 ergo
2520 593 2681 648 habet
2711 591 2967 647 initium?
2998 591 3157 647 Vides
3172 591 3366 646 Filium
3393 606 3518 646 esse

1914 685 2032 740 sine
2055 686 2229 751 initio,
2246 700 2353 741 non
2372 686 2639 757 quodnon
2659 666 3084 740 habeatcausam
3102 701 3118 749 ;
3136 683 3239 739 hoc
3249 683 3394 740 enim
3415 697 3523 737 non

1916 785 2094 846 potest
2138 776 2290 841 ﬂeri;
2332 775 2495 831 habet
2529 776 2677 831 enim
2704 776 2918 831 Patrem
2953 795 2969 830 :
2999 790 3125 828 nam
3157 774 3359 845 alioqui
3385 789 3524 844 quo-

1919 866 2081 922 modo
2106 865 2288 922 (ilius?
2314 865 2409 922 sed
2432 866 2575 937 quod
2598 882 2703 920 non
2728 864 2923 919 habeat
2941 864 3153 918 initium
3173 862 3319 926 vitm,
3352 874 3528 930 neque

1920 959 2103 1015 linem.
2151 960 2477 1015 Assimitatus
2505 970 2676 1014 autem
2722 956 2863 1012 Filio
2902 955 3021 1011 Dei.
3058 955 3162 1013 Ubi
3203 964 3288 1011 est
3334 953 3529 1009 simili-

1921 1052 2090 1109 tudo?
2132 1051 2286 1120 Quod
2338 1061 2394 1107 et
2438 1052 2597 1121 hujus
2637 1059 2694 1106 et
2740 1050 2886 1106 illius
2934 1049 3097 1105 linem
3133 1049 3445 1119 ignoramus
3470 1058 3527 1101 et

1922 1141 2131 1199 initium
2160 1157 2175 1195 :
2206 1142 2303 1198 sed
2329 1140 2489 1213 hujus
2533 1141 2788 1214 quidem,
2838 1155 2905 1196 ex
2948 1156 3019 1197 eo
3067 1138 3211 1209 quod
3258 1153 3363 1194 non
3415 1137 3527 1192 sint
3632 1142 3638 1147 '

1917 1236 2152 1302 scripta;
2183 1235 2328 1291 illius
2352 1251 2515 1303 vero,
2541 1251 2607 1290 ex
2637 1250 2704 1290 eo
2730 1233 2875 1305 quod
2906 1249 3016 1288 non
3043 1234 3171 1287 sint.
3204 1231 3301 1287 llic
3330 1240 3414 1287 est
3452 1232 3527 1285 si-

1919 1327 2185 1381 militudo.
2211 1328 2269 1383 Si
2300 1338 2479 1383 autem
2528 1327 2728 1398 ubique
2774 1327 2951 1382 futura
3001 1335 3148 1381 esset
3192 1323 3523 1389 similitudo,

1917 1435 2023 1473 non
2053 1418 2237 1489 utique
2263 1429 2448 1475 essent
2480 1428 2639 1489 typus
2666 1427 2717 1473 et
2748 1418 2949 1473 veritas
2970 1459 2983 1484 ,
3016 1415 3112 1472 scd
3142 1415 3305 1470 ambo
3339 1423 3528 1470 essent

1918 1518 2096 1581 typus.
2130 1511 2281 1580 Sicut
2310 1512 2471 1565 etiam
2508 1511 2559 1565 in
2591 1510 2917 1575 imaginibus
2943 1517 3025 1564 est
3074 1507 3275 1578 aliquid
3303 1506 3524 1578 quidem

1914 1605 2114 1669 simile,
2136 1605 2334 1674 aliquid
2367 1621 2497 1661 vero
2520 1604 2789 1660 dissimile
2821 1622 2834 1659 :
2868 1618 2991 1657 nam
3020 1600 3521 1672 linearnmquidem

1914 1705 1971 1750 et
2017 1696 2390 1752 characternm
2440 1707 2523 1752 est
2575 1696 2821 1767 quatdam
2870 1694 3201 1758 similitudo;
3256 1692 3526 1763 impositis

1914 1799 2091 1841 autem
2122 1788 2400 1843 caloribus
2420 1830 2434 1853 ,
2466 1798 2594 1843 tunc
2626 1787 2913 1843 manifeste
2941 1786 3248 1841 ostenditur
3267 1785 3526 1841 dilicren—

1914 1879 1985 1932 tia
2009 1919 2025 1938 .
2070 1888 2126 1935 et
2171 1879 2273 1934 hoc
2325 1880 2543 1950 quidem
2572 1880 2751 1934 simile
2774 1921 2788 1944 ,
2826 1878 2959 1934 illud
2986 1895 3118 1934 vero
3141 1878 3431 1933 dissimile.
3464 1879 3520 1933 4.

1914 1966 2197 2023 Intuemini
2221 1980 2388 2024 autem
2416 1982 2635 2041 quantus
2661 1971 2725 2023 sit
2754 1971 2858 2035 hic,
2891 1969 2975 2022 cui
3014 1979 3060 2023 et
3110 1969 3336 2023 decimas
3380 1968 3523 2022 dedit

1912 2060 1975 2113 de
1995 2061 2269 2130 pra-cipuis
2299 2060 2561 2115 Abraham
2584 2060 2898 2128 patriarcha.
2930 2058 3049 2115 1am
3080 2059 3274 2129 adapla
3287 2059 3358 2114 vit
3390 2058 3525 2129 ilgtt-

1914 2166 2051 2211 ram.
2089 2151 2163 2207 De
2192 2162 2394 2209 cmtero
2434 2152 2717 2209 cautldcns
2763 2151 3000 2208 ostendit
3045 2166 3166 2207 eam
3212 2166 3335 2207 esse
3386 2166 3527 2221 prae-

1912 2245 2198 2301 clariorem
2224 2246 2366 2301 veris
2396 2248 2559 2302 rebus
2589 2264 2711 2317 quae
2758 2246 2901 2317 apud
2944 2245 3183 2302 Judteos.
3229 2246 3291 2304 Si
3338 2257 3522 2303 autent

1911 2336 2000 2404 qni
2028 2344 2213 2405 typum
2242 2337 2403 2393 habet
2451 2336 2694 2404 Christi,
2749 2347 2832 2393 est
2881 2337 3019 2394 adeo
3069 2338 3416 2407 prazstantior
3459 2352 3524 2393 ac

1915 2429 2129 2491 melior,
2151 2446 2258 2484 ιιοιι
2288 2431 2465 2486 solum
2493 2432 2891 2495 sacerdotibus,
2924 2432 3020 2487 sed
3049 2432 3169 2502 ipso
3195 2432 3359 2488 etiam
3384 2433 3524 2503 priu-

1911 2521 2033 2587 cipe
2068 2522 2286 2592 generis
2314 2524 2659 2579 sacerdotum
2695 2542 2707 2577 :
2740 2524 2869 2595 quid
2902 2524 3107 2580 dixeris
3136 2523 3204 2579 dc
3251 2525 3477 2581 veritate
3500 2525 3526 2579 ἲ

1916 2610 2081 2668 Vides
2109 2629 2271 2685 quam
2295 2615 2511 2671 abunde
2541 2615 2780 2672 ostendit
2804 2618 3315 2689 cxsnperationetn?
3346 2617 3523 2673 Intue-

1914 2706 2061 2769 mini,
2098 2707 2289 2777 inquit,
2323 2719 2546 2779 quantus
2573 2710 2636 2761 sit
2661 2711 2742 2764 hic
2789 2711 2872 2763 cui
2917 2720 2964 2765 et
3006 2711 3232 2765 decimas
3275 2711 3413 2765 dedit
3459 2712 3526 2767 de

1912 2799 2185 2867 praecipuis
2215 2800 2535 2867 patriarcha.
2570 2800 2844 2871 l’r:ecipna
2874 2801 3133 2859 dicuntur
3174 2802 3369 2872 spolia.
3412 2802 3523 2859 Nec

1911 2891 2015 2944 dici
2044 2899 2219 2959 potest
2243 2890 2386 2960 quod
2420 2891 2540 2946 illas
2570 2895 2618 2947 ei
2651 2892 2896 2956 dederit,
2930 2902 2988 2948 ttt
3020 2894 3111 2964 qui
3152 2905 3299 2950 esset
3339 2896 3524 2953 socius

1914 2984 2039 3037 belli
2075 3001 2087 3035 :
2124 2992 2408 3053 propterea
2460 2984 2607 3040 enim
2657 2985 2821 3049 dicit,
2870 2985 3120 3042 Obviavit
3162 3002 3412 3059 regresso
3451 3003 3522 3044 ex

1910 3078 2059 3131 caede
2084 3093 2292 3148 regum.
2325 3077 2509 3144 Domi,
2539 3078 2732 3149 inquit,
2757 3079 2976 3134 sedebat
3001 3120 3019 3147 ,
3045 3088 3101 3135 et
3135 3079 3290 3136 dedit
3316 3081 3367 3136 ei
3404 3081 3521 3153 pri-

1914 3170 2092 3224 mitias
2119 3184 2309 3224 corum
2336 3184 2455 3240 quat
2480 3171 2594 3225 suis
2620 3170 2893 3225 laboribus
2918 3171 3266 3241 acquisierat.
3295 3171 3349 3228 5.
3378 3171 3443 3226 Et
3460 3188 3527 3228 ea:

1911 3260 2036 3329 ﬁliis
2063 3259 2269 3329 quidem
2300 3260 2424 3315 Levi
2452 3262 2795 3315 sacerdotium
2826 3262 3133 3331 accipientes
3155 3302 3172 3329 ,
3218 3262 3525 3319 mandatum

1914 3351 2097 3405 habent
2121 3351 2347 3407 decimas
2373 3368 2571 3407 sumere
2594 3369 2625 3406 a
2654 3353 2849 3424 populo
2877 3354 3162 3408 secundum
3208 3358 3369 3427 legem
3398 3396 3415 3421 ,
3462 3356 3521 3411 id

1911 3440 2020 3493 est,
2050 3447 2081 3482 a
2128 3430 2376 3497 fratribus
2424 3432 2530 3482 suis
2558 3445 2576 3482 :
2601 3446 2908 3498 quamquam
2956 3441 3004 3482 et
3047 3432 3147 3498 ipsi
3190 3432 3407 3484 exierint
3456 3433 3526 3485 da

1910 3520 2093 3574 lumbis
2123 3520 2358 3574 Abrahae.
2389 3519 2563 3575 Tanta
2590 3520 2900 3586 sacerdotii,
2933 3521 3141 3592 inquit,
3174 3530 3258 3576 est
3280 3536 3520 3590 exsupe-

1910 3612 2069 3675 ratiu,
2103 3621 2161 3666 ut
2190 3612 2279 3682 qui
2312 3611 2518 3666 honore
2546 3623 2666 3666 sunt
2687 3627 2850 3684 pares
2872 3628 2901 3666 a
2931 3612 3227 3682 majoribus
3240 3623 3296 3667 et
3318 3613 3521 3669 habent

1908 3703 2159 3758 eumdem
2192 3703 2277 3758 sui
2303 3704 2520 3774 generis
2550 3703 2852 3775 principem
2874 3746 2889 3769 ,
2922 3704 3033 3759 sint
3059 3705 3232 3759 multo
3262 3706 3521 3762 meliores

1904 3806 1958 3852 et
1985 3797 2389 3867 pratstantiores
2434 3798 2576 3852 aliis.
2607 3797 2854 3853 Decimas
2887 3797 3105 3869 quidem
3133 3808 3283 3854 certe
3317 3796 3387 3853 ab
3409 3798 3520 3855 illis

1903 3890 2192 3960 accipiunt.
2228 3890 2455 3959 Quando
2495 3905 2625 3961 ergo
2648 3890 2895 3946 inventus
2930 3890 3089 3946 fuerit
3114 3890 3313 3963 aliquis
3337 3889 3523 3947 abhis

1906 3982 2038 4051 ipsis
2060 3982 2300 4039 decimas
2327 3982 2604 4055 accipiens
2626 4025 2641 4051 ,
2675 3998 2859 4039 annon
2893 3982 2947 4038 hi
2977 3982 3196 4055 quidem
3222 3984 3401 4040 locum
3430 3992 3519 4040 te-

1905 4084 2035 4131 nent
2056 4075 2339 4142 laicorum,
2360 4076 2451 4131 ille
2467 4086 2650 4132 autem
2668 4087 2751 4143 est
2772 4077 2912 4132 inter
2936 4070 3292 4133 sacerdotes?
3331 4076 3521 4145 Nequa

1906 4167 2010 4224 hoc
2030 4168 2234 4236 solum,
2259 4168 2354 4224 sed
2386 4186 2454 4225 ne
2475 4169 2540 4223 iis
2554 4168 2773 4240 quidem
2801 4179 2921 4224 crat
2949 4184 3047 4240 par
3070 4168 3300 4237 honore,
3327 4168 3423 4225 sed
3450 4185 3516 4225 ex

1903 4260 2012 4317 alio
2039 4276 2262 4332 genere.
2282 4260 2647 4330 Quamobrem
2673 4277 2780 4316 non
2806 4260 3050 4317 dedisset
3064 4260 3304 4318 decimas
3324 4262 3521 4317 alieni-

1902 4367 2079 4425 genae,
2110 4352 2213 4408 nisi
2244 4353 2448 4409 multus
2474 4352 2668 4408 fuisset
2695 4353 2893 4410 honor.
2922 4352 3118 4424 Papae!
3148 4353 3275 4424 quid
3297 4353 3475 4411 eli'ecit
3495 4354 3522 4408 τ

1904 4444 2081 4515 majus
2110 4460 2270 4515 quam
2302 4454 2359 4499 ιιι
2403 4445 2551 4500 credi
2597 4445 2809 4517 possit,
2862 4444 3075 4516 agitans
3119 4446 3417 4502 declaravit
3462 4447 3520 4503 in

1906 4536 2145 4605 Epistula
2173 4534 2241 4591 ad
2268 4535 2565 4593 Romanos.
2592 4535 2728 4592 Nam
2756 4533 2869 4593 illic
2893 4544 2949 4593 et
2978 4546 3177 4593 nostra
3202 4548 3258 4593 et
3281 4537 3521 4595 iudaicat

1906 4628 2123 4684 vivendi
2156 4622 2383 4685 rationis
2411 4638 2465 4685 ct
2492 4629 2721 4685 instituti
2754 4628 3057 4701 principem
3083 4641 3138 4685 et
3162 4632 3393 4700 primum
3427 4646 3523 4703 pa-

1906 4725 2046 4775 trem
2075 4720 2209 4776 dicit
2232 4736 2357 4777 esse
2385 4720 2660 4777 Abraham
2696 4739 2711 4775 :
2747 4720 2834 4777 hic
2862 4732 3045 4777 autem
3088 4722 3350 4779 adversus
3394 4740 3519 4780 euut

1902 4811 2070 4868 sudet
2090 4814 2421 4883 admodum,
2465 4824 2521 4870 et
2560 4813 2804 4871 ostendit
2842 4815 3225 4886 praeputiatum
3273 4832 3341 4872 eo
3396 4832 3522 4875 esse

1905 4906 2076 4960 multo
2102 4906 2557 4977 praestantiorem.
2581 4906 2864 4974 Quomodo
2880 4915 3062 4962 autem
3077 4908 3355 4964 ostendit?
3375 4908 3522 4981 quod

1905 4994 2036 5053 Levi
2063 4998 2304 5054 decimas
2334 4998 2596 5054 dederit?
2624 4998 2931 5068 Abraham,
2974 4999 3183 5071 inquit,
3229 5001 3399 5057 dedit.
3453 5002 3523 5061 Et

1905 5087 2035 5157 quid
2064 5088 2167 5144 hoc
2194 5089 2260 5143 ad
2290 5088 2429 5145 nos?
2454 5088 2683 5145 Maxime
2706 5090 2923 5160 quidem
2950 5089 3019 5145 ad
3043 5105 3140 5146 vos
3168 5109 3183 5146 :
3225 5108 3334 5148 non
3372 5094 3521 5151 enim

1906 5180 2249 5237 contendetis
2270 5180 2491 5238 Levitas
2510 5196 2633 5239 esse
2662 5184 3073 5253 praestantiores
3100 5183 3430 5243 Abrahamo.
3462 5188 3519 5246 ϐ.

1907 5271 2069 5342 Cujus
2094 5281 2262 5327 autent
2288 5279 2548 5345 generatio
2573 5290 2676 5328 non
2703 5286 3079 5331 annumeratur
3104 5278 3157 5332 in
3177 5278 3269 5344 eis,
3294 5279 3524 5337 decimas

1904 5364 2120 5435 sumpsit
2145 5365 2210 5419 ab
2240 5366 2523 5420 Abraham.
2562 5365 2768 5421 Deinde
2808 5382 2917 5421 non
2948 5368 3142 5423 leviter
3171 5373 3518 5440 pertransiit,

1905 5457 2003 5513 sed
2034 5456 2267 5526 addidit,
2297 5456 2367 5512 Et
2394 5457 2531 5513 hunc
2554 5460 2642 5529 qui
2670 5460 2891 5515 habebat
2920 5462 3341 5531 repromissiones
3370 5465 3525 5519 bette-

1906 5552 2061 5608 diarit.
2104 5550 2372 5620 Quoniam
2418 5549 2521 5608 hoc
2561 5562 2682 5608 erat
2728 5555 2877 5609 omni
2907 5570 2975 5609 ex
3016 5564 3168 5625 parte
3200 5559 3519 5626 praclartntt

1908 5645 2135 5711 Iudaeis,
2164 5645 2405 5701 ostendit
2433 5646 2585 5702 illum
2612 5646 2694 5703 eis
2719 5662 2843 5703 esse
2872 5648 3245 5706 honestiorem
3288 5663 3343 5706 et
3384 5667 3521 5722 pra:-

1910 5739 2197 5797 elariorem
2223 5755 2288 5795 cx
2320 5741 2594 5797 communi
2625 5741 2869 5797 omnium
2896 5741 3122 5813 judicio.
3155 5743 3208 5797 7.
3241 5742 3369 5798 Sine
3409 5748 3523 5800 alia
