4060 6402
649 328 715 379 illi

648 446 811 485 ηηιριη
840 430 1257 490 contradictione,
1292 429 1483 495 inquit,
1512 425 1644 494 quod
1668 425 1832 476 mima
1859 433 1930 477 est
1956 440 1986 474 u
2017 419 2221 472 meliore

1358 331 1395 384 ς
1456 322 1724 377 ΙΟἏΝΝῘΞ
1764 314 2238 371 ειπεγςυςτωη
2281 311 2589 368 ARCHIEP.
2630 309 3161 366 CONSTANTINOP.

3795 295 3883 344 lil’l

2310 413 2441 465 Nam
2469 430 2586 466 eum
2610 414 2850 475 dixisset,
2885 416 3147 483 Scriptum
3175 425 3247 468 est
3265 456 3280 476 ,
3310 416 3585 468 .lliseretvor
3611 417 3760 477 cuius
3792 420 3876 464 mi-

649 525 972 581 ιεηεάίείησ,
1004 523 1111 577 nuc
1132 504 1232 584 esi;
1263 520 1510 574 omnibus
1539 517 1749 571 videtur
1777 517 1848 580 id,
1878 516 2017 586 quod
2046 517 2221 570 minus
2301 506 2517 566 serebor,
2548 517 2592 557 et
2618 510 3006 560 commiserabor
3031 512 3178 580 cujus
3209 510 3599 562 commiaerabor
3629 512 3645 575 (
3669 509 3800 559 Ibid.
3829 522 3871 559 ν.

641 636 742 691 est,
778 622 1013 680 benedici
1042 638 1068 673 a
1102 618 1492 689 praestantiore.
1554 612 1716 682 Igitur
1745 609 1937 663 melior
1978 614 2032 661 et
2074 621 2211 675 pne-

642 715 871 770 stantior
891 723 972 768 est
999 722 1155 781 typus
1183 706 1402 769 Christi,
1431 705 1589 757 etiam
1617 716 1682 756 eo
1714 701 1829 769 ipso
1856 698 1944 767 qui
1983 696 2210 750 habebat

645 805 1041 873 promissiones.
1090 800 1143 855 8.
1201 797 1265 851 Et
1332 797 1412 849 hic
1467 794 1669 866 quidem
1724 792 1942 843 decimas
1994 786 2215 840 morieu~

639 906 712 948 tes
785 894 1007 946 homines
1059 888 1310 958 occipiunt
1338 904 1355 941 :
1385 888 1451 939 ibi
1503 893 1669 937 autem
1722 889 2026 933 contestatur
2075 875 2213 943 quod

638 987 774 1040 vivit.
821 984 925 1047 Sed
974 998 1042 1039 ne
1088 982 1178 1036 illa
1221 980 1499 1039 dicerent,
1526 975 1633 1029 Cur
1659 972 1928 1041 superiora
1974 980 2209 1037 tempora

638 1079 797 1132 adis?
818 1075 941 1146 quid
969 1074 1033 1128 ad
1061 1073 1367 1128 sacerdotes
1390 1077 1598 1121 nostros
1616 1106 1631 1129 ,
1674 1066 1716 1119 si
1766 1064 2030 1117 Abraham
2069 1061 2210 1115 deci-

640 1182 753 1222 mas
796 1166 978 1221 dedit?
1032 1165 1118 1218 dic
1165 1179 1224 1217 ea
1255 1176 1371 1231 ίμιω
1402 1158 1466 1212 ad
1498 1173 1592 1210 nos
1617 1163 1857 1223 spectant
1891 1170 1903 1205 :
1938 1152 2208 1221 suhjungit

633 1273 696 1311 ac
735 1255 908 1311 dicit:
951 1255 1003 1309 9.
1051 1252 1139 1318 Et,
1198 1261 1251 1303 ut
1292 1252 1361 1301 ita
1394 1250 1580 1300 dictum
1627 1247 1711 1299 sit.
1769 1244 1931 1297 [lecte
2000 1242 2047 1294 id
2099 1257 2203 1294 non

632 1358 816 1415 aperte
860 1346 1037 1405 dixit,.
1068 1354 1135 1397 ne
1181 1341 1392 1410 gravius
1423 1336 1755 1407 pereclleret.
1812 1331 1911 1384 Per
1951 1330 2205 1384 Abraham

628 1448 676 1491 et
704 1437 842 1502 Levi,
866 1436 952 1508 qui
978 1435 1196 1488 decimus
1226 1432 1435 1499 accepit,
1468 1429 1743 1481 decimatas
1769 1433 1859 1476 est.
1890 1422 2204 1487 Quomodo?

630 1530 719 1584 10.
748 1528 925 1581 Adhuc
954 1526 1086 1579 enim
1110 1524 1163 1575 in
1188 1522 1368 1576 lumbis
1398 1519 1554 1587 patris
1584 1525 1721 1579 erat,
1754 1514 1955 1577 quando
1992 1512 2202 1566 obuiauit

627 1621 670 1673 ei
703 1614 1093 1673 Melchisedech.
1128 1612 1238 1666 lloc
1264 1620 1365 1673 est,
1400 1609 1524 1661 Levi
1553 1615 1667 1661 erat
1700 1604 1751 1658 in
1791 1604 1940 1673 ipso,
1994 1603 2199 1656 etiamsi

628 1711 859 1768 nondum
889 1716 1003 1764 erat
1033 1714 1185 1759 natus
1213 1721 1225 1755 :
1261 1717 1354 1772 per
1379 1715 1500 1754 cum
1533 1698 1792 1752 decimam
1825 1695 1990 1749 dedit.
2026 1693 2177 1748 Vide.

626 1816 733 1854 non
758 1799 917 1863 dixit,
973 1794 1193 1859 Levitaz,
1243 1792 1358 1855 sed,
1408 1788 1527 1841 Levi
1575 1803 1593 1842 :
1638 1786 1779 1855 quod
1831 1784 2002 1853 majus
2051 1794 2195 1840 erat,

625 1892 796 1946 libens
844 1888 1049 1943 induxit
1101 1886 1167 1939 ad
1222 1883 1474 1952 majorem
1529 1879 1976 1950 exsuperantiam.
2013 1876 2197 1929 Vidisti

621 1992 873 2054 quantum
926 1979 1134 2035 intersit
1172 1979 1326 2030 inter
1366 1973 1629 2028 Abraham
1670 1982 1723 2026 et
1772 1966 2195 2031 Melchisedech,

621 2078 707 2146 qui
755 2075 857 2129 fert
908 2082 1087 2143 typum
1131 2067 1297 2123 nostri
1337 2064 1639 2135 pontificis?
1689 2061 1755 2115 Et
1792 2059 2024 2115 ostendit
2065 2073 2198 2126 prae-

618 2167 915 2223 cellentiam
971 2163 1136 2218 fuisse
1188 2168 1485 2230 p'itestate,
1539 2171 1642 2210 non
1687 2152 2028 2208 necessitate.
2095 2150 2188 2206 Ille

620 2261 764 2314 enim
792 2258 937 2312 dedit
964 2255 1225 2309 decimam
1248 2293 1261 2312 ,
1305 2248 1444 2319 quod
1473 2246 1686 2318 quidem
1734 2255 1818 2299 est
1862 2241 2193 2298 sacerdotis:

622 2356 709 2408 hic
730 2350 1026 2411 benedixit,
1064 2344 1203 2416 quod
1234 2344 1447 2414 quidem
1478 2350 1559 2397 est
1587 2338 1825 2393 melioris
1853 2352 1917 2391 ac
1945 2345 2198 2407 praistan-

619 2444 789 2497 tioris.
826 2442 948 2495 lla-c
980 2436 1339 2507 prteccllentia
1387 2433 1580 2487 transit
1626 2431 1785 2485 etiam
1834 2429 1898 2483 ad
1948 2438 2191 2498 nepotes.

619 2533 1020 2589 Adi-tirabiliter
1046 2538 1245 2584 etcum
1278 2525 1529 2593 pra-clara
1558 2522 1775 2576 victoria
1818 2535 1905 2574 res
1949 2519 2192 2573 Judalcas

619 2626 760 2677 foras
820 2620 1038 2689 expulit.
1097 2617 1384 2683 Propterea
1440 2609 2009 2667 dicebatzlmbccillcs
2070 2608 2191 2679 facti

614 2713 952 2784 estis(Hebr.
1002 2709 1059 2765 5.
1110 2708 1258 2779 ll):
1310 2705 1559 2776 quoniam
1603 2702 1716 2757 hanc
1758 2700 1972 2755 volebat
2012 2699 2192 2767 jacere

615 2806 955 2861 fundamenta
984 2843 999 2867 ,
1029 2814 1098 2855 ne
1128 2798 1227 2869 ipsi
1262 2797 1550 2851 resilirent.
1601 2793 1676 2848 Ea
1723 2800 1809 2847 est
1852 2792 1994 2845 enim
2046 2789 2189 2844 l'auli

613 2895 872 2965 sapientia
905 2910 919 2946 :
951 2892 1180 2962 primum
1212 2888 1597 2957 praemunieus,
1628 2882 1822 2937 deinde
1846 2896 1907 2936 ea
1932 2896 2047 2949 quae
2072 2882 2184 2936 vult

612 2984 936 3057 aggreditur.
960 2981 1053 3036 Est
1075 2980 1216 3035 enim
1239 2991 1407 3048 genus
1428 2976 1705 3029 hominum
1731 2972 1945 3027 difficile
1971 2971 2037 3025 ad
2064 2987 2180 3039 per-

610 3073 963 3137 suadendum,
994 3080 1050 3127 et
1074 3070 1238 3125 multa
1266 3082 1391 3123 cura
1414 3066 1677 3134 indigens,
1709 3072 1763 3118 et
1802 3061 1988 3131 majori
2024 3076 2181 3129 quam

611 3163 990 3235 plantte..Nam
1024 3162 1135 3215 illic
1175 3159 1390 3229 quidem
1439 3167 1522 3211 est
1567 3165 1753 3209 natura
1799 3167 2083 3221 corporum
2128 3158 2185 3206 et

613 3268 792 3321 terrte,
824 3254 1023 3310 cedens
1050 3250 1295 3305 manibus
1323 3247 1676 3318 agricolarum
1703 3263 1715 3298 :
1747 3244 1832 3299 hic
1874 3254 2053 3297 autem
2099 3252 2185 3296 est

611 3347 774 3401 libera
803 3342 1030 3414 eligendi
1062 3342 1325 3404 voluntas,
1353 3354 1470 3408 quae
1496 3338 1693 3391 multas
1742 3335 1967 3404 suscipit
2013 3344 2183 3387 nutta-

609 3439 803 3503 tiones,
834 3444 887 3490 et
911 3448 1052 3489 nunc
1075 3432 1287 3503 quidem
1315 3430 1435 3491 hoc,
1469 3442 1609 3481 nunc
1635 3436 1813 3480 autem
1838 3425 1967 3478 illud
1994 3423 2177 3492 eligit:

610 3528 720 3597 ipsa
749 3527 890 3580 enim
919 3533 1002 3579 est
1027 3536 1288 3593 propensa
1316 3520 1381 3573 ad
1407 3519 1615 3573 vitimn.

676 3612 729 3664 5.
767 3611 1122 3677 Quamobrem
1152 3619 1361 3680 oportet
1399 3624 1495 3663 nos
1536 3621 1747 3675 semper
1771 3601 2038 3658 custodire
2058 3640 2073 3664 ,
2102 3612 2170 3652 ne

600 3702 971 3755 dormitemus.
997 3700 1127 3755 Ecce
1151 3702 1291 3755 enim
1320 3716 1422 3754 non
1459 3696 1769 3759 dormitabit,
1799 3692 1987 3762 inquit,
2016 3702 2172 3758 neque

603 3795 815 3848 dormiet
842 3794 926 3861 qui
938 3792 1152 3847 custodit
1169 3791 1333 3845 Israel
1355 3809 1374 3856 ;
1400 3804 1471 3856 et,
1497 3788 1579 3843 Ne
1608 3788 1695 3842 des
1718 3787 1771 3840 in
1790 3782 2171 3839 commotionem

602 3885 777 3956 pedem
806 3895 947 3939 tuum
972 3882 1144 3954 (Psal.
1179 3883 1299 3939 120.
1327 3885 1379 3938 4.
1410 3883 1489 3952 5).
1522 3880 1636 3936 Non
1659 3879 1811 3943 dixit,
1835 3876 1911 3931 Ne
1935 3886 2172 3933 commo-

601 3979 801 4041 vearis,
829 3976 925 4031 sed
950 4018 967 4043 ,
1010 3975 1087 4031 Ne
1113 3974 1227 4030 des.
1259 3975 1394 4030 Dare
1439 3988 1569 4045 ergo
1596 3979 1680 4027 est
1709 3971 1760 4024 in
1806 3974 1986 4023 nostra
2016 3971 2171 4034 pote-

601 4077 770 4131 state,
802 4082 907 4120 non
940 4067 991 4120 in
1019 4066 1242 4134 alicujus
1270 4064 1510 4137 alterius.
1552 4062 1683 4117 Nam
1712 4060 1755 4114 si
1781 4058 2006 4113 velimus
2029 4065 2171 4109 stare

603 4158 741 4212 firmi
768 4200 783 4223 ,
812 4157 1031 4212 stabiles
1068 4167 1120 4211 et
1151 4156 1452 4211 immobiles
1474 4197 1489 4221 ,
1519 4170 1623 4209 non
1667 4150 2168 4207 commovebimun:

602 4250 685 4303 his
711 4250 850 4303 enim
880 4246 1055 4301 verbis
1074 4246 1200 4302 illud
1220 4246 1594 4301 subindicavit.
1618 4243 1753 4310 Quid
1780 4240 1947 4311 ergo?
1970 4237 2173 4291 nihilne

603 4348 682 4393 est
710 4340 760 4392 in
806 4340 895 4394 Dei
939 4339 1239 4407 potestate?
1266 4338 1321 4391 In
1351 4337 1442 4391 Dei
1480 4335 1694 4406 quidem
1735 4339 1998 4401 potestate
2051 4338 2176 4381 sunt

602 4434 799 4495 omnia,
826 4428 919 4503 sed
946 4445 1050 4483 non
1076 4431 1144 4483 ita
1174 4437 1233 4484 ut
1259 4437 1499 4483 nostrum
1527 4427 1751 4480 liberum
1786 4422 2007 4476 laedatur
2032 4419 2174 4473 arbi-

605 4523 779 4575 trium.
832 4521 887 4573 Si
938 4537 1100 4591 ergo,
1130 4522 1349 4590 inquit,
1393 4520 1553 4574 estin
1597 4518 1688 4571 Dei
1737 4524 2033 4585 potestate,
2078 4527 2174 4567 cur

605 4612 656 4665 in
709 4627 805 4665 nos
843 4611 1049 4666 confert
1093 4611 1339 4679 culpam?
1385 4610 1669 4679 PrOpt’erea
1696 4606 1827 4670 dixi,
1861 4604 1932 4658 Ita
1963 4613 2019 4659 ut
2066 4618 2172 4657 non

606 4702 826 4756 hedatur
876 4709 1114 4755 nostrum
1169 4700 1396 4754 liberum
1458 4698 1755 4752 arbitrium.
1808 4696 1900 4749 Est
1951 4710 2077 4764 ergo
2121 4693 2172 4747 in

605 4802 785 4846 nostra
808 4832 821 4854 ,
849 4799 903 4844 et
946 4790 998 4844 in
1045 4790 1159 4859 ejus
1188 4797 1449 4860 potestate
1480 4805 1493 4842 :
1520 4794 1732 4855 oportet
1760 4785 1901 4840 enim
1931 4798 2026 4837 nos
2071 4781 2176 4849 pri-

606 4898 747 4936 mum
788 4860 935 4961 bona
975 4881 1205 4951 eligere,
1256 4889 1457 4936 etcum
1489 4879 1826 4947 elegerimus,
1874 4886 1997 4929 tunc
2019 4872 2175 4927 affert

603 4991 720 5044 qua),
749 4964 841 5027 sua
872 4983 1014 5027 sunt.

675 5065 754 5118 De
779 5066 931 5129 Ubera
951 5064 1177 5117 arbitrio.
1213 5093 1283 5103 -—-
1314 5062 1427 5117 Non
1464 5060 1721 5132 pncvenit
1755 5067 1959 5110 nostras
1990 5053 2175 5109 volun-

609 5165 763 5221 tates,
794 5174 859 5210 ne
890 5156 1077 5226 perdat
1098 5163 1338 5209 nostrum
1370 5154 1595 5207 liberum
1622 5151 1897 5205 arbitrium
1926 5166 1937 5200 :
1963 5146 2174 5218 quando

608 5258 781 5302 autem
833 5262 930 5300 nos
972 5246 1307 5315 elegerimus,
1362 5254 1487 5299 tunc
1536 5243 1689 5297 nobis
1746 5240 1969 5294 multum
2017 5236 2173 5292 aﬂ'ert

609 5339 881 5392 auxilium.
915 5337 1195 5405 Quomodo
1220 5351 1346 5409 ergo
1373 5379 1387 5402 ,
1414 5337 1457 5390 si
1482 5337 1533 5390 in
1566 5344 1744 5389 nostra
1781 5340 2040 5401 potestate
2069 5339 2170 5397 est,

606 5433 735 5485 dicit
760 5430 952 5484 Paulus
986 5446 998 5481 :
1028 5426 1145 5482 Non
1186 5431 1395 5483 volentis
1426 5445 1581 5499 neque
1609 5427 1853 5481 currentis
1874 5467 1890 5491 ,
1914 5425 2001 5479 sed
2023 5425 2171 5478 mise-

607 5524 759 5577 remis
781 5534 852 5578 est
901 5522 994 5575 Dci
1021 5522 1213 5593 (Rom.
1240 5522 1293 5576 9.
1329 5520 1394 5575 l6
1416 5521 1481 5587 )‘i
1530 5521 1760 5574 Primum
1804 5516 2017 5587 quidem
2070 5530 2173 5569 non

610 5594 873 5684 tamquam
900 5632 1048 5669 suam
1075 5612 1367 5669 introduxit
1391 5612 1727 5676 sententiam,
1757 5609 1848 5663 sed
1871 5606 2085 5677 collegit
2105 5620 2171 5660 ex

613 5723 674 5765 εο
695 5708 835 5762 unod
867 5716 981 5761 erat
1010 5706 1359 5772 propositum,
1392 5715 1446 5760 et
1474 5720 1537 5758 ex
1571 5719 1635 5758 eo
1656 5701 1793 5779 quod
1821 5700 2172 5771 pru‘missum.

2297 596 2384 665 ‘5):
2414 596 2560 660 dicit,
2591 596 2709 650 Non
2740 614 2858 669 ergo
2894 601 3105 654 uolentis
3132 641 3146 664 ,
3172 618 3259 654 nec
3300 602 3548 654 currentis
3569 644 3582 663 ,
3620 602 3712 653 sed
3742 603 3877 651 mire-

2320 685 2448 738 cmis
2476 698 2549 740 est
2586 687 2699 741 Dei.
2737 689 2888 743 Dices
2910 700 3088 744 autem
3120 691 3250 745 mihi
3277 734 3290 751 ,
3323 692 3459 760 Quid
3492 692 3673 745 adhuc
3701 692 3869 759 queri

2294 778 2422 830 tur?
2450 777 2751 835 Secundum
2782 792 2982 849 autem,
3012 783 3139 837 illud
3173 784 3298 839 licet
3323 785 3520 849 dicere,
3556 784 3703 851 quml
3729 785 3873 849 cujus

2293 878 2375 921 est
2406 868 2454 922 id
2486 870 2623 938 quod
2663 882 2746 924 est
2772 874 2999 941 amplius
3022 914 3037 938 ,
3060 874 3177 941 ejus
3203 875 3331 928 dicit
3362 890 3485 929 esse
3518 885 3717 929 totum.
3748 874 3869 927 Nam

2292 968 2532 1013 nostrum
2563 961 2773 1029 quidem
2815 974 2894 1017 est
2934 965 3245 1034 prmeligere
3285 977 3342 1019 et
3377 968 3541 1032 velle;
3574 968 3669 1020 Det
3700 977 3870 1019 autem

2290 1059 2372 1103 est
2424 1054 2677 1120 perlicere
2717 1065 2771 1110 et
2799 1055 2865 1110 ad
2918 1056 3079 1111 finem
3111 1056 3399 1112 deducere.
3432 1059 3702 1125 Quoniam
3750 1073 3871 1126 ergo

2290 1140 2429 1208 quod
2463 1142 2581 1211 plus
2609 1154 2690 1199 est
2717 1186 2731 1209 ,
2763 1154 2844 1200 est
2872 1146 3014 1202 illius
3038 1188 3054 1213 ,
3085 1155 3254 1202 totum
3283 1149 3425 1202 illius
3451 1164 3571 1203 esse
3599 1149 3769 1210 dicit,
3792 1148 3868 1202 lo-

2297 1252 2464 1309 quens
2493 1236 2874 1290 convenienter
2902 1235 3146 1287 humana:
3173 1232 3569 1287 consuetudini.
3614 1232 3754 1285 Nam
3787 1246 3875 1284 nos

2292 1341 2501 1398 quoque
2544 1326 2621 1380 sic
2664 1324 2888 1379 facimus
2938 1340 2953 1377 :
3006 1334 3062 1377 ut
3110 1324 3338 1392 exempli
3393 1337 3575 1387 causa,
3631 1324 3876 1378 videmus

2290 1418 2433 1471 :edes
2457 1416 2676 1487 pulchre
2702 1414 2989 1469 :ndiiicatas
3014 1458 3026 1477 ,
3054 1426 3107 1469 et
3132 1415 3361 1469 dicimus
3389 1425 3556 1469 totum
3592 1430 3719 1470 esse
3746 1418 3874 1469 arti-

2294 1508 2410 1562 ficis
2439 1527 2451 1561 :
2479 1522 2799 1577 quamquam
2848 1521 2951 1560 non
2983 1514 3149 1559 totum
3183 1506 3251 1559 sit
3295 1507 3410 1574 ejus
3434 1546 3448 1569 ,
3480 1505 3572 1560 sed
3601 1516 3657 1560 et
3684 1522 3875 1575 opera-

2289 1598 2511 1659 riorum,
2535 1607 2588 1651 et
2610 1598 2808 1652 domini
2833 1597 2920 1666 qui
2950 1597 3151 1666 praebet
3182 1598 3478 1659 materiam,
3509 1607 3563 1651 et
3580 1600 3874 1652 multorum

2289 1693 2516 1746 aliorum
2544 1708 2557 1756 ;
2592 1690 2683 1745 sed
2719 1702 2893 1745 tamen
2920 1690 3172 1761 quoniam
3199 1690 3288 1745 ille
3308 1691 3449 1759 quod
3482 1691 3600 1760 plus
3631 1702 3719 1745 est
3740 1701 3876 1744 attu-

2288 1782 2386 1848 lit,
2423 1784 2561 1837 illius
2606 1793 2774 1836 totum
2817 1798 2937 1837 esse
2977 1782 3224 1836 dicimus.
3277 1782 3350 1835 lta
3396 1782 3482 1836 hic
3527 1798 3769 1852 quoque.
3819 1783 3879 1834 lit

2286 1890 2471 1930 rursus
2508 1877 2561 1930 in
2601 1874 2958 1939 multitudine,
3004 1875 3092 1929 ubi
3134 1885 3260 1930 sunt
3292 1874 3443 1927 multi
3470 1916 3485 1939 ,
3528 1890 3725 1929 omnes
3756 1889 3874 1929 esse

2286 1968 2548 2032 dicimus;
2576 1968 2665 2021 ubi
2708 1979 2886 2022 autem
2915 1968 3064 2036 pauci
3093 2009 3107 2032 ,
3138 1966 3429 2021 neminem.
3461 1966 3549 2020 Sic
3581 1968 3750 2021 etiam
3795 1968 3877 2019 hie

2286 2057 2416 2112 dicit
2440 2056 2633 2111 Paulus
2655 2098 2669 2122 ,
2702 2056 2821 2110 Non
2851 2057 3063 2110 volentis
3090 2072 3248 2125 neque
3286 2057 3538 2110 currentis
3563 2097 3578 2121 ,
3610 2058 3701 2110 sed
3732 2057 3876 2110 mise—

2284 2148 2441 2202 reutis
2462 2158 2533 2202 est
2568 2147 2679 2200 Dei.
2710 2147 2803 2201 llic
2824 2156 3001 2201 autem
3041 2147 3147 2199 duo
3179 2161 3368 2215 magna
3391 2155 3446 2200 et
3470 2147 3729 2215 praeclara
3762 2149 3876 2199 efti-

2286 2239 2361 2293 cit
2388 2257 2401 2293 :
2433 2254 2595 2292 unum
2622 2237 2834 2307 quidem
2854 2278 2867 2301 ,
2901 2253 2967 2291 ne
2992 2236 3278 2292 eﬂ'eramur
3301 2238 3370 2291 de
3396 2237 3550 2290 bonis
3580 2240 3874 2306 operibus;

2285 2332 2601 2395 secundum,
2624 2341 2681 2385 ut
2705 2340 2853 2386 recte
2880 2329 3139 2385 factorum
3166 2344 3381 2385 causam
3412 2330 3520 2385 Deo
3551 2331 3874 2385 tribuamus.

2285 2424 2507 2479 Etiamsi
2571 2438 2803 2490 curras,
2848 2422 3055 2477 etiamsi
3106 2421 3339 2475 studium
3410 2437 3620 2491 ponas,
3679 2424 3871 2490 inquit,

2284 2531 2352 2570 nc
2377 2526 2522 2568 tuum
2556 2528 2677 2569 esse
2698 2514 2973 2568 existimes
3004 2513 3145 2581 quod
3180 2523 3324 2568 recte
3349 2522 3555 2583 gestum
3583 2522 3668 2567 est
3701 2529 3714 2566 :
3750 2530 3869 2566 nam

2284 2607 2383 2661 nisi
2408 2620 2693 2678 supernam
2715 2619 2873 2674 opem
2896 2604 3231 2675 adipiscaris,
3263 2604 3458 2658 frustra
3482 2614 3637 2659 erunt
3664 2604 3867 2662 omnia.

2282 2698 2385 2753 Sed
2414 2706 2497 2753 est
2530 2696 2867 2769 perspicuum
2894 2695 3009 2751 fore
3035 2697 3213 2751 utillo
3237 2697 3528 2752 auxiliante
3557 2698 3867 2768 assequaris

2277 2787 2328 2843 id
2366 2788 2417 2841 in
2455 2805 2565 2858 quo
2597 2792 2758 2859 ponis
2778 2791 3021 2845 studium
3043 2808 3056 2855 ;
3080 2791 3175 2847 sed
3194 2793 3239 2846 si
3257 2802 3312 2847 et
3331 2801 3387 2847 tu
3407 2809 3620 2857 curras,
3641 2798 3688 2848 si
3703 2797 3859 2851 velis.

2277 2877 2395 2934 Non
2429 2882 2534 2934 hoc
2563 2896 2695 2951 ergo
2722 2880 2876 2946 dicit,
2899 2882 3046 2951 quod
3062 2882 3262 2938 frustra
3278 2886 3575 2951 currimus,
3594 2886 3691 2941 sed
3714 2888 3862 2957 quod

2278 2970 2482 3026 frustra
2513 2972 2809 3036 currimus,
2840 2974 2885 3028 si
2923 2982 3097 3029 totum
3127 2991 3247 3030 esse
3281 2985 3534 3031 nostrum
3571 2980 3861 3035 existima-

2280 3075 2421 3120 mus.
2452 3062 2496 3116 si
2531 3077 2641 3117 non
2683 3062 2807 3132 plus
2836 3064 2946 3118 Deo
2981 3064 3310 3120 tribuamus.
3358 3067 3476 3122 Non
3513 3070 3663 3124 enim
3698 3085 3861 3124 suum

2272 3163 2393 3203 esse
2432 3158 2605 3205 totum
2638 3152 2815 3206 voluit
2844 3152 3009 3218 Deus,
3035 3170 3104 3209 ne
3125 3155 3408 3210 videretur
3424 3172 3525 3212 nos
3539 3166 3749 3214 temere
3763 3174 3861 3215 co-

2275 3255 2501 3306 ronare;
2531 3257 2710 3312 neque
2740 3259 2931 3299 rursus
2958 3254 3229 3313 nostrum,
3256 3264 3325 3303 ne
3350 3248 3661 3305 incidamus
3689 3251 3747 3305 in
3768 3266 3858 3305 ar-

2275 3332 2599 3399 rogantiam.
2626 3332 2762 3386 Nam
2783 3333 2829 3387 si
2851 3349 2975 3388 cum
3000 3336 3268 3391 minorem
3292 3337 3593 3393 habeamus
3620 3350 3858 3410 partem,

2274 3418 2576 3484 efferimur,
2625 3429 2681 3474 et
2740 3423 2999 3491 praeclare
3049 3425 3118 3480 de
3166 3426 3327 3481 nobis
3379 3428 3686 3483 sentimus:
3724 3430 3858 3500 quid

2274 3508 2599 3575 faceremus,
2630 3512 2674 3566 si
2700 3522 2875 3569 totum
2895 3526 3042 3571 esset
3067 3519 3121 3572 in
3145 3528 3329 3573 nostra
3354 3522 3666 3589 potestate?
3687 3522 3857 3578 Multa

2273 3599 2422 3653 enim
2478 3600 2609 3656 fecit
2668 3602 2813 3659 Deus
2850 3615 2911 3661 ut
2952 3618 3195 3663 nostram
3235 3619 3545 3680 amputaret
3594 3628 3857 3684 arrogan—

2278 3688 2428 3744 tiam.
2466 3690 2535 3746 Et
2568 3703 2823 3763 praterea
2856 3697 3061 3752 excelsa
3095 3716 3283 3754 manus
3317 3702 3431 3770 ejus
3473 3701 3625 3773 (lsai.
3662 3704 3718 3758 5.
3737 3705 3855 3773 25),

2274 3783 2477 3853 inquit.
2501 3783 2645 3852 Quot
2667 3802 2770 3843 nos
2794 3788 3161 3846 circumdedit
3185 3792 3558 3859 passionibus,
3589 3805 3649 3850 ut
3675 3798 3857 3852 elatos

2272 3882 2479 3927 resecet
2507 3873 2771 3942 spiritus?
2799 3889 2957 3943 quam
2984 3875 3170 3929 multis
3190 3874 3359 3931 cinxit
3377 3875 3606 3931 bestiis?
3635 3876 3863 3944 Quando

2270 3962 2414 4019 enim
2462 3963 2646 4019 dicunt
2686 3964 2873 4035 aliqui,
2913 3965 3052 4033 Quid
3094 3964 3241 4021 hoc?
3267 3982 3524 4037 quorsum
3572 3966 3719 4023 hoc?
3748 3967 3869 4024 haec

2269 4055 2453 4111 dicunt
2481 4065 2673 4124 prmter
2704 4056 2796 4112 Dei
2822 4057 3098 4128 placitum.
3128 4057 3185 4112 In
3217 4068 3368 4113 tanto
3395 4069 3446 4114 te
3476 4062 3663 4114 statuit
3684 4070 3858 4127 metu,

2269 4157 2321 4201 et
2364 4163 2431 4201 ne
2482 4162 2559 4201 SIC
2609 4145 2827 4218 quidem
2885 4148 2953 4203 de
3007 4158 3059 4204 te
3106 4149 3379 4205 humiliter
3434 4151 3621 4215 sentis,
3663 4151 3759 4207 sed
3817 4154 3862 4207 si

2268 4237 2483 4306 quando
2529 4238 2609 4292 vel
2658 4254 2854 4308 parvus
2899 4240 2993 4295 tibi
3038 4239 3242 4297 faustus
3280 4242 3522 4297 evenerit
3551 4256 3861 4307 successus,

2268 4328 2333 4384 ad
2363 4329 2532 4397 ipsum
2565 4345 2728 4399 usque
2756 4331 2945 4386 caelum
2976 4333 3164 4402 spiritu
3197 4334 3491 4389 extollcris.

2338 4420 2391 4473 4.
2420 4419 2706 4490 Propterea
2731 4421 3027 4478 celerrima:
3069 4422 3203 4477 fiunt
3236 4424 3568 4481 mutationes
3582 4434 3637 4480 et
3661 4439 3861 4485 casus;

2270 4524 2323 4570 et
2351 4532 2417 4570 ne
2445 4516 2522 4571 sic
2552 4515 2765 4586 quidem
2791 4518 3148 4588 castigamur:
3178 4517 3299 4573 ideo
3328 4519 3633 4589 frequentes
3653 4529 3862 4576 mortes

2268 4615 2322 4660 et
2352 4607 2648 4662 immaturas
2678 4624 2691 4673 ;
2727 4623 2826 4663 nos
2868 4619 3047 4664 autem
3082 4618 3353 4679 tamquam
3396 4610 3727 4665 immortales
3758 4625 3862 4666 su-

2271 4699 2430 4766 perbe
2457 4698 2525 4754 de
2548 4700 2702 4755 nobis
2728 4701 2987 4755 sentimus
3012 4741 3027 4766 ,
3059 4701 3211 4771 quasi
3244 4716 3531 4772 numquam
3554 4700 3802 4757 morituri
3843 4720 3858 4758 :

2270 4789 2339 4843 ita
2370 4788 2604 4859 rapimus
2624 4832 2637 4855 ,
2668 4792 2738 4845 ita
2787 4791 2838 4846 in
2869 4791 3096 4846 aliorum
3128 4791 3265 4846 bona
3308 4791 3611 4847 invadimus
3631 4834 3648 4860 ,
3694 4794 3861 4863 quasi

2270 4895 2560 4952 numquam
2590 4881 2849 4938 reddituri
2875 4884 3135 4938 rationem
3182 4900 3196 4937 :
3236 4883 3307 4939 ita
3346 4882 3674 4939 aedificamus
3714 4892 3861 4939 tam-

2270 4986 2429 5042 quam
2476 4971 2564 5028 liic
2604 4989 2818 5044 semper
2851 4985 3163 5040 manentes;
3206 4984 3263 5032 et
3290 4991 3465 5047 neque
3496 4976 3589 5031 Dei
3634 4976 3859 5033 verbum

2269 5064 2506 5133 quotidie
2535 5067 2585 5120 in
2619 5068 2815 5121 nostris
2856 5067 3109 5123 insonans
3136 5067 3377 5133 auribus,
3409 5082 3585 5138 neque
3610 5081 3701 5123 res
3726 5068 3860 5139 ipsa

2270 5170 2368 5210 nos
2396 5156 2665 5211 erudiunt.
2695 5157 2810 5213 Non
2841 5158 2967 5214 licet
3013 5160 3196 5214 videre
3225 5158 3368 5213 diem
3421 5173 3523 5214 nec
3555 5158 3767 5225 horam,
3802 5159 3859 5214 in

2268 5264 2371 5319 qua
2397 5265 2502 5304 nou
2548 5251 2765 5306 assidue
2810 5252 2977 5307 videri
3008 5252 3214 5321 possint
3241 5251 3405 5306 multa
3437 5251 3587 5307 effcri
3613 5251 3799 5307 funera
3838 5271 3853 5305 :

2265 5340 2361 5396 sed
2392 5341 2587 5395 frustra
2608 5343 2807 5407 omnia,
2840 5359 2940 5399 nec
2965 5343 3256 5415 quidquam
3284 5348 3349 5397 ad
3380 5352 3617 5397 nostram
3646 5343 3855 5414 pertin-

2266 5434 2343 5506 git
2384 5434 2655 5513 duritiem.
2688 5435 2871 5505 Neque
2915 5436 2968 5490 in
2998 5435 3189 5491 alienis
3230 5435 3625 5491 calamitatibus
3662 5451 3857 5504 possu-

2266 5540 2385 5581 mus
2420 5526 2561 5582 effici
2608 5530 2896 5593 meliores;
2946 5530 3055 5583 imo
3099 5544 3227 5584 vero
3270 5529 3519 5584 nolumus
3550 5530 3688 5585 :sed
3729 5546 3854 5586 cmn

2262 5619 2363 5675 soli
2393 5618 2664 5690 lugemus,
2698 5630 2824 5676 tunc
2853 5620 3235 5676 contrahimur
3256 5638 3276 5685 ς,
3300 5632 3356 5675 et
3380 5621 3424 5675 si
3458 5621 3603 5676 Deus
3634 5638 3854 5676 manum

2270 5711 2539 5769 remiserit
2561 5753 2575 5781 ,
2605 5726 2788 5767 rursus
2820 5727 2918 5769 nos
2944 5727 3160 5769 manum
3187 5713 3511 5775 extollimus.
3538 5712 3705 5770 Nemo
3735 5731 3851 5787 qua:
