4060 6490
183 413 263 471 illi

173 535 373 578 sursum
425 522 549 571 sunt
578 512 741 587 sapit,
773 524 933 567 nemo
973 508 1199 579 despicit
1229 515 1485 568 terrena,
1514 514 1676 557 nemo
1706 497 1773 552 ad

169 617 350 670 malum
373 610 601 681 aspicit;
630 606 723 662 sed
745 605 892 661 sicut
919 601 1068 672 porci
1100 598 1252 670 proni
1277 606 1476 651 terram
1504 599 1772 663 spectant,

167 710 213 762 iu
254 714 495 760 ventrem
548 696 833 761 inclinati,
875 694 929 748 in
963 705 1131 748 ρωηο
1158 686 1380 742 volutati
1429 703 1445 741 :
1496 684 1569 738 ita
1610 681 1773 737 etiam

165 798 307 854 multi
341 794 591 850 homines
637 787 919 846 teterrimo
947 796 1110 840 emno
1161 794 1222 835 se
1255 778 1601 850 inquinantes
1622 816 1638 840 ,
1668 788 1776 828 non

162 892 395 946 Sentium
442 903 457 941 :
506 884 701 940 melius
737 882 882 937 enim
943 885 1029 933 est
1079 872 1360 931 immundo
1434 869 1549 924 luto
1610 865 1775 938 pollui

163 996 317 1051 quam
362 976 622 1049 peccatis.
668 964 801 1029 Nam
833 971 925 1040 qui
973 968 1067 1023 illo
1114 974 1198 1021 est
1238 962 1552 1033 inquinatus
1577 1001 1590 1019 .
1624 957 1776 1013 brevi

164 1048 405 1141 tempore
424 1068 680 1131 abluitur,
704 1075 761 1120 et
782 1058 1086 1119 redditurei
1115 1055 1308 1113 similis
1329 1053 1419 1123 qui
1437 1066 1535 1106 uec
1564 1049 1632 1103 ab
1658 1048 1770 1102 ini-

164 1165 236 1217 tio
280 1140 338 1215 in
372 1160 521 1215 illam
563 1157 751 1213 incidit
780 1153 1094 1225 voraginem
1125 1166 1139 1203 :
1172 1148 1264 1220 qui
1295 1154 1475 1202 autem
1497 1140 1692 1198 cecidit
1722 1140 1776 1194 in

175 1252 483 1308 barathrum
510 1246 738 1321 peccati,
758 1240 965 1315 accepit
983 1239 1451 1312 inquinamentum
1471 1231 1614 1304 quod
1634 1241 1776 1299 aqua

175 1359 279 1399 non
310 1341 604 1397 mandatur
623 1381 639 1407 ,
666 1335 762 1394 sed
792 1335 962 1391 multo
989 1340 1115 1402 eget
1155 1338 1401 1398 tempore
1427 1321 1776 1395 perfectaque

174 1433 491 1505 paenitentia
516 1472 532 1499 ,
578 1428 831 1503 lacrymis
868 1434 924 1482 et
963 1422 1270 1495 planctibus
1294 1461 1309 1485 ,
1364 1416 1669 1487 maiorique
1721 1422 1779 1469 et

174 1523 569 1581 vehementiori
599 1518 981 1576 lamentatione
1017 1529 1177 1585 quam
1205 1526 1327 1582 qua:
1356 1517 1579 1581 propter
1617 1506 1779 1562 caris-

174 1617 346 1671 simos
396 1612 708 1670 ostenditis.
753 1609 889 1665 Nam
936 1607 1019 1661 ha:
1064 1603 1282 1675 quidem
1329 1599 1523 1657 sordes
1561 1598 1628 1654 ad
1678 1612 1781 1654 nos

176 1707 517 1761 extrinsecus
546 1703 860 1768 adveniunt,
892 1708 947 1754 et
991 1697 1112 1753 ideo
1147 1710 1241 1752 eas
1274 1694 1382 1748 cito
1407 1690 1733 1762 deponimus
1763 1704 1778 1743 :

174 1797 283 1851 ilhc
326 1805 504 1850 autem
536 1794 785 1849 oriuntur
813 1790 1173 1854 intrinsecus,
1206 1794 1261 1841 et
1295 1784 1419 1839 ideo
1446 1782 1531 1835 vix
1559 1796 1653 1837 eas
1684 1779 1781 1836 ab-

174 1889 391 1943 luentes
428 1886 805 1941 emundamus.
854 1881 936 1936 Ex
976 1879 1128 1934 corde
1158 1878 1312 1942 enim,
1367 1874 1560 1945 inquit,
1592 1880 1780 1927 exeunt

171 1976 509 2048 cogitationes
536 1977 706 2040 malas,
734 1974 1117 2046 fornicationes,
1145 1967 1424 2032 adulteria,
1453 1968 1617 2036 furta,
1642 1965 1779 2036 falsa

171 2071 463 2125 testimonia
488 2068 702 2139 (Matth.
729 2070 816 2122 15.
854 2066 963 2135 19).
988 2064 1050 2119 Et
1079 2062 1199 2118 ideo
1229 2060 1443 2116 dicebat
1467 2057 1738 2129 PrOpheta
1762 2073 1778 2112 :

172 2162 279 2217 Cor
322 2161 570 2215 mundum
596 2175 715 2213 crea
740 2160 792 2211 in
832 2172 911 2211 me
938 2153 1285 2226 Deus(Psat.
1330 2150 1421 2207 50.
1453 2150 1598 2219 19);
1640 2149 1781 2205 alius

170 2264 381 2319 autem,
413 2252 575 2307 Ablue
596 2268 628 2305 a
654 2250 772 2305 vitio
796 2266 883 2303 cor
906 2257 1069 2311 tuum,
1098 2242 1386 2299 Jerusalem
1410 2240 1543 2314 (λεν.
1577 2241 1629 2295 4.
1660 2240 1776 2307 14).

173 2344 344 2399 Vides
367 2342 509 2413 quod
531 2351 681 2397 recte
701 2356 861 2411 agere
885 2346 1127 2392 nostrum
1156 2336 1227 2391 sit
1242 2345 1301 2390 et
1321 2333 1415 2389 Dei
1432 2333 1456 2387 1
1473 2332 1540 2387 Et
1560 2344 1781 2386 rursus:

172 2434 324 2489 Beati
374 2435 567 2489 mundo
635 2434 825 2497 corde,
883 2430 1126 2502 quoniam
1179 2427 1280 2495 ipsi
1326 2423 1495 2480 Deum
1542 2422 1783 2478 uidebunt

169 2523 395 2599 (Matth.
428 2528 482 2584 5.
512 2526 593 2597 8).

244 2619 475 2674 Peccata
496 2616 750 2688 quomodo
774 2612 1127 2686 abstergeada.
1153 2641 1226 2653 -—
1254 2606 1572 2665 Efﬂciamur
1592 2605 1784 2663 mundi

170 2728 273 2781 pro
308 2710 506 2765 nostris
521 2711 568 2763 vi
581 2709 728 2764 ribus
750 2724 765 2773 ;
790 2708 1162 2775 abstergamns
1178 2712 1360 2757 nostra
1380 2708 1621 2771 peccata.
1638 2698 1788 2765 Quo-

169 2803 341 2857 modo
363 2812 541 2855 autem
562 2800 768 2871 possint
787 2797 1042 2867 abstergi,
1060 2795 1219 2850 docet
1244 2791 1529 2864 prephcta,
1550 2790 1738 2846 dicens
1768 2805 1783 2843 :

172 2892 473 2956 Lavumini,
500 2892 677 2945 mundi
695 2900 871 2955 estote,
894 2892 1088 2960 anfrrte
1103 2887 1223 2941 vitia
1243 2885 1304 2939 ab
1325 2882 1593 2938 animabus
1612 2885 1789 2937 vestris

169 3002 353 3039 coram
379 2986 540 3037 oculis
562 2983 687 3036 meis
721 2981 877 3053 (lsai.
910 2981 957 3035 1.
992 2980 1117 3048 16).
1146 2976 1287 3046 Quid
1318 2984 1428 3045 est,
1450 2969 1640 3043 Coram
1662 2989 1788 3027 ocu-

172 3078 236 3129 lis
264 3077 430 3129 mnis?
455 3075 587 3135 Quia
613 3074 861 3125 videntur
887 3070 1104 3137 quidem
1132 3069 1437 3138 aliquiesse
1455 3067 1567 3121 vitii
1596 3082 1791 3136 exper-

187 3153 1576 3181 Μ’

956 397 1026 458 ΙΝ
1064 394 1286 455 BPlST.
1331 393 1421 450 AD
1461 387 1830 449 Ηεηιὶιεοδ.
1873 388 2026 446 CAP.
2071 385 2186 445 VII.
2229 386 2466 447 llOMlL.
2510 387 2654 445 Xlll.

3381 378 3486 435 10":

1882 508 1985 566 tes,
2016 498 2112 556 sed
2146 497 2478 563 hominibus,
2508 497 2620 551 Deo
2646 503 2827 549 autem
2854 501 2980 547 sunt
3009 487 3281 545 manifesti
3310 488 3493 558 sepul-

1879 605 1971 646 cra
2024 590 2273 646 dealbata
2303 608 2316 645 :
2348 590 2473 645 ideo
2497 588 2649 653 dicit,
2672 587 2763 643 Sic
2783 586 2991 640 auferte
3017 584 3158 638 sicut
3188 597 3289 652 ego
3312 582 3491 635 viden.

1880 683 2076 739 Discite
2108 682 2299 737 bonum
2329 685 2522 752 facere,
2552 678 2801 750 acquirite
2835 676 3095 747 judicium
3122 715 3137 738 ,
3169 672 3413 726 humilem
3447 681 3494 724 ct

1880 793 2161 848 pauperem
2201 776 2486 847 justi/icate
2538 789 2558 828 :
2590 782 2637 827 et
2678 772 2842 825 venite
2867 766 2916 823 ei
2944 770 3325 838 disceptemns,
3367 766 3495 819 dicit

1878 874 2163 937 Dominus;
2203 880 2251 925 et
2297 870 2341 925 si
2388 869 2489 924 sint
2536 874 2743 937 peccata
2794 872 2962 918 vestra
3004 862 3136 916 sicut
3194 866 3493 932 puniceum,

1876 968 2006 1023 sicut
2034 966 2201 1020 nivem
2240 959 2523 1023 dealbabo,‘
2560 959 2604 1012 si
2641 958 2743 1012 sint
2799 966 2971 1010 autent
3008 953 3141 1008 sicut
3201 953 3489 1017 coccinum,

1878 1070 2137 1128 tamquam
2165 1056 2339 1110 lanam
2363 1051 2609 1107 dealbabo
2643 1047 2797 1120 (lsai.
2835 1049 2885 1102 1.
2916 1047 3007 1102 17.
3036 1045 3145 1116 18).
3175 1045 3338 1100 Vides
3353 1044 3493 1113 quod

1878 1156 2129 1219 oporteat
2153 1160 2251 1202 nos
2274 1145 2485 1216 priores
2502 1140 2788 1206 mundare,
2820 1147 2877 1193 et
2903 1149 3031 1193 tunc
3059 1139 3200 1193 Deus
3229 1138 3497 1191 mundat?

1877 1240 2011 1313 Nam
2058 1254 2183 1296 enm
2232 1237 2383 1309 prius
2431 1235 2706 1301 dixisset,
2741 1230 3034 1294 Lavamini,
3077 1229 3261 1285 mundi
3300 1240 3493 1292 estote,

1882 1342 2012 1388 tunc
2059 1328 2379 1399 subiunxit,
2414 1325 2527 1398 Ego
2581 1322 2854 1385 deatbabo.
2905 1320 3079 1378 Nemo
3120 1335 3252 1391 ergo
3304 1335 3371 1375 ex
3433 1319 3500 1395 iis

1880 1424 1973 1495 qui
2000 1422 2226 1477 veniunt
2267 1418 2336 1475 ad
2375 1432 2648 1474 summum
2697 1416 2911 1484 vitium,
2954 1415 3024 1472 de
3073 1429 3134 1470 se
3176 1412 3427 1483 desperet
3482 1432 3495 1465 :

1878 1514 2015 1572 Nam
2042 1512 2255 1571 etiamsi
2281 1511 2526 1578 intraris,
2558 1509 2755 1581 inquit,
2788 1508 2857 1564 ad
2890 1508 3134 1564 habitum
3162 1544 3177 1567 .
3218 1515 3275 1562 et
3303 1518 3503 1576 prope-

1882 1609 2103 1664 modum
2130 1604 2198 1661 ad
2224 1613 2473 1659 naturam
2506 1602 2679 1673 ipsius
2698 1600 2839 1668 vitii,
2866 1614 2934 1656 ne
2960 1609 3176 1655 timeas.
3200 1598 3500 1669 Propterea

1884 1716 1992 1757 non
2036 1698 2268 1756 exilibus
2306 1706 2364 1754 et
2407 1694 2654 1753 evanidis
2677 1693 2919 1766 acceptis
2949 1691 3223 1749 coloribus
3248 1733 3262 1756 ,
3288 1691 3381 1747 sed
3411 1695 3501 1762 qui

1882 1799 2009 1848 sunt
2039 1804 2211 1861 prope
2236 1788 2289 1844 in
2318 1789 2434 1859 ipsa
2464 1786 2546 1843 rei
2572 1784 2835 1853 essentia,
2876 1798 2971 1840 eos
2999 1784 3133 1840 dicit
3158 1793 3415 1840 venturos
3449 1785 3501 1836 in

1883 1891 2083 1940 statum
2115 1880 2473 1937 contrarium.
2492 1877 2613 1934 Non
2629 1877 2808 1957 solum
2833 1876 2983 1933 enim
3010 1875 3150 1932 dixit
3169 1876 3375 1944 lavare,
3405 1876 3502 1931 sed
3530 1918 3535 1919 κ

1887 1984 2163 2046 tamquam
2194 1972 2375 2029 nivem
2404 1978 2461 2027 et
2492 1980 2769 2041 tamquam
2796 1970 2976 2025 lanam
3005 1967 3286 2033 dealbare,
3317 1977 3377 2022 ut
3407 1968 3503 2021 ho.

1883 2083 2011 2126 nam
2034 2082 2187 2140 spem
2219 2066 2379 2123 nobis
2407 2064 2667 2138 praebeat.
2701 2064 2849 2135 Ergo
2877 2076 3070 2135 magna
3112 2061 3197 2117 vis
3227 2060 3502 2133 pmuiten‘

1886 2162 1997 2229 tim,
2024 2159 2293 2232 siquidem
2322 2174 2426 2216 nos
2456 2157 2584 2214 facit
2607 2156 2765 2229 quasi
2787 2156 2991 2223 nivem,
3022 2168 3079 2213 et
3107 2153 3327 2212 dealbat
3350 2156 3505 2225 quasi

1884 2252 2090 2319 lanam,
2120 2251 2333 2309 etiamsi
2363 2236 2511 2321 quod
2540 2249 2739 2304 invasit
2765 2255 3049 2318 peceatum
3080 2259 3295 2304 nostras
3329 2249 3508 2303 tinxe-

1884 2347 1957 2402 rit
1977 2347 2208 2402 animas.
2233 2344 2564 2402 Studeamus
2585 2357 2717 2414 ergo
2749 2342 2869 2399 ﬁeri
2900 2340 3089 2397 mundi
3120 2359 3136 2398 :
3179 2336 3316 2397 nihil
3344 2356 3509 2413 grave

1882 2439 2044 2510 jussit
2073 2457 2086 2494 :
2112 2437 2359 2494 Judicate
2383 2436 2637 2510 orpltano,
2660 2444 2709 2490 et
2738 2434 2907 2490 uidua
2926 2434 3067 2504 quod
3099 2443 3172 2489 est
3192 2434 3394 2506 justum
3419 2433 3509 2505 fu-

1885 2534 1984 2589 cite
2026 2532 2194 2602 (Ibid.
2240 2549 2292 2587 ν.
2336 2532 2467 2603 17),
2509 2529 2707 2601 inquit.
2759 2527 2928 2585 Vides
2970 2527 3249 2600 quomodo
3298 2528 3506 2600 ubique

1886 2625 2031 2697 apud
2079 2624 2248 2681 Deum
2290 2619 2487 2694 magna
2523 2621 2757 2678 habetur
2797 2619 2940 2677 ratio
2988 2620 3406 2686 misericordim,
3453 2630 3513 2678 et

1886 2717 2223 2775 delensionis
2252 2730 2443 2773 eorum
2472 2714 2565 2787 qui
2586 2713 2905 2770 afﬁciuntur
2934 2711 3174 2784 injuria?
3201 2712 3330 2769 Huic
3359 2712 3500 2767 bona

1886 2811 2270 2883 aggrediamur
2316 2823 2506 2880 Opera,
2552 2816 2609 2863 et
2648 2806 2949 2879 poterimus
2996 2804 3095 2860 Dei
3142 2805 3314 2877 gratia
3363 2803 3508 2859 bona

1887 2907 2051 2961 etiam
2084 2905 2261 2960 futura
2292 2901 2555 2971 consequi
2590 2917 2603 2956 :
2632 2900 2831 2971 quibus
2861 2913 2962 2956 nos
3004 2914 3198 2954 omnes
3226 2899 3511 2969 contingat

1888 3001 2082 3071 dignos
2115 2998 2229 3054 ﬁeri
2260 2998 2314 3052 iu
2339 2996 2563 3052 Christo
2585 2994 2713 3051 Jesu
2744 2993 2977 3050 Domino
3003 3001 3216 3049 nostro.

3428 3145 3535 3165 -——

1622 3227 1975 3294 HOMILIA
2017 3221 2197 3290 XIII.

192 3320 337 3372 Cu.
370 3317 426 3372 7.
459 3330 514 3369 ν.
550 3315 639 3369 11.
674 3310 738 3367 St
783 3324 903 3381 ergo
931 3304 1303 3362 consummatio
1334 3318 1423 3372 per
1464 3299 1810 3357 sacerdotium

274 3407 559 3461 Leviticum
582 3413 689 3457 erat
713 3401 961 3473 (papulas
978 3399 1111 3453 enim
1138 3398 1227 3452 sub
1248 3397 1362 3463 ipso
1389 3394 1548 3465 legem
1569 3389 1811 3460 accepit),

267 3501 402 3570 quid
460 3498 631 3551 adhuc
693 3487 1032 3550 necessarium
1094 3490 1191 3561 fuit
1244 3488 1525 3543 secundum
1583 3484 1816 3538 ordinem

279 3587 664 3645 Melchisedech
704 3587 864 3640 alium
908 3581 1261 3645 sacerdotem,
1299 3590 1345 3633 et
1388 3592 1489 3631 non
1538 3574 1817 3630 secundum

276 3683 519 3737 ordinem
564 3679 738 3734 Aaron
765 3677 907 3732 dici?
958 3675 1046 3730 12.
1079 3675 1325 3729 translato
1356 3671 1490 3725 enim
1533 3667 1817 3723 sacerdotio

279 3786 486 3829 necesse
514 3781 585 3827 est
610 3780 726 3824 utet
754 3769 878 3838 legis
905 3766 1174 3822 translatio
1205 3766 1315 3834 ﬁat.
1338 3764 1426 3818 13.
1455 3760 1521 3815 In
1547 3775 1647 3830 quo
1684 3759 1820 3812 enim

280 3869 393 3920 lucc
422 3864 694 3927 dicuntur,
729 3860 793 3916 de.
826 3860 930 3913 alia
960 3859 1093 3911 tribu
1121 3864 1215 3916 cst.
1246 3855 1310 3908 de
1335 3869 1437 3922 qua
1472 3853 1645 3904 nntius
1666 3848 1822 3902 altari

284 3968 473 4029 pra’sto
502 3958 617 4026 (ait.
652 3956 741 4009 14.
775 3953 1109 4023 Manifestum
1140 3960 1211 4003 est
1253 3948 1385 4001 enim
1426 3945 1563 4016 quod
1592 3959 1655 3997 ea:
1678 3940 1823 3997 Juda

280 4064 425 4105 ortus
451 4052 514 4105 sit
551 4048 794 4102 Dominus
824 4054 993 4099 uoster
1013 4083 1029 4108 ,
1078 4042 1132 4096 in
1162 4056 1261 4112 qua
1295 4038 1427 4093 tribu
1456 4037 1586 4091 nihil
1628 4037 1690 4090 de
1736 4048 1823 4090 sa.

285 4141 517 4196 cerdotio
546 4138 750 4209 Moyses
777 4138 1012 4207 loquutus
1044 4146 1139 4190 est.

285 4238 341 4289 1.
393 4235 454 4289 Si
498 4247 617 4302 ergo
657 4230 1026 4286 consummatio
1056 4244 1144 4299 per
1172 4224 1514 4281 sacerdotium
1544 4222 1825 4278 Levitirum

210 4337 351 4389 erat,
383 4325 577 4395 inquit.
610 4323 742 4379 Cum
767 4323 994 4377 dixisset
1018 4322 1087 4377 dc
1112 4318 1531 4383 Melchisedech,
1563 4330 1618 4372 et
1636 4328 1825 4372 osten-

209 4420 394 4473 disset
420 4425 679 4487 quantum
709 4424 855 4470 esset
882 4413 1191 4468 Abrahamo
1221 4414 1590 4483 pr.estantior,
1623 4420 1679 4465 et
1708 4425 1826 4467 ma-

209 4526 385 4581 gnam
417 4509 825 4578 pronuntiasset
870 4505 1269 4563 dili'erentiam.
1304 4503 1428 4558 hinc
1454 4502 1711 4572 deinceps
1733 4502 1831 4558 de-

210 4607 487 4657 monstrat
518 4598 642 4667 quid
674 4597 885 4652 intersit
921 4597 1062 4651 inter
1086 4594 1495 4651 Testamentum
1526 4594 1701 4663 ipsum
1722 4637 1737 4659 ,
1776 4602 1833 4649 et

211 4689 496 4763 quomodo
548 4689 676 4743 illud
705 4687 926 4755 quidem
974 4687 1047 4743 sit
1096 4686 1506 4757 imperfectum,
1557 4686 1659 4740 hoc
1702 4700 1831 4741 vero

214 4784 547 4857 perfectum.
582 4781 648 4837 Et
672 4781 909 4837 nondum
933 4780 999 4836 ad
1026 4795 1113 4836 res
1138 4782 1283 4851 ipsas
1313 4780 1545 4845 accedit,
1577 4780 1669 4835 sed
1692 4780 1832 4834 inte-

217 4879 325 4930 ritn
357 4875 629 4945 depugnat
650 4888 715 4930 ex
738 4872 1039 4929 sacerdotio
1063 4882 1119 4927 et
1144 4873 1510 4927 Testamento.
1536 4871 1659 4928 llaec
1688 4874 1833 4928 enim

217 4978 358 5024 tunc
382 4966 672 5022 incredulis
703 4974 859 5021 erant
887 4964 1056 5035 magis
1084 4964 1385 5030 credibilia,
1426 4962 1646 5033 quando
1671 4979 1738 5019 ex
1770 4964 1837 5018 iis

222 5077 355 5133 qua:
379 5060 529 5131 prius
544 5068 761 5128 accepta
779 5057 1279 5114 fuerantetcredita
1314 5055 1373 5110 lit
1420 5054 1833 5111 demonstratio.

217 5154 480 5211 Ostendit
507 5152 643 5208 Levi
668 5160 724 5207 et
742 5152 1049 5207 Abrahamo
1080 5152 1238 5219 longe
1261 5165 1381 5205 esse
1406 5150 1837 5220 pucstantiorem

218 5245 746 5309 Melchisedecbum,
766 5248 856 5315 qui
886 5244 937 5299 iu
964 5244 1156 5300 ordine
1196 5243 1537 5299 sacerdomm
1569 5242 1669 5299 fuit
1696 5244 1838 5314 apud

222 5356 350 5397 eos.
366 5339 447 5395 Ex
469 5340 577 5394 alio
597 5352 785 5395 rursus
806 5348 1233 5409 argumentatur.
1249 5337 1331 5392 Ex
1353 5351 1586 5408 quonam
1609 5340 1631 5393 ?
1650 5340 1724 5394 Ex
1749 5355 1840 5393 sa-

223 5433 479 5489 cerdotio
504 5432 756 5503 praesenti
774 5442 828 5489 et
856 5447 917 5487 ex
938 5430 1183 5485 Judaico.
1203 5430 1271 5484 Et
1299 5431 1421 5486 vide
1450 5432 1579 5487 mihi
1606 5432 1844 5504 prudeno

228 5527 365 5582 tiam
395 5526 669 5595 ingentem
699 5540 710 5576 :
742 5540 808 5579 ex
840 5522 1117 5593 quo'enim
1154 5532 1271 5579 erat
1294 5523 1588 5580 verisimile
1618 5541 1743 5581 eum
1775 5542 1845 5583 ex

228 5617 539 5673 sacerdotio
561 5617 939 5688 expellendum
960 5632 1101 5682 esse,
1123 5618 1374 5686 quoniam
1396 5634 1501 5672 non
1524 5628 1844 5675 eratsecun-

232 5713 364 5765 dum
389 5714 633 5767 ordinem
688 5713 891 5779 Aaron,
921 5726 985 5765 ex
1014 5726 1079 5765 co
1099 5710 1241 5764 hunc
1261 5710 1477 5780 quidem
1498 5714 1705 5777 statuit,
1728 5715 1847 5769 illos

234 5824 369 5861 vero
400 5807 566 5877 cjieit.
602 5805 718 5860 Hoc
763 5813 941 5858 autem
972 5802 1096 5857 facit
1142 5818 1203 5858 se
1235 5813 1507 5874 tamquam
1544 5806 1611 5861 dc
1663 5809 1845 5877 aliquo

260 5898 591 5955 dubitantem
626 5896 907 5960 inducens,
936 5909 1035 5948 cur
1057 5908 1165 5947 non
1196 5893 1408 5951 dicatur
1435 5898 1730 5953 secundum
1760 5916 1847 5955 or-

555 5993 830 6050 PA‘IROL.
888 5994 1003 6052 (in.
1063 5993 1281 6053 LXIII.

1916 3312 2104 3369 dinem
2134 3312 2317 3366 Aaron
2342 3350 2359 3377 ,
2382 3308 2576 3380 sicque
2602 3300 2826 3364 dubium
2854 3306 3161 3364 solventem
3205 3322 3220 3363 :
3263 3298 3336 3363 Et
3384 3316 3487 3380 ego
3514 3339 3533 3375 ,

1918 3404 2131 3476 inquit,
2161 3404 2262 3459 hac
2296 3401 2372 3458 de
2402 3412 2463 3458 re
2496 3401 2686 3456 dubito
2708 3442 2724 3466 ,
2756 3413 2857 3458 cur
2902 3415 3012 3457 non
3042 3400 3207 3457 fuerit
3234 3400 3535 3457 secundum

1918 3499 2168 3556 ordinem
2193 3496 2446 3552 Aaronis.
2481 3495 2599 3551 Hoc
2625 3495 2772 3551 enim
2805 3493 3075 3565 signiﬁcat
3099 3493 3311 3564 dicens,
3342 3493 3405 3550 Si
3433 3509 3537 3548 an-

1920 3601 2019 3645 tem
2058 3588 2433 3645 consummatio
2460 3596 2551 3658 ‘per
2579 3584 2925 3642 sacerdotium
2966 3585 3250 3641 chiticum
3281 3592 3407 3640 erat.
3462 3586 3535 3641 Et

1926 3681 2056 3738 illud
2077 3722 2093 3747 ,
2130 3680 2270 3749 Quid
2298 3679 2470 3733 adhuc
2523 3678 2867 3733 necessarium
2913 3678 3047 3749 fuit,
3082 3686 3331 3749 magnam
3362 3678 3528 3732 habet

1933 3772 2260 3840 emphasim.
2286 3770 2421 3823 Nam
2438 3768 2484 3823 sl
2517 3778 2647 3824 ante
2675 3778 2822 3824 esset
2848 3769 3073 3840 quidem
3091 3769 3366 3833 Christus,
3386 3770 3535 3839 quod

1933 3859 2001 3915 ad
2023 3870 2246 3917 carnem
2268 3862 2485 3925 attinet,
2505 3861 2813 3917 secundum
2832 3861 3085 3915 ordinem
3106 3850 3535 3924 Melchisedech.

1922 3958 2122 4015 deinde
2141 3958 2331 4013 luisset
2352 3956 2459 4015 lex.
2492 3963 2549 4011 et
2574 3968 2695 4026 qua:
2726 3958 2887 4010 erant
2945 3953 3213 4009 AarOnic'a
3239 3951 3543 4006 :verishni-

1926 4052 2052 4107 liter
2082 4050 2185 4106 dici
2240 4055 2461 4119 posset,
2495 4047 2630 4112 lucc,
2658 4054 2719 4101 ut
2755 4061 2875 4117 qua:
2906 4045 3017 4102 sint
3066 4044 3411 4115 perfectiora,
3452 4046 3543 4099 illa

1924 4144 2246 4208 dissolvere,
2270 4149 2460 4211 utqute
2483 4139 2949 4210 Supervenissem.
2980 4138 3037 4193 Si
3068 4145 3249 4193 autem
3295 4135 3545 4194 Christus

1928 4247 2011 4293 est
2040 4236 2331 4306 posterior,
2364 4240 2417 4289 el
2450 4231 2615 4287 alium
2648 4232 2843 4301 accipit
2898 4239 3083 4303 typum
3112 4225 3429 4295 Saccrtlotii,
3461 4240 3549 4286 est

1932 4329 2274 4398 perspicuum
2305 4326 2357 4380 id
2380 4326 2569 4390 fuisse,
2592 4323 2735 4395 quod
2781 4322 2871 4378 illa
2893 4330 3077 4378 essent
3118 4320 3544 4392 imperfectiora,

1930 4420 2203 4476 Ponamus
2241 4420 2386 4474 enim
2414 4460 2430 4485 ,
2477 4416 2688 4487 inquit,
2721 4409 2872 4471 verbi
2903 4424 3067 4471 causa
3096 4446 3112 4480 -,
3143 4406 3323 4470 omnia
3380 4414 3548 4471 fuisse

1931 4512 2171 4583 impleta,
2192 4520 2243 4566 et
2277 4503 2409 4564 nihil
2438 4506 2945 4577 esseimperl'ectum
2968 4508 3019 4561 in
3044 4505 3350 4561 sacerdotio
3377 4520 3389 4560 :
3420 4503 3549 4573 quid

1930 4614 2062 4675 ergo
2112 4616 2248 4675 Opus
2299 4606 2417 4660 erat
2470 4609 2529 4656 ut
2597 4600 2903 4667 diceretur,
2957 4596 3257 4655 Secundum
3318 4597 3552 4653 ordinem

1936 4697 2333 4762 Melchisedech,
2354 4706 2409 4752 et
2436 4711 2566 4758 non,
2596 4693 2907 4749 Secundum
2939 4694 3185 4749 ordinem
3204 4692 3427 4750 Aaron?
3454 4708 3552 4749 Cur

1933 4791 2159 4845 dimisso
2189 4788 2405 4844 Aarone
2444 4788 2674 4843 alterum
2707 4786 2918 4842 induxit
2945 4797 3037 4841 sac
3060 4786 3330 4851 -rdbtinm,
3356 4791 3555 4856 nempe

1935 4883 2311 4941 Mclcltisedcci
2333 4882 2357 4933 τ
2380 4882 2441 4936 Si
2462 4882 2835 4935 consummatio
2850 4889 2959 4936 erat
2980 4897 3069 4951 per
3086 4879 3363 4935 Lwitlcunt
3390 4897 3557 4934 sacer-

1937 4979 2133 5034 dotium
2154 5018 2170 5044 ,
2211 4989 2408 5045 nempe
2436 4975 2481 5029 si
2505 4989 2685 5029 rerum
2719 4984 2773 5028 et
2794 4973 2916 5028 vitae
2945 4972 3257 5043 dogmatum
3296 4972 3557 5043 perfectio

1942 5085 2037 5140 per
2071 5066 2374 5124 Leviticum
2407 5075 2522 5121 erat
2570 5064 2960 5121 sacerdotidm.
3007 5064 3141 5119 Vide
3189 5076 3367 5119 autem
3420 5076 3558 5133 quo-

1941 5160 2103 5215 modo
2148 5167 2298 5214 recta
2327 5157 2409 5212 via
2444 5156 2840 5227 progrediatur.
2877 5155 3049 5221 Dixit,
3084 5157 3226 5227 quod
3257 5153 3461 5211 secund
3485 5173 3554 5208 nu

1940 5253 2185 5307 ordinem
2236 5246 2670 5317 Melchisedech,
2704 5249 3000 5305 ostendens
3049 5248 3192 5320 quod
3238 5249 3313 5304 slt
3363 5249 3560 5305 melius

1942 5344 1995 5402 id
2040 5346 2182 5418 quod
2218 5352 2301 5401 est
2357 5344 2653 5400 secundum
2696 5344 2942 5399 ordinem
2989 5338 3429 5397 Melchisedech:
3473 5351 3561 5395 est

1943 5441 2088 5494 enim
2141 5437 2313 5493 multo
2382 5436 2597 5492 melius.
2648 5434 2914 5506 Deinceps
2965 5433 3071 5490 hoc
3119 5440 3281 5490 etiam
3326 5434 3563 5489 ostendit

1944 5548 2009 5588 ex
2044 5539 2288 5601 tempore
2310 5570 2324 5594 ,
2359 5528 2503 5601 quod
2532 5527 2743 5583 scilicet
2772 5536 2898 5598 post
2925 5528 3196 5582 Aaronem
3241 5528 3312 5581 sit
3351 5527 3397 5579 is
3424 5568 3437 5589 ,
3470 5526 3561 5597 qui

1947 5637 2032 5680 est
2077 5624 2438 5695 prmstantior.
2487 5620 2556 5675 Et
2598 5619 2725 5691 quid
2770 5620 2871 5674 sibi
2923 5610 3037 5672 \ult
3104 5618 3248 5689 quod
3304 5618 3565 5688 deinceps

1947 5718 2191 5789 sequitur
2212 5758 2225 5779 ,
2260 5714 2496 5783 Papulas
2531 5714 2665 5767 enim
2691 5711 2783 5765 sub
2812 5712 2925 5781 ipso
2952 5712 3112 5781 legem
3160 5709 3404 5779 accepit?
3435 5708 3563 5777 quid

1949 5820 2069 5875 est,
2105 5810 2214 5865 Sub
2255 5808 2406 5877 ipso?
2468 5808 2568 5860 ΡΜ·
2621 5806 2797 5875 ipsum
2846 5804 3180 5874 ingreditur,
3238 5820 3334 5876 per
3367 5804 3566 5874 ‘ipsum

1951 5905 2089 5974 gerit
2119 5901 2301 5957 omnia
2332 5918 2345 5955 :
2390 5915 2495 5954 non
2527 5909 2706 5970 potest
2754 5899 2859 5953 dici
2918 5897 3060 5968 quod
3090 5897 3211 5955 aliis
3259 5898 3329 5955 sit
3359 5898 3569 5954 datum.

3200 5984 3241 6047 Ἰ
