4060 6398
591 389 692 445 103

610 503 836 560 Pumilus
877 501 966 554 sub
1016 500 1124 566 ipso
1181 496 1336 565 legem
1380 489 1738 559 accepit:ltoe
1767 497 1885 553 cst,
1933 502 1994 540 ca
2044 501 2172 542 usus

602 609 705 654 est.
735 595 848 649 Non
900 598 1073 662 potest
1125 587 1227 642 dici
1277 582 1414 653 quod
1457 579 1684 649 perlecta
1732 578 1940 647 quidem
1987 589 2169 644 esset,

603 689 795 760 populo
844 694 1019 738 autem
1082 693 1185 732 non
1243 673 1520 745 prteposita
1563 670 1736 725 luerit.
1789 669 1899 760 Sua
1946 673 2055 760 ipso
2099 669 2172 722 le-

602 758 711 851 gem
755 775 944 845 accepit
988 788 1005 825 :
1055 769 1155 822 hoc
1209 772 1329 831 est,
1382 763 1498 831 ipso
1551 776 1678 814 usus
1717 770 1819 814 est.
1873 758 2006 826 Quid
2040 773 2167 851 ergo

601 847 731 940 opus
762 878 875 922 erat
918 864 1021 917 alio
1063 858 1394 918 saccrdmio,
1424 855 1467 908 si
1513 853 1638 906 illud
1690 851 1979 918 perlectum
2019 847 2171 903 erat?

601 961 876 1018 Translata
916 955 1056 1010 enim
1129 947 1466 1009 sacerdotio,
1533 958 1750 996 necesse
1794 950 1876 994 est
1931 949 1987 992 ut
2041 940 2171 1007 legis

597 1066 808 1124 quoque
841 1044 1112 1101 translatio
1143 1040 1232 1094 liat
1260 1057 1273 1091 :
1319 1039 1362 1090 si
1407 1046 1580 1088 autem
1610 1046 1826 1124 necesse
1848 1039 1950 1124 gest
1996 1041 2077 1124 ιιιυ
2103 1029 2171 1081 sit

596 1121 730 1199 alius
777 1137 1047 1200 sacerdos,
1075 1132 1158 1186 vel
1207 1129 1380 1199 potius
1414 1125 1556 1178 aliud
1598 1122 1950 1177 sacerdotium
1974 1162 1989 1186 ,
2014 1121 2168 1172 aliam

597 1245 808 1301 quoque
850 1228 1020 1297 legem
1050 1237 1170 1277 esse
1196 1231 1414 1273 necesse
1446 1226 1547 1269 est.
1595 1215 1704 1268 lloe
1748 1212 1813 1266 ad
1843 1227 1935 1266 eos
1964 1213 2051 1280 qui
2081 1210 2168 1262 di-

595 1333 722 1378 cunt
743 1340 755 1375 :
780 1317 914 1386 Quid
937 1330 1070 1384 opus
1095 1319 1209 1367 erat
1232 1323 1368 1362 novo
1389 1303 1774 1361 Testamento?
1799 1302 1927 1356 Nam
1958 1309 2168 1370 poterat

595 1414 809 1482 quidem
838 1408 998 1462 etiam
1024 1419 1090 1469 ex
1115 1397 1393 1472 pmphctis
1415 1396 1594 1450 dicere
1621 1393 1980 1448 testimonium
2010 1409 2020 1443 ε
2057 1390 2168 1445 lloc

596 1514 676 1560 est
736 1505 1107 1556 testamentum
1183 1490 1323 1560 quod
1390 1487 1624 1556 disposui
1687 1485 1922 1553 patrihus
1977 1485 2167 1537 vestris

600 1597 733 1665 (Act.
796 1592 850 1645 '5.
877 1589 969 1656 25)
998 1603 1014 1660 ς
1043 1583 1251 1638 interim
1307 1587 1484 1632 autem
1534 1585 1727 1645 pugnat
1754 1591 1816 1628 ex
1846 1573 2162 1628 sacerdotio.

594 1686 662 1739 Et
689 1683 801 1737 vide
830 1693 986 1750 quam
1026 1682 1233 1744 optaret
1261 1669 1311 1724 id
1363 1667 1534 1722 ell'ari.
1577 1667 1734 1728 Dixit,
1763 1665 2052 1719 Secundum
2079 1681 2164 1717 or-

595 1777 760 1828 dinem
790 1765 1178 1825 Melchisedech.
1207 1761 1319 1816 Hoc
1340 1758 1499 1828 cjecit
1518 1757 1876 1811 sacerdotium
1908 1756 2162 1809 Aaronis:

595 1883 628 1919 n
669 1881 700 1918 ιι
729 1863 870 1917 enim
894 1859 1153 1916 dixisset,
1188 1850 1477 1907 Secundum
1505 1850 1731 1901 ordinem
1772 1845 2162 1908 Melchisedech,

593 1958 637 2009 si
687 1952 814 2007 illud
844 1958 985 2005 esset
1033 1945 1240 2000 melius.
1275 1942 1330 1996 Si
1359 1955 1486 2009 ergo
1514 1939 1869 1992 introductum
1901 1937 1993 1991 luit
2024 1939 2162 1993 aliud

593 2043 966 2104 sacerdotium,
991 2038 1217 2090 alterum
1243 2046 1453 2102 quoque
1473 2031 1701 2098 oportuit
1732 2043 1851 2084 esse
1883 2038 2165 2084 testamen-

593 2147 704 2190 tum
730 2153 743 2188 :
778 2145 946 2200 neque
987 2127 1128 2181 enim
1157 2125 1267 2178 ﬁeri
1301 2131 1474 2191 potest
1504 2129 1560 2172 ut
1586 2121 1654 2172 sit
1682 2121 1933 2174 sacerdos
1960 2121 2161 2192 absque

597 2233 914 2282 testamento
951 2231 1004 2275 et
1029 2218 1238 2287 legibus
1276 2225 1330 2268 et
1355 2211 1675 2282 prteccptis;
1717 2226 1896 2282 neque
1943 2226 2032 2277 ut,
2061 2215 2164 2268 alio

594 2328 812 2388 accepto
839 2311 1138 2370 sacerdotio
1157 2351 1173 2375 ,
1201 2308 1291 2361 illo
1321 2314 1516 2359 utatur.
1568 2303 1769 2358 Deinde
1791 2344 1806 2370 ,
1835 2303 1978 2374 quod
2007 2305 2164 2375 objici

592 2418 839 2484 poterat,
871 2402 1141 2477 quomodo
1165 2399 1320 2454 luerit
1345 2396 1595 2451 sacerdos
1619 2436 1633 2458 ,
1661 2396 1750 2464 qui
1791 2411 1898 2449 non
1924 2407 2035 2450 erat
2063 2397 2164 2452 Le-

591 2505 697 2560 vita
727 2520 740 2555 :
772 2501 890 2564 hoc,
917 2511 1036 2552 cum
1070 2507 1164 2562 per
1191 2489 1463 2559 superiora
1493 2486 1655 2540 veluti
1684 2485 1948 2554 quoddam
1977 2485 2162 2541 funda.

591 2604 824 2650 mentum
855 2590 999 2659 prius
1019 2584 1236 2656 iecisset
1266 2620 1280 2644 ,
1308 2594 1375 2633 ne
1402 2576 1514 2631 vult
1543 2576 1756 2646 quidem
1787 2578 1998 2630 solvere
2025 2618 2038 2641 ,
2068 2577 2160 2633 sed

591 2697 858 2754 tamquam
890 2670 1348 2749 prcetcrcurreudo
1376 2668 1476 2723 hoc
1503 2667 1740 2722 inducit:
1777 2666 1890 2720 Dixi
1918 2706 1933 2731 ,
1969 2668 2158 2736 inquit,

590 2775 905 2831 translatum
934 2781 1056 2824 esse
1082 2762 1435 2819 sacerdotium
1463 2777 1476 2811 :
1507 2773 1635 2828 ergo
1661 2767 1715 2811 et
1759 2766 2157 2811 testamentum.

589 2863 881 2921 Transtulit
933 2868 1108 2912 autem
1159 2867 1262 2907 non
1312 2851 1484 2906 solum
1551 2847 1744 2910 modo,
1791 2862 1963 2917 neque
2031 2862 2163 2915 pm-

588 2957 778 3030 ceptis,
809 2954 904 3010 sed
936 2953 1096 3008 etiam
1127 2948 1268 3002 tribu
1295 2963 1308 2997 :
1339 2942 1620 3014 oportebat
1647 2941 1786 2995 enim
1811 2941 1967 2996 etiam
1999 2941 2158 2996 tribu.

589 3048 904 3120 Quomodo?
954 3043 1224 3098 Translata
1271 3036 1583 3097 saccrdotio,
1633 3033 1824 3102 inquit.
1880 3032 1992 3086 lloc
2040 3042 2159 3098 est,

587 3147 715 3202 Ideo
743 3140 1051 3198 translatum
1095 3143 1178 3190 est
1206 3149 1244 3192 a~
1273 3131 1410 3185 tribu
1437 3130 1488 3182 in
1520 3127 1714 3180 tribum
1745 3167 1757 3187 ,
1788 3140 1817 3178 a
1848 3125 2162 3180 sacerdotali

589 3236 656 3291 ad
685 3234 916 3303 regalem
943 3269 958 3292 ,
990 3235 1046 3281 ut
1072 3225 1256 3280 eadem
1305 3228 1446 3277 esset
1476 3225 1530 3273 et
1556 3217 1747 3287 regalis
1778 3227 1830 3271 et
1858 3217 2161 3272 sacerdota-

587 3329 671 3382 lis.
724 3322 856 3377 Vide
904 3329 1083 3374 autem
1129 3308 1737 3384 mysterium:primum
1784 3305 1998 3375 quidem
2043 3318 2160 3364 erat

586 3415 781 3484 regalis
801 3456 815 3480 ,
845 3425 898 3468 et
939 3428 1080 3467 nunc
1111 3412 1245 3465 facta
1279 3420 1360 3464 est
1390 3407 1734 3462 sacerdotalis
1763 3422 1776 3456 :
1805 3406 1940 3458 sicut
1987 3404 2145 3458 etiam

581 3505 634 3560 in
664 3505 915 3557 Christo:
948 3517 1072 3556 nam
1091 3515 1303 3570 semper
1326 3498 1537 3568 quidem
1567 3496 1662 3549 luit
1693 3511 1788 3549 rex
1811 3535 1825 3559 ,
1871 3493 2041 3547 lactus
2067 3498 2149 3546 est

581 3605 756 3648 autem
785 3592 1068 3657 sacerdos,
1118 3590 1330 3660 quando
1375 3602 1590 3643 carnem
1619 3586 1892 3654 suscepit,
1938 3582 2152 3652 quando

587 3683 906 3739 sacrificium
963 3681 1173 3736 obtulit.
1270 3678 1430 3732 Vides
1477 3674 1870 3732 mutationem?
1923 3673 1991 3727 Et
2034 3687 2153 3743 qua

583 3785 736 3830 erant
765 3773 1059 3844 objicienda
1081 3813 1096 3837 ,
1132 3772 1246 3825 haec
1268 3769 1518 3835 adducit,
1549 3776 1608 3830 ut
1631 3765 1932 3836 postulabat
1974 3779 2151 3818 rerum

583 3866 959 3936 consequentia
990 3881 1003 3917 :
1049 3863 1116 3916 In
1170 3876 1268 3927 quo
1294 3861 1424 3914 enim
1448 3898 1466 3926 ,
1495 3858 1706 3927 inquit,
1743 3858 1849 3910 lucc
1880 3855 2114 3909 dicuntur
2137 3893 2154 3920 ,

583 3958 626 4010 is
653 3957 712 4009 de
738 3956 840 4008 alia
870 3953 998 4007 tribu
1027 3962 1098 4006 est
1121 3994 1136 4018 ,
1183 3967 1210 4005 e
1256 3966 1355 4021 qua
1397 3947 1570 4002 nullus
1619 3947 1770 4000 altari
1821 3956 2002 4014 priesto
2033 3946 2154 4014 fuit.

589 4045 908 4116 Compertum
940 4054 1012 4097 est
1032 4044 1164 4096 enim
1192 4040 1419 4095 onmibus
1445 4037 1579 4108 quod
1606 4036 1856 4091 Dominus
1894 4046 2060 4090 noster
2097 4052 2158 4090 ea

586 4134 728 4188 Juda
772 4147 937 4188 ortum
982 4134 1224 4198 duxerit,
1255 4147 1407 4201 quam
1455 4131 1507 4182 in
1557 4129 1739 4182 tribum
1789 4129 1850 4181 de
1877 4128 2158 4188 sacerdotio

589 4229 717 4281 nihil
751 4228 984 4296 loquutus
1012 4235 1081 4278 est
1115 4223 1336 4293 Moyses.
1369 4220 1519 4288 Quod
1555 4228 1733 4274 autem
1765 4219 1861 4285 ait,
1899 4219 2001 4272 tale
2032 4218 2156 4287 quid

588 4329 710 4375 est:
759 4317 821 4374 Et
851 4332 950 4387 ego
998 4329 1208 4384 quoque
1239 4313 1358 4367 dico
1400 4321 1453 4366 ει
1493 4310 1604 4364 scio
1633 4309 1772 4379 quod
1803 4308 1932 4362 nihil
1983 4308 2163 4362 habuit

589 4411 870 4467 sacerdotii
905 4407 1020 4464 lucc
1053 4406 1218 4463 tribus
1240 4445 1253 4469 ,
1292 4418 1388 4457 nec
1439 4402 1576 4455 ullus
1602 4416 1666 4456 ex
1698 4415 1758 4453 ca
1803 4398 2156 4453 sacerdotium

591 4504 830 4558 exercuit
876 4523 887 4556 :
934 4501 1075 4571 quod
1106 4501 1276 4569 ipsum
1347 4494 1625 4552 manifeste
1674 4493 1908 4550 ostendit
1954 4491 2152 4550 dictum

593 4597 743 4661 illud,
779 4593 965 4648 Nullus
995 4594 1141 4645 altari
1172 4603 1350 4660 prwsto
1371 4593 1484 4660 fuit.
1511 4590 1604 4644 Est
1629 4591 1772 4644 enim
1801 4597 1964 4642 totum
1990 4600 2162 4642 trans-

594 4689 740 4742 latio.
792 4685 881 4740 Sic
920 4683 1274 4738 nccessarium
1321 4691 1436 4735 crat
1479 4682 1645 4749 legem
1698 4689 1750 4734 ct
1796 4688 1947 4733 vetus
2008 4688 2166 4734 testa-

595 4788 830 4833 mentum
878 4774 1194 4839 transferri,
1238 4773 1496 4843 siquidem
1524 4781 1578 4824 et
1619 4771 1726 4839 ipsa
1773 4771 1938 4826 tribus
1968 4781 2166 4825 mutata

597 4881 699 4923 est.
732 4867 888 4921 Vides
916 4875 976 4919 ut
1003 4865 1160 4918 aliam
1203 4862 1438 4918 ostendit
1481 4861 1831 4915 tlichrcntiam
1869 4877 2025 4930 quam
2052 4878 2170 4931 qua:

599 4976 629 5012 a
670 4957 956 5013 mutatione
1006 4955 1190 5016 tribus
1215 4953 1449 5022 petitur?
1478 4951 1655 5021 Neque
1700 4967 1828 5006 vero
1859 4951 1977 5008 inde
2015 4953 2170 5007 dum-

601 5058 751 5104 taxat
799 5057 994 5117 quanta
1044 5046 1112 5100 sit
1161 5044 1460 5098 dill'erentia
1517 5042 1844 5107 ostenditur,
1877 5043 1968 5098 sed
2017 5045 2174 5099 modo

602 5155 809 5209 quoque
837 5154 867 5192 a
918 5152 1162 5206 persona,
1190 5149 1218 5188 a
1247 5145 1563 5189 testamento
1588 5175 1601 5196 ,
1631 5151 1658 5186 ιι
1710 5135 1868 5188 modo
1894 5177 1908 5200 ,
1951 5135 2017 5187 ab
2061 5136 2175 5204 ipso

605 5243 748 5301 typo.
800 5229 884 5284 16.
931 5230 1028 5295 Qui
1069 5245 1166 5280 non
1195 5215 1467 5281 secundum
1518 5228 1676 5296 legem
1715 5228 1938 5280 mandati
1988 5244 2175 5282 carna-

607 5324 668 5376 lis
695 5327 858 5392 factus
887 5331 977 5384 est,
1006 5319 1096 5372 sed
1134 5317 1406 5370 secundum
1449 5317 1678 5370 virtutem
1729 5316 1843 5370 vine
1871 5319 2171 5372 insolubilis.

674 5415 728 5467 2.
773 5412 962 5465 Factus
989 5420 1079 5472 est,
1114 5410 1297 5477 "inquit
1334 5408 1606 5471 sacerdos,
1649 5409 1740 5462 sed
1773 5426 1871 5463 non
1900 5412 2174 5463 secundum

619 5508 775 5575 legem
805 5503 1023 5556 carnalis
1059 5499 1284 5552 mandati
1314 5515 1331 5552 :
1359 5500 1443 5553 lex
1474 5500 1612 5553 enim
1657 5500 1744 5553 illa
1775 5499 1826 5552 in
1860 5501 2036 5553 multis
2065 5511 2179 5554 erat

607 5613 716 5653 non
748 5597 1022 5665 legitima‘.
1060 5593 1122 5647 Et
1150 5600 1292 5647 recte
1333 5593 1538 5645 vocavit
1567 5591 1691 5645 illud
1721 5593 2028 5647 mandatum
2057 5608 2177 5648 car-

673 5736 690 5766 ί
715 5732 788 5780 Πιὶ
816 5728 947 5778 Coll).
989 5725 1154 5775 addit:
1183 5723 1304 5781 Quid
1342 5728 1426 5779 (ει,
1463 5721 1674 5771 carnalis
1711 5722 1928 5772 tumulati
1948 5721 1972 5771 ἔ)
2009 5723 2183 5774 Postea

613 5799 672 5846 tis
692 5794 879 5841 omissis
908 5805 1014 5849 qua-
1043 5791 1088 5836 in
1125 5785 1265 5834 l-‘.dito
1299 5787 1580 5848 interposita
1603 5793 1740 5845 sunt,
1777 5786 1840 5833 ita
1877 5788 2033 5848 pergit
2069 5787 2182 5836 ill.-:

612 5881 633 5908 ι
650 5853 913 5908 tt‘ratttt'lJt’
940 5862 1131 5899 t'ttr‘ttcm
1159 5861 1174 5909 ,'
1201 5857 1298 5895 etc.

1286 379 1341 435 s.
1380 373 1652 432 tempus
1687 366 2155 426 CHRYSOSTOMI
2198 365 2504 419 .tlltillllil‘.
2541 368 3081 430 census-1130p.

3784 366 3883 424 Ιοὸ

2278 472 2431 524 nale:
2459 470 2637 524 omnia
2665 472 2806 524 enim
2836 488 2954 542 quae
2975 472 3240 528 statuebat
3261 443 3498 528 carnalili
3527 486 3712 530 erant.
3741 476 3870 530 Nam

2274 565 2471 625 dicere,
2503 562 2840 617 Circumcidc
2866 578 3104 631 carnem,
3148 580 3285 634 nngc
3310 581 3553 631 carnem,
3589 567 3716 620 laxa
3759 584 3874 622 cat-

2273 670 2419 719 nem,
2451 653 2643 707 munda
2673 669 2912 720 carnem,
2943 655 3108 710 tonde
3135 671 3372 723 carnem,
3423 658 3581 729 alliga
3615 674 3864 728 carnem,

2274 749 2413 802 nutri
2442 761 2678 807 carnem,
2713 745 2879 800 otium
2909 745 2974 799 da
3001 747 3148 800 carni
3184 766 3198 800 :
3230 747 3348 803 ilch
3389 765 3593 814 ann0n,
3650 765 3861 819 qttzrso,

2273 843 2506 896 carnalia
2579 845 2744 898 sunt?
2797 844 2852 899 Si
2899 845 2981 898 vis
3034 845 3244 903 discere
3288 865 3409 920 qua:
3462 848 3603 902 bona
3667 846 3879 916 promi-

2274 932 2425 994 serit,
2469 931 2589 985 audi
2623 932 2847 1004 :Longa
2893 935 2996 988 vita
3066 937 3237 1002 carni,
3287 939 3477 1008 inquit,
3538 939 3626 992 lac
3677 945 3738 992 et
3775 933 3878 990 mel

2279 1022 2444 1097 εβιτιιὶ,
2480 1037 2578 1090 pax
2611 1023 2781 1088 carni,
2837 1025 3086 1095 voluptas
3127 1029 3298 1080 carui.
3352 1028 3434 1082 Ab
3483 1028 3584 1083 hac
3628 1027 3754 1098 lege
3795 1042 3882 1082 sa-

2273 1113 2564 1168 cerdotium
2594 1119 2800 1186 aer-epit
2843 1119 3018 1171 Aaron
3050 1135 3062 1169 :
3097 1118 3490 1175 Melchisedech
3523 1130 3712 1174 autem
3764 1133 3872 1173 non

2274 1203 2364 1257 ita.
2400 1205 2486 1259 15.
2525 1205 2591 1259 Ει
2617 1208 2840 1277 amplius
2875 1209 3045 1262 adhuc
3074 1211 3404 1279 manifestum
3442 1221 3536 1276 est,
3584 1211 3631 1265 si
3679 1227 3871 1264 secun-

2272 1296 2391 1347 dum
2417 1296 2802 1351 similitudinem
2832 1298 3212 1353 Melchisedech
3242 1312 3486 1371 exsurgat
3520 1302 3662 1354 alius
3701 1317 3879 1354 sacer-

2272 1385 2384 1439 dos.
2418 1384 2553 1454 Quid
2597 1397 2679 1442 est
2726 1389 3108 1442 manifestum?
3156 1389 3427 1456 Quantum
3473 1391 3699 1446 intersit
3735 1391 3879 1444 inter

2273 1488 2562 1548 utrumque
2607 1480 2967 1533 sacerdotium
2991 1521 3005 1542 ,
3034 1489 3088 1534 ct
3115 1483 3409 1555 quantasit
3437 1480 3749 1535 diﬂ‘ercntia
3776 1522 3790 1542 ,
3821 1489 3877 1535 et

2269 1580 2467 1639 quanto
2508 1573 2843 1641 praestantior
2891 1573 2980 1642 qui
3030 1588 3136 1626 non
3197 1564 3369 1627 lactus
3422 1583 3507 1628 est
3557 1573 3873 1627 secundum

2271 1661 2443 1731 legem
2467 1663 2702 1716 mandati
2732 1664 2984 1717 carnalis.
3013 1663 3143 1728 Quis
3161 1665 3186 1717 ?
3209 1665 3293 1718 hic
3316 1674 3395 1718 est
3420 1663 3830 1718 Melchisedech
3851 1663 3876 1715 ?

2269 1752 2409 1818 Non,
2441 1753 2532 1806 sed
2563 1753 2829 1806 Christus.
2859 1753 2965 1807 Sed
2990 1754 3270 1806 secundum
3302 1754 3538 1808 virtutem
3569 1755 3687 1807 vita:
3721 1755 3871 1806 inso-

2272 1843 2462 1897 lubilis.
2500 1845 2582 1897 l7.
2610 1843 2934 1897 Contestatur
2964 1846 3096 1898 enim
3130 1859 3146 1897 :
3176 1843 3256 1897 Tu
3287 1862 3338 1898 es
3364 1845 3604 1898 sacerdos
3632 1845 3686 1898 ia
3714 1855 3873 1898 aeter—

2269 1953 2411 2001 num,
2445 1935 2719 1990 secundum
2753 1936 2981 1990 ordinem
3017 1935 3414 1989 Melchisedech.
3449 1937 3561 1990 Hoc
3601 1947 3709 1996 est.
3761 1951 3872 1990 non

2269 2027 2334 2079 ad
2366 2036 2596 2095 tempus,
2629 2042 2799 2094 neque
2833 2027 2990 2079 liuent
3020 2026 3251 2088 habens,
3276 2027 3393 2090 sed,
3435 2027 3736 2080 Secundum
3765 2031 3874 2079 vir-

2270 2127 2422 2170 tutem
2452 2120 2568 2171 vita:
2597 2119 2906 2170 insolubilis.
2943 2117 3049 2171 Hoc
3095 2117 3252 2180 dixit,
3302 2128 3359 2170 ιιι
3396 2117 3649 2171 ostendat
3689 2119 3872 2187 ipsum

2269 2209 2602 2266 sacerdotem
2635 2226 2750 2264 esse
2782 2212 2974 2265 laetum
3011 2225 3104 2278 per
3125 2225 3274 2264 suam
3307 2219 3361 2264 et
3389 2210 3563 2264 Patris
3584 2211 3869 2273 virtutem,

2271 2320 2364 2373 per
2395 2304 2554 2358 vitam
2588 2303 3037 2358 indissolubiletn.
3084 2305 3240 2371 Atqui
3276 2318 3382 2356 non
3413 2312 3494 2356 est
3533 2302 3636 2356 hoc
3672 2319 3873 2357 Consc-

2271 2411 2440 2468 qnens
2467 2397 2515 2451 ei
2547 2396 2685 2466 quod
2717 2397 2917 2448 dictum
2963 2404 3067 2459 est,
3103 2395 3204 2461 Qui
3246 2411 3345 2448 non
3390 2399 3669 2448 secundum
3703 2397 3873 2465 legem

2269 2488 2497 2541 mandati
2540 2488 2760 2540 carnalis
2813 2487 2977 2555 factus
3020 2496 3089 2538 est
3122 2501 3138 2538 :
3169 2496 3285 2540 erat
3330 2487 3475 2540 enim
3517 2500 3872 2554 consequens

2271 2577 2470 2642 dicere,
2505 2577 2611 2630 Sed
2644 2576 2876 2629 mandati
2914 2575 3227 2644 spiritualis.
3263 2574 3368 2630 Sed
3403 2591 3500 2645 per
3529 2577 3748 2630 carnale
3779 2592 3873 2631 os-

2273 2669 2442 2724 tendit
2468 2669 2764 2737 temporale
2793 2684 2806 2721 :
2839 2669 2976 2722 sicut
3014 2669 3174 2722 etiam
3207 2668 3337 2722 dicit
3380 2669 3528 2730 alibi,
3576 2667 3761 2737 USqtle
3801 2669 3871 2722 ad

2273 2770 2485 2830 tempus
2534 2759 2886 2814 correctionis
2935 2759 3213 2828 impositas
3277 2759 3421 2827 leges
3463 2759 3872 2827 justiticationis

2271 2855 2448 2909 carnis
2484 2853 2777 2908 secundum
2814 2853 3066 2905 virtutem
3101 2851 3222 2903 vitae
3255 2867 3269 2901 :
3302 2849 3403 2905 hoc
3433 2860 3536 2916 est,
3567 2851 3697 2904 vivit
3739 2867 3870 2920 pro-

2275 2948 2389 3017 pria
2421 2946 2634 3000 virtute.
2667 2945 2809 2998 Dixit
2836 2945 2949 2997 ﬁeri
2975 2945 3105 3014 legis
3135 2943 3568 3005 translationem,
3600 2953 3653 2997 et
3685 2953 3875 2996 Osten-

2273 3037 2352 3091 dit
2390 3035 2659 3106 quomodo
2710 3053 2723 3087 :
2761 3035 2870 3103 jam
2916 3036 3108 3103 quan-it
3147 3049 3363 3087 causam
3401 3033 3582 3102 :qnod
3631 3036 3874 3089 maxime

2273 3125 2510 3182 omnium
2551 3125 2810 3180 satisfacit
2849 3125 3043 3178 animis
3084 3124 3384 3189 hominum,
3420 3140 3611 3194 nempe
3643 3129 3875 3179 omnino

2273 3233 2486 3274 causam
2511 3218 2670 3281 seire,
2699 3225 2753 3270 ct
2781 3217 2948 3284 magis
2987 3214 3110 3269 facit
3142 3214 3326 3280 tidem,
3359 3214 3574 3284 quando
3613 3215 3874 3270 didiceri-

2278 3325 2397 3365 mus
2421 3323 2637 3364 causam
2671 3317 2725 3362 et
2761 3307 3020 3361 rationem
3057 3321 3153 3375 per
3195 3320 3352 3375 quam
3401 3306 3477 3360 lit.
3526 3307 3615 3362 18.
3667 3306 3874 3378 Repra-

2273 3403 2407 3457 batio
2432 3401 2633 3472 quidem
2666 3400 2722 3467 ﬁt
2766 3398 3092 3465 prwcedentis
3137 3397 3371 3451 mandati
3409 3408 3615 3468 prapter
3646 3400 3875 3466 inﬁrmi-

2275 3502 2427 3547 tatem
2473 3491 2584 3562 ejus
2623 3500 2669 3542 et
2702 3488 3051 3542 inutilitatem.
3101 3487 3195 3542 llic
3246 3488 3528 3558 insurgunt
3578 3489 3843 3544 hmretici'

2278 3582 2540 3658 [dicentes
2565 3599 2577 3634 :
2605 3582 2743 3635 Ecce
2775 3580 2970 3634 Paulus
3000 3580 3196 3633 malum
3218 3579 3342 3632 dicit
3373 3581 3729 3652 mandatum].
3761 3581 3873 3638 Sed

2272 3675 2486 3731 attende
2523 3676 2852 3746 diligenter:
2887 3691 2991 3729 non
3031 3675 3167 3730 dixit
3211 3677 3352 3746 quod
3400 3677 3469 3731 sit
3514 3678 3767 3732 vitiosum
3809 3687 3866 3735 et

2270 3783 2509 3837 pravum,
2537 3769 2655 3834 sed,
2685 3767 2909 3838 Propter
2936 3769 3280 3835 inﬁrmitatem
3307 3771 3417 3840 ejus
3443 3779 3488 3824 et
3510 3771 3866 3828 inutilitatem.

2270 3857 2405 3912 Alibi
2438 3873 2648 3928 quoque
2675 3859 2910 3912 ostendit
2935 3859 3049 3927 ejus
3081 3859 3521 3926 imbecillitatem,
3552 3871 3610 3916 ut
3631 3863 3856 3931 quando

2268 3950 2417 4015 dicit,
2447 3949 2512 4003 In
2538 3967 2636 4020 quo
2673 3950 3030 4019 inﬁrmubatur
3063 3969 3156 4022 per
3181 3968 3405 4008 carnem.
3453 3953 3570 4008 Non
3607 3963 3694 4009 est
3733 3970 3872 4026 ergo

2271 4042 2385 4096 haec
2414 4042 2711 4105 imbecillis,
2746 4043 2839 4096 sed
2873 4059 2990 4098 nos.
3024 4043 3110 4098 i9.
3146 4043 3296 4097 Nihil
3327 4045 3462 4098 enim
3492 4046 3561 4098 ad
3587 4046 3871 4116 perfectum

2270 4134 2482 4186 adduxit
2519 4134 2618 4190 lex.
2659 4134 2796 4200 Quid
2842 4145 2946 4201 est,
2997 4134 3148 4188 Nihil
3176 4135 3246 4188 ad
3287 4137 3566 4206 perfectura
3599 4137 3873 4190 addtuit?

2271 4223 2548 4278 Neminem
2597 4225 2719 4279 fecit
2762 4223 3055 4293 perlectum
3101 4241 3223 4280 cum
3271 4229 3318 4281 ei
3353 4241 3459 4280 non
3505 4227 3872 4284 obcdiretur:

2273 4330 2589 4385 quamquam
2616 4331 2712 4370 nec
2741 4317 2785 4370 si
2813 4316 2991 4370 audita
3018 4327 3184 4385 esset,
3215 4316 3508 4388 perfectum
3536 4319 3879 4376 reddidisset

2273 4419 2326 4460 et
2355 4407 2547 4463 virtute
2578 4407 2883 4477 praeditum.
2927 4408 3142 4463 lutet-im
3185 4419 3363 4464 autem
3409 4424 3515 4464 non
3558 4411 3662 4466 hoc
3700 4411 3863 4478 dicit,

2273 4498 2365 4552 sed
2419 4499 2558 4569 quod
2604 4499 2709 4552 vim
2748 4515 2852 4553 nou
2895 4498 3178 4566 habuerit;
3239 4511 3294 4555 et
3333 4503 3565 4556 merito:
3601 4503 3671 4555 ita
3724 4505 3880 4559 enim

2274 4591 2389 4645 sitae
2414 4601 2565 4645 erant
2596 4591 2762 4646 litem
2797 4611 2810 4646 :
2847 4592 2959 4646 Hoc
3009 4591 3110 4658 lae,
3142 4603 3194 4647 et
3227 4593 3352 4649 illud
3396 4612 3498 4648 non
3545 4593 3624 4648 lac
3653 4613 3668 4649 :
3697 4596 3880 4652 solum

2276 4692 2653 4752 proponentes,
2680 4699 2784 4738 non
2818 4685 2977 4739 etiam
2995 4686 3098 4739 vim
3124 4696 3178 4740 et
3217 4695 3540 4757 potestatem
3563 4689 3879 4746 alierentes.

2277 4773 2416 4843 Spes
2448 4784 2625 4828 autem
2659 4791 2762 4828 non
2791 4786 2873 4831 cst
2902 4777 3188 4846 ejusmodi.
3233 4777 3370 4845 Quid
3401 4789 3484 4834 est
3515 4780 3836 4849 reprobatio
3857 4783 3884 4837 ἰ

2278 4867 2502 4936 Ejectio.
2536 4866 2810 4938 [Quanam
2858 4878 3035 4922 autem
3087 4868 3201 4924 haec
3229 4871 3295 4924 sit
3338 4871 3634 4926 ostendens
3662 4873 3872 4940 intulit,

2281 4960 2620 5014 Prtecedentis
2645 4962 2868 5013 mandati
2891 4962 2916 5014 Ρ
2940 4960 3028 5016 Sic
3055 4963 3224 5031 legem
3257 4977 3478 5026 vocans,
3505 4964 3626 5032 quia
3651 4974 3886 5036 propter

2281 5052 2640 5106 inﬁrmitatem
2663 5066 2810 5105 suam
2853 5053 3023 5121 ejecta
3052 5063 3170 5119 est;
3201 5053 3326 5107 illud
3356 5061 3532 5108 autem
3562 5056 3889 5124 prtecedens

2281 5154 2434 5198 vocat
2459 5144 2597 5214 quod
2625 5144 2782 5198 desiit
2808 5155 2860 5199 et
2891 5155 3106 5215 propter
3127 5147 3489 5202 inﬁrmitatem
3537 5150 3888 5219 antiquatum

2281 5235 2407 5308 cst.]
2438 5235 2757 5304 lteprobatio
2797 5246 2878 5290 est
2907 5237 3182 5306 abrogatio
3208 5248 3261 5292 et
3289 5239 3486 5293 delctio
3528 5255 3716 5294 eorum
3761 5256 3891 5312 qua:

2282 5329 2387 5381 vim
2444 5327 2709 5382 habebant
2755 5337 2812 5381 et
2857 5329 3129 5384 valebant.
3190 5330 3324 5385 liinc
3393 5332 3696 5386 ostenditur
3738 5335 3891 5403 quod

2286 5420 2390 5471 vim
2420 5418 2620 5482 habuit,
2647 5429 2700 5471 et
2743 5417 2925 5481 valuit,
2954 5420 3047 5472 St‘ti
3077 5420 3172 5474 luit
3201 5422 3381 5500 habita
3415 5423 3712 5491 deSpectui,
3749 5441 3894 5495 quo-

2287 5511 2428 5562 niam
2466 5509 2592 5562 nihil
2616 5507 2814 5562 cl‘lecit.
2837 5508 2978 5562 Nihil
3003 5527 3132 5579 ergo
3161 5512 3240 5565 lex
3269 5513 3509 5582 proluit?
3537 5513 3743 5569 Proluit
3770 5519 3895 5585 qui-

2286 5602 2432 5662 dem,
2479 5614 2532 5656 et
2560 5601 2710 5656 valde
2762 5601 2973 5670 profuit,
3033 5603 3125 5656 sed
3157 5606 3221 5657 ad
3257 5606 3586 5660 reddendum
3621 5608 3891 5676 polluctus

2295 5695 2424 5747 nihil
2453 5695 2664 5762 proluit.
2697 5693 2802 5747 Lex
2826 5695 2965 5747 enim
3000 5695 3125 5747 nihil
3152 5696 3378 5750 reddidit
3417 5699 3740 5765 perlectum.

2361 5801 2372 5827 ι
2405 5797 2521 5852 ριιίι·
2545 5794 2731 5840 nztr‘inis
2757 5792 2915 5862 t'iztlllsn
2951 5801 3061 5840 Sunt
3089 5806 3182 5862 non
3222 5792 3452 5862 it‘gtlnlt‘ll‘
3489 5796 3535 5840 in
3572 5796 3742 5862 ςυΙιι.;
3780 5815 3894 5862 (pm

2295 5869 2457 5908 autem
2485 5858 2556 5906 hic
2584 5858 2801 5917 promite
2827 5854 3086 5904 clausimus
3109 5855 3287 5905 desunt
3316 5857 3361 5902 in
3387 5854 3674 5906 Conuneltn.
