4060 6450
214 342 320 397 105
993 348 1063 407 1N
1102 348 1319 409 EPIST.
1362 347 1455 404 AD
1496 345 1845 408 llEBRASOS

288 448 659 514 Circumcisio,
701 448 984 517 sacri/icio,
1026 450 1290 504 sabbatum
1340 452 1520 506 umbra
1570 462 1809 508 crant.—

216 543 347 597 ldeo
378 543 531 608 dicit,
562 540 713 595 Nihil
742 542 825 595 lea:
852 542 1063 613 perfecit
1089 558 1108 597 :
1138 543 1319 597 omnia
1341 545 1485 599 enim
1512 555 1665 600 erant
1692 546 1827 617 typi,

216 636 404 690 omnia
445 633 663 698 umbra,
699 632 1066 701 circumcisio,
1121 635 1468 703 sacriﬁcium,
1519 636 1827 705 sabbatum,

216 744 289 797 qu
311 747 339 777 l'.
372 742 479 782 non
510 735 795 793 potuerunt
821 725 885 780 ad
910 725 1143 791 animam
1173 726 1470 796 pervadere
1496 745 1509 781 :
1541 740 1827 800 propterea

216 819 422 873 cedunt
451 828 508 873 et
536 815 857 872 abscedunt.
910 817 1240 874 Introductio
1285 836 1402 875 vero
1433 823 1660 878 melioris
1697 826 1827 896 spei,

219 927 314 980 per
332 926 486 980 quam
518 909 865 978 proximamus
893 909 962 963 ad
1000 908 1171 963 Deum
1208 927 1227 966 :
1259 911 1349 967 9.0.
1385 923 1431 966 et
1471 925 1834 983 quantunt.est

220 1018 327 1055 non
354 1000 465 1054 sine
478 998 846 1070 jurejurando.
879 1000 1044 1057 Vides
1068 1001 1211 1071 quod
1247 1003 1333 1057 hic
1364 1005 1524 1059 luerit
1548 1006 1830 1075 juramcn-

222 1107 336 1152 tum
383 1093 795 1149 necessarium?
824 1093 1187 1161 Quamobrem
1226 1098 1480 1166 superius
1521 1109 1641 1157 tam.
1669 1102 1835 1157 multa

221 1196 311 1241 est
338 1185 775 1258 philosophatus,
803 1186 957 1256 quod
982 1188 1122 1243 Deus
1146 1189 1433 1259 juraverit,
1480 1203 1535 1247 et
1571 1193 1834 1262 juraverit

225 1288 286 1333 ut
313 1286 454 1333 esset
488 1277 687 1333 certior
712 1286 767 1332 et
794 1278 1005 1348 plenior
1032 1282 1335 1350 persuasio.
1366 1282 1695 1338 Introductio
1734 1303 1834 1338 au-

227 1386 331 1429 rem
373 1374 598 1429 melioris
644 1373 775 1443 spei.
810 1372 951 1439 Quid
981 1372 1087 1428 hoc
1130 1372 1258 1428 est?
1287 1369 1404 1425 Lex
1437 1384 1653 1440 quoque
1684 1383 1835 1439 spem

230 1471 487 1532 habebat,
527 1468 623 1525 sed
672 1484 779 1523 non
823 1466 987 1523 talem
1027 1484 1041 1523 :
1089 1465 1381 1538 sperabant
1430 1464 1597 1529 enim,
1640 1465 1684 1518 si
1728 1464 1839 1518 Deo

228 1561 587 1630 placuissent,
618 1574 679 1616 se
708 1572 903 1616 terram
934 1559 1236 1627 habituros,
1272 1568 1330 1614 et
1354 1558 1489 1613 nihil
1518 1573 1683 1629 grave
1711 1573 1836 1627 pas-

226 1670 409 1710 suros.
435 1654 533 1709 liic
561 1663 742 1709 autem
776 1669 1077 1723 speramus,
1108 1653 1154 1709 si
1182 1653 1293 1708 Deo
1324 1653 1710 1724 placuerimns,
1736 1668 1835 1707 nos

225 1763 334 1801 non
370 1756 572 1801 terram
602 1760 970 1815 possessuros,
1006 1745 1104 1801 sed
1144 1747 1371 1813 uelum;
1407 1746 1538 1811 imo,
1578 1746 1721 1815 quod
1753 1756 1837 1800 est

224 1838 331 1892 hoc
359 1837 529 1891 multo
549 1837 911 1907 praestantius,
935 1852 1219 1908 speramus
1248 1836 1364 1892 fore
1390 1846 1447 1892 ut
1473 1838 1642 1892 simus
1665 1853 1833 1907 prope

222 1929 420 1995 Deum,
448 1928 515 1982 ad
548 1930 717 1998 ipsam
749 1928 938 1983 sedem
979 1929 1260 1983 veniamus
1292 1939 1593 1999 paternam,
1636 1930 1685 1984 ei
1734 1930 1828 1983 mi-

221 2022 502 2075 nistratnri
552 2036 674 2077 cum
716 2022 942 2093 angelis.
993 2023 1059 2076 Et
1107 2023 1228 2077 vide
1257 2024 1530 2094 quomodo
1573 2039 1636 2077 ea
1684 2025 1833 2094 ponit

220 2112 501 2186 paulatim.
537 2112 670 2169 Nam
708 2113 819 2163 illic.
856 2112 1074 2187 quidem
1108 2113 1259 2180 dicit,
1306 2112 1639 2188 Digredimur
1673 2130 1830 2186 usque

216 2206 289 2261 ad
324 2207 569 2261 interiora
609 2207 907 2271 velaminis;
940 2206 1028 2262 hic
1071 2219 1277 2273 autem,
1330 2209 1434 2262 Per
1462 2226 1617 2278 quant
1652 2209 1833 2276 proxi-

216 2315 417 2353 mamus
439 2298 508 2353 ad
535 2298 699 2354 Deum
723 2315 742 2354 :
763 2309 809 2354 et
834 2309 1080 2371 quantum
1102 2309 1176 2355 est
1199 2318 1301 2355 non
1328 2303 1438 2356 sine
1454 2304 1825 2375 jurejurando.

213 2392 356 2460 Quid
383 2402 485 2460 est,
515 2392 582 2446 Et
609 2404 858 2464 quantum
894 2404 989 2461 est,
1033 2410 1136 2448 non
1167 2395 1277 2449 sine
1292 2396 1640 2466 jurejurando
1663 2397 1689 2451 .9
1715 2396 1831 2453 Hoc

212 2493 321 2551 est,
354 2485 469 2539 Non
495 2486 613 2540 sine
636 2484 969 2555 iuramento.
997 2485 1141 2542 Ecce
1161 2485 1265 2540 alia
1292 2485 1617 2542 dill‘erentia.
1642 2487 1828 2558 Neque

214 2575 335 2632 tunc
363 2577 481 2632 sine
522 2590 682 2632 causa
724 2585 852 2632 sunt
889 2577 1178 2646 promissa,
1229 2577 1422 2647 inquit.
1466 2577 1573 2631 Alii
1616 2578 1823 2649 quidem

211 2670 328 2722 sine
345 2669 687 2740 jurejurando
708 2668 999 2724 sacerdotes
1038 2670 1167 2737 facti
1206 2679 1363 2733 sunt;
1407 2668 1503 2724 21.
1544 2669 1627 2724 hic
1653 2679 1826 2725 autem

212 2776 307 2829 per
326 2761 697 2830 jusjurandum
729 2777 818 2829 per
845 2778 959 2815 eum
990 2762 1077 2831 qui
1114 2760 1246 2815 dixit
1287 2762 1355 2815 ad
1390 2762 1540 2815 illnnt
1572 2759 1823 2816 :Juravit

211 2849 471 2909 Dominus
516 2860 563 2904 et
612 2866 716 2903 non
752 2852 1011 2919 paenitebit
1056 2868 1170 2906 eum
1216 2868 1234 2905 .'
1268 2850 1349 2905 Tu
1387 2869 1438 2905 cs
1484 2853 1723 2907 sacerdos
1769 2854 1824 2908 in

209 2955 460 2995 teter-nunt
491 2942 773 2996 secundum
805 2943 1034 2995 ordinem
1066 2942 1464 2999 Melchisedech.
1492 2944 1584 2998 εὶ.
1612 2944 1677 2998 In
1702 2957 1821 3000 tan-

209 3044 319 3085 tum
364 3035 588 3088 melioris
615 3037 905 3089 testamenti
944 3053 1161 3105 sponsor
1187 3038 1356 3107 factus
1401 3048 1473 3091 est
1520 3037 1693 3092 Jesns.
1724 3039 1817 3093 25.

210 3126 280 3179 Et
333 3128 426 3180 alii
469 3129 671 3197 quidem
721 3128 895 3197 plures
940 3131 1066 3200 facti
1111 3141 1227 3182 sunt
1274 3130 1582 3193 sacerdotes,
1628 3131 1822 3186 idcirco

205 3219 347 3286 quod
389 3231 547 3273 morte
596 3221 983 3289 prohiberentur
1021 3238 1318 3291 permanere
1358 3237 1376 3275 :
1411 3221 1502 3276 ‘ll.
1538 3223 1620 3276 hic
1649 3232 1820 3278 autem

205 3328 266 3364 co
295 3310 434 3378 quod
464 3321 663 3364 maneat
692 3312 746 3364 in
774 3323 1041 3377 aeternum,
1066 3314 1433 3382 sempiternum
1476 3314 1625 3368 habet
1649 3330 1821 3370 sacer-

212 3405 426 3453 r’otmm.
483 3402 624 3455 Duas
669 3403 821 3472 ponit
868 3403 1225 3469 differentias,
1272 3406 1415 3475 quod
1465 3422 1571 3461 non
1618 3406 1819 3463 habeat

205 3496 369 3547 linem
397 3493 537 3547 sicut
564 3494 755 3564 legale,
780 3504 835 3549 et
859 3497 1001 3565 quod
1032 3512 1152 3550 cum
1179 3498 1512 3567 juramento.
1547 3499 1603 3554 id
1638 3512 1818 3557 autem

204 3586 335 3639 facit
360 3601 389 3638 a
418 3586 657 3649 ChriSIo,
681 3588 772 3657 qui
800 3603 867 3642 eo
900 3590 1141 3659 fungitur
1176 3608 1189 3643 :
1224 3606 1346 3644 nam
1386 3590 1682 3646 Secundum
1712 3593 1817 3649 cir-

205 3690 389 3744 tutem,
421 3679 611 3748 inquit,
644 3680 763 3733 vita:
787 3680 1173 3736 indissolubilis.
1199 3681 1250 3734 Id
1284 3682 1405 3736 facit
1427 3683 1586 3737 etiam
1613 3699 1642 3737 a
1666 3684 1817 3754 jura-

203 3781 389 3825 tnento
411 3772 548 3841 quod
574 3772 792 3840 juravit,
835 3784 889 3828 et
909 3790 937 3826 a
969 3790 1028 3828 re
1059 3776 1171 3843 ipsa
1207 3794 1218 3828 :
1250 3776 1536 3845 siquidem,
1560 3777 1817 3847 quoniam

203 3873 322 3917 erat
364 3863 687 3918 imbecillum
714 3906 731 3930 ,
774 3865 901 3920 illud
946 3866 1178 3936 ejectum
1207 3878 1289 3922 est
1324 3886 1336 3922 :
1370 3868 1469 3922 hoc
1504 3881 1681 3923 autetn
1709 3878 1817 3925 stat

202 3966 260 4010 et
332 3968 541 4022 manet,
591 3958 844 4027 quoniam
884 3966 968 4011 est
1039 3970 1231 4029 potens
1280 3968 1335 4015 et
1393 3961 1654 4016 validum.
1708 3961 1814 4019 Fa-

203 4050 278 4102 cit
331 4049 561 4119 denique
604 4065 668 4104 ex
733 4051 1033 4104 sacerdote.
1084 4053 1405 4118 Quomodo?
1444 4055 1700 4123 quoniam
1731 4064 1820 4113 est.-

203 4156 344 4194 unns
378 4159 390 4193 :
422 4151 476 4194 et
504 4157 607 4194 non
640 4150 787 4196 esset
815 4157 953 4197 unus
976 4142 1075 4197 nisi
1110 4146 1452 4201 immortalis.
1484 4148 1635 4203 Sicut
1663 4150 1811 4204 enim

202 4235 359 4287 nmlti
398 4243 524 4287 sunt
572 4234 887 4290 sacerdotes
936 4250 1005 4291 eo
1046 4238 1189 4305 quod
1237 4240 1343 4293 sint
1401 4242 1657 4294 mortales
1693 4260 1705 4295 :
1738 4241 1812 4297 ita

203 4343 345 4380 unus
383 4337 468 4381 est
508 4344 668 4391 unus,
712 4328 854 4397 quod
899 4330 970 4384 sit
1008 4330 1345 4384 imnmrtalis.
1390 4331 1552 4385 Tanto
1584 4333 1809 4388 melioris

200 4415 491 4467 testamenti
529 4430 747 4484 sponsor
798 4422 966 4489 factus
1016 4430 1089 4476 est
1141 4420 1313 4487 Iesus,
1359 4425 1500 4492 quod
1536 4424 1805 4493 juraverit

196 4518 323 4559 cum
354 4520 570 4575 semper
601 4506 838 4563 futurum
868 4511 1229 4576 sacerdotem,
1264 4529 1369 4565 non
1400 4516 1501 4569 hoc
1538 4514 1799 4580 facturus,

195 4595 242 4650 si
270 4612 375 4650 non
405 4608 547 4652 esset
574 4598 749 4655 vivus.
777 4600 868 4656 25.
914 4600 1062 4656 Unde
1089 4613 1136 4657 et
1171 4605 1371 4658 salvare
1413 4606 1466 4659 in
1496 4616 1807 4675 perpetuum;

194 4696 359 4757 potest
402 4689 697 4745 accedentes
741 4708 831 4762 per
875 4694 1199 4756 semetipsum
1235 4694 1306 4749 ad
1349 4694 1513 4749 Deum
1536 4736 1552 4762 ,
1596 4713 1799 4767 semper

191 4777 363 4833 vivens
387 4780 455 4833 ad
481 4782 911 4853 interpellandum
940 4802 1031 4853 pro
1060 4786 1202 4857 ipsis.

262 4868 318 4923 3.
338 4868 498 4924 Vides
518 4873 659 4941 quod
682 4872 784 4928 hoc
808 4875 959 4941 dicit,
990 4875 1042 4929 id
1063 4890 1314 4946 spectans
1341 4877 1485 4948 quod
1506 4880 1699 4935 attinet
1724 4881 1795 4937 ad

188 4974 408 5017 carnem
431 4964 453 5016 3
479 4965 703 5029 Quando
734 4982 856 5021 eum
889 4968 1222 5023 Sacerdotem
1241 4971 1499 5039 ostendit,
1537 4982 1663 5029 tunc
1689 4989 1793 5045 op-

187 5066 421 5135 portune
444 5057 573 5113 dicit
599 5059 749 5126 illud,
776 5060 1138 5130 interpellare.
1159 5062 1338 5129 Itaque
1358 5079 1478 5119 eum
1508 5066 1789 5122 dicitPauo

185 5147 272 5203 lus
301 5149 477 5218 ipsum
506 5150 845 5221 interpellare
876 5169 971 5222 pro
1002 5154 1177 5216 nobis,
1196 5156 1501 5211 subindicat
1526 5158 1701 5226 ipsum
1727 5171 1791 5216 ut

184 5242 525 5298 sacerdotem
540 5242 589 5295 id
606 5241 805 5301 facere.
824 5244 956 5299 Nam
972 5248 1064 5315 qui
1082 5257 1137 5303 ut.
1158 5250 1262 5302 vult
1279 5251 1501 5304 suscitat
1519 5261 1789 5321 mortuos,

182 5333 487 5389 etvivilicat
508 5346 566 5389 ut
582 5336 759 5403 Pater,
777 5339 1050 5406 quomodo
1078 5341 1163 5394 ubi
1191 5352 1404 5410 oportet
1426 5357 1667 5413 servare,
1696 5346 1781 5400 in~

182 5424 472 5494 terpellat?
497 5427 584 5496 qui
613 5443 773 5483 omne
802 5428 961 5484 habet
981 5430 1261 5499 judicium,
1306 5435 1579 5503 quomodo
1606 5439 1773 5492 inter-

178 5516 469 5587 cedit?qui
487 5519 647 5573 mittit
681 5521 919 5592 angelos,
952 5535 1009 5576 ut
1037 5523 1168 5576 alios
1200 5526 1414 5594 quidem
1456 5529 1697 5598 iujieiant
1728 5534 1779 5587 in

178 5608 470 5679 fornacem,
490 5613 625 5667 alios
643 5624 820 5669 autem
838 5628 1073 5683 servent,
1093 5620 1365 5688 quomodo
1414 5623 1730 5695 interpellat
1764 5628 1789 5682 ?

183 5702 351 5767 Unde,
385 5704 580 5775 inquit,
602 5715 649 5761 et
670 5717 832 5777 potest
863 5711 1076 5765 salvare.
1107 5712 1397 5782 Propterea
1426 5730 1557 5787 ergo
1574 5725 1783 5774 servat.

176 5796 429 5869 quoniam
455 5813 558 5853 non
579 5800 823 5858 moritur.
842 5802 1102 5870 Quoniam
1128 5821 1233 5862 non
1255 5809 1547 5868 morit‘urct
1563 5824 1778 5884 semper

1855 391 1868 406 .
1911 346 2068 405 CAP.
2112 346 2227 406 Yll.
2270 345 2651 408 HOMILJKIII.

3430 343 3533 401 106

1947 452 2097 516 vivit,
2130 465 2235 507 non
2268 451 2448 515 habet,
2477 449 2671 520 inquit,
2703 460 3114 504 successorem:
3144 445 3188 500 si
3220 455 3401 502 autem
3439 462 3545 503 non

1948 543 2108 598 habet
2153 558 2557 609 successorem,
2590 550 2773 612 potest
2812 544 2974 595 etiam
3004 556 3193 595 omnes
3222 539 3540 595 defendere.

1943 635 2075 690 Nam
2107 634 2196 691 hic
2225 635 2439 705 quidem
2465 634 2712 705 pontifex
2741 674 2758 700 ,
2784 633 2995 687 etiamsi
3037 632 3370 687 admirabilis
3393 676 3406 698 ,
3434 642 3554 688 erat

1944 746 2112 799 usque
2140 730 2206 785 ad
2236 728 2365 783 illud
2404 738 2614 798 tempus
2638 729 2689 782 in
2721 742 2827 797 quo
2842 735 2977 794 erat,
3002 736 3060 781 ut
3087 725 3323 788 Samuel,
3353 736 3406 782 et
3429 728 3550 796 qui-

1940 839 2172 895 cumque
2221 832 2377 879 erant
2421 820 2769 892 huiusmodi,
2798 828 2982 890 postea
3026 828 3219 873 autem.
3250 834 3356 873 non
3392 830 3552 874 er.mt

1940 916 2208 987 amplius;
2239 915 2436 970 tnortui
2487 915 2633 970 enim
2666 913 2875 967 fuerant
2908 930 2919 965 :
2957 911 3043 965 hic
3073 921 3251 967 autem
3292 927 3396 965 non
3428 914 3505 965 sic
3533 954 3548 978 ,

1939 1009 2034 1063 sed
2065 1017 2250 1063 servat
2284 1008 2337 1061 itt
2384 1015 2727 1076 perpetuum.
2761 1002 2898 1072 Quid
2930 1012 3013 1057 Cal.
3036 1044 3052 1069 ,
3101 1002 3165 1057 lu
3194 1016 3493 1074 perpetuum
3520 1007 3545 1057 1’

1938 1098 2123 1154 Tacite
2149 1098 2413 1169 signitiCat
2447 1096 2660 1165 aliquod
2695 1095 3032 1166 tnySterium.
3068 1094 3181 1149 Non
3210 1095 3295 1149 hic
3326 1098 3538 1161 solum,

1938 1190 2112 1262 inquit
2136 1232 2150 1255 ,
2183 1188 2661 1259 sedillie‘qnoquc
2690 1202 2786 1242 eos
2815 1198 2995 1243 servat
3027 1189 3114 1256 qui
3143 1202 3236 1255 per
3270 1188 3322 1256 ip
3357 1205 3444 1241 um
3478 1188 3543 1242 ad

1939 1284 2106 1339 Deum
2134 1283 2420 1339 accedunt.
2452 1280 2734 1349 Quomodo
2762 1290 2937 1333 servat
2970 1280 2991 1332 ?
3023 1280 3239 1350 Semper
3269 1283 3435 1336 vivens
3476 1284 3546 1335 ad

1936 1374 2365 1445 interpellandum
2407 1389 2501 1443 pro
2552 1372 2709 1441 ipsis,
2740 1372 2929 1441 inquit.
2969 1371 3127 1426 Vides
3182 1371 3542 1429 humilitatem

1936 1466 2237 1523 secundum
2307 1465 2596 1519 humanam
2670 1464 2959 1517 naturam?
3002 1480 3108 1517 nun
3154 1466 3298 1519 enim
3372 1467 3545 1535 ipsmn

1934 1561 2103 1617 semel
2165 1559 2585 1615 intercedentem
2650 1558 2752 1611 hoc
2813 1571 3163 1629 assequutum
3220 1576 3340 1615 esse
3393 1563 3543 1627 dicit,

1934 1653 2029 1708 sed
2083 1666 2333 1719 setttper,
2375 1659 2430 1704 ct
2468 1647 2683 1719 quando
2715 1666 2848 1718 opus
2880 1650 3077 1711 fuerit,
3128 1654 3330 1720 procis
3376 1655 3544 1706 inter-

1934 1745 2171 1816 pellare:
2208 1742 2310 1797 hoc
2362 1743 2503 1795 enim
2553 1742 2849 1811 signiﬁcat,
2912 1740 2977 1794 In
3037 1755 3353 1812 perpetuum.
3406 1747 3543 1815 Quid

1933 1850 2059 1906 cst,
2118 1836 2187 1889 lu
2241 1836 2585 1904 perpetuum?
2638 1834 2751 1888 Non
2810 1836 2983 1889 solum
3016 1838 3082 1889 ad
3140 1848 3386 1908 tempus,
3443 1843 3539 1895 sed

1936 1933 2098 1984 etiam
2134 1929 2239 1981 illic
2272 1930 2321 1979 in
2356 1928 2459 1978 vita
2492 1925 2691 1978 futura.
2721 1926 2949 1995 Semper
2976 1943 3103 1995 ergo
3126 1944 3261 1996 opus
3293 1930 3449 1985 habet
3482 1944 3541 1985 ut

1936 2025 2187 2085 precetur
2202 2016 2225 2069 2
2239 2027 2293 2073 et
2310 2016 2580 2087 quomodo
2597 2017 2751 2071 fuerit
2766 2020 3230 2071 consentaneum?
3255 2019 3411 2087 Sa-pe
3432 2020 3521 2088 qui
3534 2048 3553 2059 -

1928 2109 2051 2162 dem
2068 2107 2313 2163 homines
2330 2107 2459 2177 justi
2479 2123 2544 2162 ex
2567 2123 2668 2161 una
2696 2108 3134 2178 petitionelOlunt
3157 2109 3541 2177 confecerunt;

1926 2198 2041 2269 ipse
2066 2211 2243 2254 autem
2270 2214 2488 2268 semper
2511 2210 2764 2269 precatur
2787 2201 2809 2252 ?
2840 2215 2936 2255 cur
2964 2216 3093 2270 ergo
3120 2200 3413 2257 considet?
3446 2202 3534 2256 Vi-

1923 2292 2021 2346 des
2044 2292 2186 2361 qttod
2234 2293 2335 2346 hoc
2365 2293 2435 2346 sit
2466 2293 2546 2345 sui
2573 2291 2834 2347 demissio
2864 2292 3009 2362 quod
3059 2293 3296 2348 humana
3346 2294 3533 2362 loqua-

1923 2384 2050 2439 tur?
2084 2384 2196 2439 Iloc
2217 2393 2395 2439 autem
2429 2386 2543 2438 vult
2568 2384 2873 2454 signiﬁcare
2899 2404 2911 2439 :
2943 2384 3021 2437 Ne
3052 2386 3306 2443 timentis.
3334 2385 3527 2454 inquit,

1921 2491 2095 2547 neque
2121 2477 2314 2531 dicatis
2343 2519 2355 2539 ,
2384 2477 2544 2531 Certe
2581 2495 2678 2531 nos
2704 2477 2922 2547 quidem
2950 2479 3123 2547 diligit
3149 2519 3162 2542 ,
3193 2490 3247 2532 et
3276 2478 3527 2534 liduciaut

1921 2566 2081 2623 habet
2109 2569 2251 2638 apud
2285 2570 2497 2623 Patrem
2526 2611 2540 2634 ,
2572 2568 2665 2623 sed
2710 2587 2817 2622 non
2847 2586 3064 2638 semper
3097 2572 3279 2626 vivere
3305 2581 3481 2641 potest
3511 2591 3523 2625 :

1917 2672 2134 2729 semper
2162 2661 2303 2714 enim
2353 2661 2501 2713 vivit.
2534 2659 2625 2713 9.6.
2678 2658 2817 2713 Talis
2864 2661 2997 2713 enim
3040 2661 3245 2715 dect-bat
3285 2674 3337 2716 ut
3384 2663 3529 2717 nobis

1915 2762 2041 2807 esset
2073 2755 2330 2824 pontifex,
2364 2764 2569 2807 sanctus
2593 2795 2606 2815 ,
2638 2754 2902 2815 innocens,
2934 2755 3254 2823 impollutus,
3287 2773 3526 2827 segrega-

1913 2857 1993 2902 tus
2024 2865 2055 2899 a
2087 2847 2460 2918 peccatoribus.
2514 2847 2673 2901 Vides
2711 2847 2860 2917 quod
2912 2857 3082 2901 totum
3112 2848 3316 2903 dietnm
3360 2852 3429 2901 sit
3456 2851 3524 2904 de

1912 2939 2246 2993 humanitate
2272 2940 2295 2991 ?
2326 2938 2556 3006 Quando
2579 2948 2757 2992 autem
2784 2938 2907 2993 dico
2936 2938 3328 2994 humanitatem
3355 2984 3368 3005 ,
3401 2956 3521 2996 eam

1910 3031 2034 3086 dico
2062 3047 2183 3102 qme
2208 3031 2369 3085 habet
2389 3030 2724 3084 divinitatem
2749 3047 2763 3091 ;
2790 3048 2895 3083 non
2922 3031 3191 3099 dividens,
3216 3033 3311 3086 sed
3336 3033 3521 3089 sinetis

1909 3134 1968 3179 ut
1994 3140 2114 3194 qutc
2142 3124 2303 3179 decet
2344 3123 2631 3193 intelligas.
2670 3123 2860 3177 Vidiali
2900 3123 3262 3178 dill'erentiam
3296 3127 3519 3195 poutiti-

1906 3218 2029 3273 eis?
2061 3217 2118 3273 In
2150 3232 2418 3271 suunnam
2454 3218 2665 3285 redegit
2693 3233 2812 3287 qua:
2848 3231 3011 3286 Supra
3044 3217 3186 3271 dicta
3220 3228 3347 3271 sunt
3391 3234 3519 3274 cum

1906 3314 2134 3379 diceret,
2173 3312 2419 3366 Teutalus
2447 3312 2497 3364 in
2540 3310 2780 3365 omnibus
2814 3312 3095 3365 secundum
3128 3312 3518 3367 similitudinem

1904 3409 2092 3479 absque
2122 3416 2348 3476 precata.
2384 3404 2525 3459 Talis
2548 3446 2562 3470 ,
2616 3404 2829 3474 inquit,
2873 3404 3083 3458 decebat
3131 3414 3184 3457 ut
3215 3406 3360 3459 nobis
3386 3416 3517 3459 esset

1904 3502 2152 3571 pontifex,
2180 3508 2386 3553 sanctus
2411 3540 2426 3563 ,
2468 3499 2732 3553 innocens.
2777 3496 3035 3552 Innocens
3062 3499 3189 3568 quid
3223 3500 3349 3553 est?
3394 3499 3513 3553 Non

1902 3593 2114 3657 malus,
2162 3607 2263 3646 nec
2306 3592 2609 3646 subdolus:
2643 3591 2786 3661 quod
2837 3591 2975 3645 alius
3024 3591 3157 3645 dicit
3205 3592 3508 3661 propheta,

1904 3688 2066 3742 Dolus
2108 3703 2209 3741 non
2240 3697 2311 3740 est
2339 3687 2569 3739 iuventus
2611 3686 2662 3738 in
2696 3701 2782 3739 ore
2810 3688 2922 3754 ejus
2952 3682 3105 3753 (1δηί.
3140 3685 3229 3740 53.
3262 3685 3339 3753 9).
3379 3687 3511 3751 Quis

1901 3782 2004 3837 hoc.
2040 3782 2107 3836 de
2138 3781 2250 3835 Deo
2276 3779 2476 3834 dixerit
2499 3822 2513 3841 .
2559 3789 2613 3833 et
2642 3794 2755 3833 nou
2793 3780 3077 3834 erubescat
3106 3779 3294 3835 dicens
3340 3779 3508 3833 Deum

1901 3892 2007 3931 non
2055 3890 2177 3929 esse
2221 3873 2555 3928 dolosumet
2606 3872 3056 3927 fraudulentmn?
3092 3873 3167 3926 De.
3213 3888 3279 3926 eo
3325 3884 3508 3929 autem

1898 3966 2039 4037 quod
2068 3976 2151 4021 est
2197 3963 2493 4020 secundum
2538 3980 2805 4028 carnem,
2857 3964 3039 4018 dicere
3084 3976 3170 4018 est
3219 3976 3508 4020 consenta-

1898 4075 2082 4123 neum,
2118 4058 2369 4121 Sanctus,
2400 4056 2722 4125 impollutus.
2758 4056 2865 4110 Nec
2896 4054 2998 4113 hoc
3027 4056 3095 4110 de
3122 4056 3234 4111 Deo
3258 4058 3461 4112 dixeris
3488 4075 3505 4115 ξ

1900 4170 2017 4208 eam
2042 4155 2187 4209 enim
2220 4151 2391 4207 habet
2414 4160 2659 4205 naturam
2706 4168 2825 4221 qua:
2859 4168 2963 4206 non
3000 4152 3277 4221 polluitur.
3313 4151 3505 4223 Segre-

1896 4260 2042 4320 gntus
2063 4265 2093 4300 a
2123 4246 2492 4316 peccatoribus.
2521 4245 2711 4300 Hocne
2733 4260 2862 4314 ergo
2891 4246 3065 4299 Solum
3091 4244 3331 4299 ostendit
3352 4244 3509 4299 dill‘e-

1897 4341 2146 4402 rentiam,
2180 4353 2246 4395 an
2280 4338 2441 4393 etiam
2487 4338 2659 4405 ipsum
2689 4337 3013 4390 sacriﬁcium
3038 4338 3059 4390 ?
3088 4336 3261 4389 Etiam
3294 4337 3506 4392 sacrifi-

1894 4435 2057 4488 cium.
2091 4430 2414 4499 Quomodo?
2444 4429 2511 4483 27
2531 4463 2548 4480 .
2569 4429 2666 4494 Qui
2695 4447 2797 4484 non
2828 4432 2975 4484 habet
3004 4432 3350 4485 necessitatem
3378 4449 3506 4499 quo-

1893 4525 2043 4589 tidie,
2064 4520 2495 4593 quemadmodum
2520 4522 2808 4574 sacerdotes
2835 4562 2847 4582 ,
2882 4523 3024 4591 prius
3053 4538 3145 4590 pro
3174 4524 3279 4575 sitis
3306 4523 3506 4576 delictis

1898 4618 2086 4671 hostias
2108 4614 2312 4682 oﬂ'erre,
2338 4614 2522 4667 deinde
2551 4631 2643 4677 pro
2676 4614 2854 4683 papuli
2885 4630 2902 4667 :
2932 4616 3025 4667 hoc
3052 4616 3183 4667 enim
3206 4616 3324 4683 fecit
3351 4615 3504 4669 semel

1896 4726 1949 4763 se
1974 4707 2255 4774 offerendo.
2285 4706 2399 4760 lloc
2436 4702 2614 4774 quid?
2650 4704 2737 4760 hic
2758 4704 2885 4759 facit
2902 4706 3063 4759 veluti
3084 4704 3351 4774 quoddam
3376 4721 3504 4774 pros

1892 4800 2113 4857 murium
2130 4797 2464 4854 excellentiae
2476 4797 2731 4867 Spiritalis
2750 4799 3019 4853 sacriﬁcii.
3036 4798 3174 4852 Dixit
3196 4799 3320 4866 quid
3345 4801 3509 4856 ittlcr.

1896 4894 1965 4947 sit
1998 4893 2139 4947 inter
2165 4892 2526 4960 sacerdotem,
2550 4902 2603 4947 et
2623 4892 2749 4963 quid
2779 4892 2918 4948 inter
2944 4891 3373 4955 Testamentum,
3396 4906 3506 4948 non

1904 4996 2073 5042 totum
2100 4986 2339 5058 quidem,
2372 4986 2506 5040 dixit
2553 4995 2730 5041 tamen
2757 5004 2771 5041 :
2800 4985 2887 5040 hic
2902 4986 3013 5056 jam
3036 4984 3159 5041 facit
3187 4985 3506 5056 [)l'J‘illhiitllft

1896 5081 2066 5149 ipsius
2096 5078 2345 5133 sacrificii
2372 5077 2475 5147 (a).
2507 5078 2584 5134 Ne
2612 5093 2742 5149 ergo
2769 5094 2894 5133 cum
2919 5094 3041 5133 eum
3087 5078 3323 5133 audieris
3354 5092 3525 5132 sacer-

1894 5171 2101 5234 dotem,
2123 5172 2400 5226 existimes
2419 5186 2540 5226 eum
2568 5185 2785 5241 semper
2812 5172 2955 5242 fungi
2982 5171 3284 5226 sacerdotio
3304 5188 3317 5225 :
3338 5173 3510 5226 semel

1894 5266 2039 5320 enim
2066 5264 2278 5319 functus
2304 5273 2387 5319 est
2408 5278 2633 5319 munere
2653 5262 2997 5328 sacerdotali,
3012 5264 3337 5334 etdcinceps
3350 5265 3507 5318 sedit.

1894 5357 1972 5413 Ne
1996 5361 2138 5413 enim
2180 5358 2458 5414 existimes
2499 5373 2622 5413 eum
2655 5367 2798 5413 stare
2827 5356 2967 5428 apud
2998 5373 3224 5427 superos
3248 5399 3264 5423 ,
3297 5369 3349 5412 et
3382 5374 3503 5412 esse

1896 5453 2222 5520 ministrum,
2252 5452 2484 5507 ostendit
2508 5467 2620 5506 rem
2648 5467 2769 5507 esse
2794 5452 3235 5522 dispensationis.
3288 5451 3421 5507 Nam
3456 5461 3513 5508 ut

1896 5543 1991 5598 fuit
2015 5561 2219 5610 servus,
2252 5546 2320 5599 ita
2348 5546 2510 5600 etiam
2556 5545 2825 5600 sacerdos
2845 5556 2899 5600 et
2929 5546 3176 5600 minister
3205 5571 3217 5607 ε
3250 5545 3342 5601 sed
3369 5545 3511 5601 sicut

1895 5653 2018 5693 cum
2048 5638 2219 5692 lactus
2242 5647 2386 5692 esset
2411 5652 2622 5696 servus.
2650 5654 2756 5691 non
2784 5640 2977 5692 mansit
3002 5653 3215 5705 servus,
3244 5640 3314 5693 ita
3342 5643 3506 5694 etiam

1953 5751 2028 5814 (α)
2048 5747 2452 5816 llic_Colh_,_«lesin
2472 5750 2803 5814 t,omittitque
2826 5752 2986 5805 oumia
3008 5766 3167 5816 usque
3182 5753 3239 5803 ad
3264 5754 3503 5805 (lucinth

1896 5811 2114 5865 'l'zar'tam
2143 5811 2407 5862 humilium.
