4060 6412
612 334 708 389 107

596 456 715 493 cum
741 439 910 490 factus
932 442 1073 488 esset
1102 429 1365 493 minister,
1398 441 1500 480 nott
1526 422 1723 479 mansit
1752 420 1995 474 minister
2020 434 2035 471 :
2065 432 2170 471 non

596 538 680 585 Cn!
706 530 847 583 enim
896 514 1383 583 ministri'sederc,
1417 516 1509 571 sed
1555 527 1719 569 stare.
1755 515 1869 567 lloc
1910 524 2041 581 ergo
2088 509 2175 563 hic

597 619 895 675 subintlicat
930 611 1352 685 magnitudinem
1382 606 1647 671 sacriﬁcii,
1676 603 1836 675 quod,
1868 618 2028 656 unum
2052 615 2174 654 eum

598 721 763 775 esset,
788 708 1017 769 suﬂ'ecit.
1041 718 1094 761 et
1114 706 1279 759 semel
1307 703 1542 757 oblatum
1568 709 1768 753 tantum
1794 697 1985 767 potuit,
2010 709 2177 761 quan-

602 814 711 855 tum
755 816 857 854 non
899 791 1399 866 potueruntomuia.
1442 791 1545 847 Sed
1587 788 1767 845 dehis
1791 786 2172 840 nondumutou

600 896 741 948 enim
768 892 891 944 dicit
914 889 1013 944 nisi
1047 906 1061 942 :
1096 885 1209 941 Hoc
1228 887 1359 941 enim
1382 927 1397 950 ,
1423 883 1611 953 inquit,
1643 881 1795 936 semel
1830 880 1968 949 fecit.
1997 877 2172 945 Quod-

602 1003 721 1039 nam
744 984 767 1037 ἲ
803 981 1017 1036 Necesse
1044 988 1117 1034 est
1136 1020 1150 1045 ,
1186 979 1375 1047 inquit.
1403 977 1585 1029 habere
1612 975 1763 1027 etiam
1793 972 1928 1025 hunc
1954 970 2171 1040 aliquid,

604 1075 791 1145 inquit,
817 1072 951 1143 quod
975 1069 1198 1138 oﬂ'erat;
1230 1084 1336 1123 non
1365 1082 1460 1138 pro
1486 1067 1664 1137 seipso
1692 1083 1706 1119 :
1736 1064 2003 1135 qttomodo
2031 1063 2172 1117 enim

604 1185 699 1236 pro
736 1180 799 1220 se
842 1163 1058 1219 nﬁ‘erret
1086 1178 1205 1217 cum
1249 1159 1605 1229 impeccabiiis
1660 1157 1780 1211 sit?
1832 1154 1925 1209 sed
1959 1171 2054 1225 pro
2084 1169 2176 1224 po-

604 1260 747 1327 pulo.
787 1255 922 1324 Quid
950 1254 1121 1310 dicis?
1148 1261 1204 1308 et
1245 1265 1351 1306 non
1380 1264 1513 1319 opus
1544 1248 1703 1303 habet
1745 1246 1942 1302 offerre
1978 1259 2076 1317 pro
2117 1261 2176 1301 se

602 1351 738 1419 ipso,
771 1358 824 1403 et
850 1344 1289 1413 tantum‘potest?
1330 1342 1508 1407 Certe,
1540 1338 1732 1409 inquit.
1779 1336 1911 1391 Nam
1950 1351 2019 1391 ne
2057 1336 2173 1391 cxi-

602 1442 850 1495 stimares
877 1438 1041 1502 illud,
1076 1436 1219 1490 Fecit
1243 1434 1394 1489 semet
1419 1475 1434 1498 ,
1466 1431 1533 1485 de
1576 1432 1692 1500 ipso
1722 1442 1933 1499 quoque
1974 1427 2177 1481 dictum

602 1546 757 1596 ιδεμ-ε,
799 1529 921 1584 andi
960 1528 1087 1599 quid
1137 1526 1279 1581 dicat
1316 1544 1327 1578 :
1364 1524 1468 1578 Lex
1506 1523 1638 1576 enim
1669 1522 1897 1575 homines
1924 1520 2178 1591 constituit

603 1622 886 1677 summitates
924 1620 1158 1673 habentes
1204 1617 1578 1685 inﬁrmitatem;
1626 1622 1681 1667 et
1728 1612 1847 1666 ideo
1878 1611 2038 1664 etiam
2086 1623 2176 1677 pre

606 1731 664 1769 sc
692 1728 901 1781 semper
927 1710 1157 1765 offerunt
1186 1725 1199 1761 :
1230 1716 1420 1777 potens
1450 1714 1629 1759 autem
1679 1703 1769 1757 ille
1794 1744 1807 1760 .
1842 1712 1897 1756 et
1938 1701 2029 1769 qui
2073 1714 2176 1753 not

610 1808 770 1861 habet
814 1813 1085 1873 peceatum
1110 1843 1123 1866 ,
1155 1816 1251 1855 cur
1278 1814 1377 1868 pro
1412 1812 1471 1851 se
1499 1794 1733 1849 offerat?
1776 1793 1915 1863 Ergo
1948 1806 2052 1845 non
2087 1804 2183 1857 pro

607 1899 787 1966 seipso
812 1937 828 1959 ,
870 1894 961 1949 sed
1006 1909 1105 1964 pro
1134 1891 1329 1961 populo
1371 1887 1600 1950 obtulit,
1655 1884 1814 1953 idque
1858 1880 2047 1937 semel.
2088 1879 2180 1934 28.

613 1992 789 2044 Sermo
817 1998 986 2039 autem
1021 1981 1365 2053 jurisjurandi
1391 1979 1477 2047 qui
1507 1986 1617 2045 post
1662 1978 1819 2045 legem
1848 1984 1920 2027 est
1940 2014 1955 2037 ,
1994 1972 2187 2025 Filium

610 2087 664 2135 in
691 2091 931 2134 a’ternum
961 2078 1253 2146 perfectum.
1280 2071 1415 2140 Quid
1446 2078 1549 2135 est,
1583 2067 1870 2136 Perfectum
1892 2065 1918 2118 .9
1942 2064 2055 2117 Non
2087 2078 2185 2133 po-

613 2172 692 2227 nit
736 2169 934 2223 Paulus
976 2165 1218 2236 proprias
1256 2179 1374 2232 qua:
1404 2167 1746 2230 opponuntur
1771 2154 2184 2209 distinctiones:

611 2278 735 2317 nam
765 2276 886 2316 cum
913 2260 1166 2323 dixisset,
1204 2256 1456 2317 Habentes
1486 2254 1859 2321 inﬁrmitatem,
1896 2265 2001 2303 non
2045 2246 2182 2301 dixit

612 2352 805 2408 Filium
837 2361 1106 2425 potentem
1131 2391 1147 2415 ,
1190 2348 1305 2414 sed,
1344 2348 1670 2417 Perfectum,
1707 2345 1807 2398 hoc
1831 2352 1947 2407 est,
1993 2348 2181 2410 poten-

612 2458 755 2508 tem;
783 2445 931 2515 quasi
964 2444 1145 2507 dicas,
1178 2442 1291 2496 Non
1324 2440 1470 2493 vides
1509 2437 1651 2508 quod
1699 2451 1891 2489 nomen
1914 2478 1930 2499 ,
1978 2430 2182 2498 Filius,

610 2538 809 2591 dictum
836 2536 924 2599 sit,
951 2546 1007 2589 ut
1026 2549 1149 2590 eum
1174 2547 1330 2588 servo
1357 2541 1588 2600 0pp0uat
1617 2539 1669 2582 ct
1695 2529 1761 2581 ab
1783 2544 1847 2582 eo
1869 2526 2179 2594 distinguat.

613 2630 972 2682 Inﬁrmitatem
1006 2637 1183 2682 autem
1233 2634 1323 2679 aut
1354 2632 1627 2693 peccatum
1659 2622 1788 2675 dicit
1813 2630 1903 2674 aut
1933 2627 2181 2672 mortem.

609 2719 745 2786 Quid
769 2731 851 2773 est
879 2726 1052 2772 autem
1076 2758 1090 2781 ,
1121 2715 1185 2769 In
1225 2713 1501 2769 aeternum?
1531 2712 1643 2766 Non
1669 2713 1841 2765 Solum
1880 2726 2020 2763 nunc
2055 2708 2185 2761 nulli

612 2822 830 2877 peccato
856 2808 1068 2862 afﬁnem
1091 2848 1105 2873 ,
1138 2806 1230 2860 sed
1272 2821 1503 2873 semper.
1536 2806 1588 2858 Si
1614 2818 1740 2872 ergo
1762 2810 1844 2856 est
1879 2801 2141 2869 perfccuts
2167 2840 2182 2863 ,

610 2900 655 2952 si
685 2914 970 2965 numquam
1003 2906 1221 2966 peccat,
1252 2896 1295 2950 si
1328 2911 1545 2963 semper
1572 2894 1736 2955 vivit,
1781 2908 1875 2945 cur
1908 2907 2001 2960 pro
2030 2890 2184 2944 nobis

610 3007 755 3059 saepe
810 2990 999 3043 oﬁ'eret
1038 2988 1335 3043 sacriﬁcia?
1390 2987 1494 3041 Sed
1540 2985 1746 3039 interim
1806 2982 2016 3052 quidem
2086 2980 2187 3035 hoc

612 3098 719 3133 ltuit
760 3081 972 3144 asserit,
1000 3079 1092 3133 sed
1125 3078 1263 3147 quod
1292 3093 1391 3145 pro
1438 3091 1495 3130 sc
1544 3075 1729 3129 offerat
1754 3117 1766 3135 ,
1801 3074 1902 3127 hoc
1951 3072 2204 3127 affirmat.

610 3171 871 3238 Quoniam
901 3184 1029 3238 ergo
1061 3169 1216 3221 talem
1250 3168 1507 3222 habemus
1540 3166 1840 3235 pontiﬁcem
1864 3207 1877 3227 ,
1911 3179 2031 3217 eum
2064 3163 2183 3216 imi-

609 3271 805 3325 temur,
844 3263 959 3330 ejus
986 3259 1293 3313 insistamus
1323 3256 1582 3326 vestigiis.
1607 3256 1719 3310 Non
1746 3266 1823 3308 est
1850 3254 1991 3307 aliud
2017 3254 2185 3306 sacri-

612 3353 787 3405 ﬁcium
826 3370 837 3404 :
873 3366 1031 3402 unum
1076 3364 1173 3402 nos
1206 3348 1488 3417 purgavit;
1527 3357 1709 3414 postea
1740 3354 1918 3398 autem
1968 3343 2104 3413 ignis
2134 3352 2189 3395 et

608 3444 871 3509 gelienna.
909 3441 1191 3507 Propterea
1234 3440 1373 3493 enim
1407 3438 1510 3491 hoc
1548 3432 1745 3504 Susque
1775 3435 1945 3504 deque
1973 3444 2183 3500 versat,

609 3534 794 3586 dicens
824 3548 983 3583 unutn
1011 3545 1131 3584 esse
1156 3530 1515 3590 sacerdotem,
1545 3542 1705 3581 unum
1742 3526 2087 3593 sacriﬁcium,
2117 3541 2186 3580 ne

604 3623 871 3692 qniSpiam
899 3621 1209 3674 existimans
1236 3634 1356 3674 esse
1388 3620 1571 3681 multa,
1602 3632 1789 3670 secure
1814 3624 2013 3684 peccet.

681 3716 733 3769 4.
778 3714 964 3768 Contra
1002 3730 1083 3765 eos
1121 3713 1205 3780 qui
1249 3712 1549 3780 baptismum
1596 3706 1896 3775 dilferebant
1935 3725 2090 3778 usque
2116 3709 2183 3761 ad

608 3817 838 3860 mortem.
862 3834 932 3847 -ο
950 3804 1283 3873 Quicumque
1304 3818 1429 3873 ergo
1450 3803 1650 3872 dignati
1680 3817 1863 3856 sumus
1885 3803 2181 3872 signaculo,

606 3900 927 3967 quicumque
948 3894 1281 3964 percepimus
1310 3894 1535 3947 fructum
1565 3893 1830 3954 sacrificii,
1863 3892 2183 3962 quicumque

607 3988 922 4041 immortalis
952 4002 1149 4040 mensa:
1190 3999 1371 4038 sunuts
1404 3985 1703 4053 participes,
1742 4000 2055 4037 maneamus
2084 4000 2183 4036 no-

607 4094 772 4135 stram
820 4090 1097 4135 servantes
1137 4080 1470 4133 nobilitatem
1525 4089 1576 4131 et
1616 4078 1874 4131 honorem
1906 4096 1919 4132 :
1948 4093 2053 4132 non
2102 4089 2184 4133 est

618 4174 759 4227 enim
816 4172 993 4240 lapsus
1031 4185 1227 4241 expers
1257 4170 1497 4239 periculi.
1522 4170 1850 4239 Quicmnquc
1890 4179 2067 4223 autem
2100 4170 2185 4225 his

608 4266 843 4319 nondum
873 4272 997 4317 sunt
1022 4263 1249 4332 dignati,
1298 4278 1362 4316 ne
1393 4263 1424 4315 ii
1450 4243 1663 4332 quidem
1696 4271 1975 4331 prapterea
2010 4265 2181 4317 confi-

606 4361 733 4411 dant
760 4376 770 4408 :
798 4372 921 4410 nam
948 4355 1159 4422 quando
1183 4356 1444 4424 quiSpiam
1480 4353 1598 4407 ideo
1622 4365 1823 4423 peccat,
1855 4365 1912 4408 ut
1941 4365 2183 4411 sanctum

605 4447 867 4515 battisma
893 4447 1118 4515 accipiat
1147 4447 1197 4498 in
1230 4456 1470 4499 extrema
1504 4446 1873 4513 respiratione,
1904 4462 2046 4515 saepe
2077 4464 2180 4501 non

604 4550 937 4609 assequctur.
972 4538 1094 4592 Mihi
1124 4538 1327 4591 credite
1356 4552 1377 4589 ι
1407 4552 1509 4589 non
1542 4552 1633 4589 vos
1662 4545 1866 4589 terrens
1898 4537 2018 4592 dico
2040 4539 2181 4607 quod

606 4648 722 4685 sunt
766 4634 1005 4684 dicturus
1035 4648 1048 4682 :
1075 4631 1193 4682 novi
1242 4630 1437 4683 multos
1475 4630 1666 4696 quibus
1704 4628 1803 4681 hoc
1843 4630 2056 4696 accidit,
2089 4633 2181 4701 qni

606 4740 705 4789 pro
748 4734 826 4773 tur
865 4720 1266 4774 illutoiuatinnis
1293 4720 1505 4788 qttidctn
1534 4721 1823 4786 eXspet-tati
1846 4738 1980 4773 mem
2016 4726 2176 4778 multa

602 4827 913 4898 percahant,
939 4826 989 4878 in
1013 4824 1114 4878 line
1135 4834 1310 4878 autem
1336 4822 1588 4875 decessus
1604 4830 1949 4875 excesserunt
1970 4821 2175 4878 inanes.

602 4922 741 4972 licus
766 4920 909 4973 enim
932 4926 1210 4987 propterea
1238 4915 1379 4968 dedit
1402 4915 1680 4982 baptisma,
1714 4925 1771 4967 ιιι
1799 4916 2028 4969 solveret
2054 4933 2177 4985 pec-

600 5021 738 5075 cata,
767 5026 870 5063 non
896 5021 946 5063 ut
973 5017 1186 5079 peccata
1215 5017 1433 5075 augeret
1452 5025 1465 5059 :
1486 5008 1527 5060 si
1555 5006 1673 5076 quis
1699 5019 1875 5062 autem
1907 5028 1971 5063 co
2003 5022 2180 5065 utatur

602 5110 657 5153 ut
674 5115 859 5154 secure
883 5100 1047 5169 magis
1066 5108 1265 5167 peccet,
1291 5098 1388 5151 hoc
1406 5108 1487 5151 est
1505 5113 1660 5153 eausa
1677 5100 1930 5155 socordim
1948 5113 2002 5157 et
2028 5105 2183 5174 negli-

602 5192 814 5261 gentia).
833 5191 959 5244 Nam
989 5196 1031 5244 si
1056 5205 1157 5244 non
1182 5201 1323 5244 esset
1352 5192 1637 5257 lavacrum,
1660 5194 1818 5245 tutius
1846 5196 2100 5255 vivrrrnt.
2129 5208 2183 5250 ut

604 5286 690 5352 qui
712 5301 814 5336 non
835 5284 1089 5337 haberent
1112 5284 1666 5339 retuissionent.\'ides
1678 5286 1814 5355 quod
1835 5288 1980 5353 illud,
1999 5289 2185 5344 Fac-iac

605 5392 715 5428 mus
742 5376 876 5427 mala
896 5383 951 5427 ut
969 5375 1166 5428 veniant
1191 5376 1316 5427 bona
1338 5377 1353 5441 (
1366 5375 1509 5432 Rom.
1530 5376 1664 5446 5.8),
1686 5393 1781 5432 nos
1802 5394 1983 5433 sumus
2002 5382 2088 5450 qui
2111 5381 2186 5434 fa-

607 5467 775 5518 cimus
799 5474 855 5519 ut
875 5464 1487 5531 dicatur?Quamobrcm
1528 5482 1654 5536 rogo
1674 5483 1789 5531 vos,
1821 5470 1908 5539 qui
1930 5488 2033 5525 non
2056 5475 2185 5528 estis

610 5556 1102 5625 mysteritsinitiati,
1118 5556 1573 5625 expergiscimini:
1596 5574 1751 5611 nemo
1766 5568 2032 5630 tamquam
2049 5580 2187 5618 nter-

604 5646 873 5710 cenarius,
918 5662 1074 5701 nemo
1105 5657 1370 5716 tamquam
1402 5646 1637 5717 ingratus
1674 5650 1738 5705 ad
1767 5652 2011 5708 virtutem
2039 5672 2190 5712 acce-

609 5736 731 5801 dat;
766 5750 921 5790 nemo
949 5752 1062 5792 eam
1092 5738 1427 5808 aggrediatur
1458 5746 1724 5809 tamquam
1752 5757 1863 5798 rem
1896 5760 2106 5812 gravem
2136 5756 2188 5803 et

1313 331 1372 387 S.
1412 326 1688 386 JOANKIS
1725 314 2200 379 CliRYSOSTOMI
2254 310 2569 367 ARCHIEP.
2610 304 3145 362 CONSTANTINJP.

2273 415 2573 471 molestam.
2612 410 2690 465 Ad
2730 423 2849 463 eam
2880 422 3009 476 ergo
3035 403 3351 467 accedamus
3391 401 3557 457 alacri
3603 402 3794 455 animo
3820 411 3873 455 ct

2275 507 2399 560 larti.
2429 504 2561 559 Nam
2584 500 2791 556 etiamsi
2818 511 3027 551 merces
3051 510 3154 548 non
3188 505 3337 548 chet
3360 494 3666 562 pt-Oposita.
3692 508 3871 545 annon

2272 602 2545 665 oporteret
2573 606 2693 647 esse
2724 587 2956 644 bonum?
3000 588 3094 640 sed
3125 596 3298 639 tamen
3340 584 3504 640 etiam
3563 599 3694 637 cum
3729 600 3870 638 tut-ro

2274 687 2404 741 cede
2432 685 2603 739 simus
2638 682 2781 737 boni.
2818 679 2884 732 Et
2909 676 3183 747 quomodo
3211 692 3318 730 non
3346 685 3431 731 est
3472 677 3577 730 hoc
3610 676 3873 744 probrum

2275 786 2330 831 et
2368 775 2655 829 maximum
2700 768 2973 825 dcdccus?
3029 767 3086 821 Si
3132 766 3284 833 mihi,
3330 767 3521 834 iuqtttt,
3563 766 3875 820 mercedem

3769 295 3864 350 MS

2277 884 2384 923 non
2414 866 2647 929 dederis,
2698 879 2802 918 non
2835 878 2951 916 smn
2991 859 3268 915 modestus
3313 870 3368 914 et
3399 870 3743 930 temperans.
3777 864 3878 912 An—

2278 965 2435 1019 deam
2467 964 2641 1028 itaque
2669 957 2867 1027 aliquid
2899 956 3121 1009 dicere?
3142 952 3441 1023 Numquam
3482 952 3639 1008 'ueris
3674 966 3880 1022 tempe-

2279 1062 2404 1111 rans
2431 1065 2482 1109 et
2499 1052 2789 1116 modestus,
2810 1050 2968 1104 etiam
3018 1048 3062 1102 si
3094 1045 3335 1102 modeste
3364 1062 3509 1117 agas,
3530 1048 3573 1100 εἰ
3604 1047 3720 1101 hoc
3755 1046 3881 1101 facis

2279 1147 2527 1205 mercede
2574 1164 2589 1199 :
2636 1145 2887 1197 virtutem
2950 1140 3092 1194 enim
3138 1138 3268 1193 nihil
3312 1139 3613 1204 existimas,
3665 1141 3713 1194 si
3764 1155 3876 1193 cam

2283 1256 2387 1295 non
2431 1251 2601 1292 amas.
2649 1234 2756 1290 Sed
2790 1233 2927 1287 Deus
2956 1240 3168 1301 pri-pter
3197 1244 3443 1300 magnam
3501 1242 3753 1286 nostram
3784 1230 3883 1283 im-

2280 1331 2624 1389 becillitatem
2672 1340 2792 1381 eam
2842 1324 3001 1378 etiam
3050 1322 3300 1377 mercede
3348 1322 3512 1376 voluit
3568 1321 3729 1385 fieri;
3792 1338 3886 1377 nos

2283 1436 2463 1481 autem
2515 1438 2583 1478 ue
2626 1422 2703 1475 sic
2752 1419 2965 1490 quidem
3023 1432 3141 1471 eam
3195 1415 3554 1486 aggredimur.
3606 1416 3887 1469 Putiantus

2284 1502 2483 1583 autem,
2531 1517 2576 1571 si
2608 1515 2759 1577 \‘Clis,
2791 1513 2931 1581 quod
2980 1511 3142 1563 homo
3175 1510 3389 1579 quidam
3443 1510 3677 1564 excedat
3731 1512 3890 1565 matis

2289 1610 2607 1683 perpetratis
2634 1604 3132 1669 innumerabilibus,
3180 1613 3234 1657 et
3269 1602 3532 1671 baptismo
3582 1603 3845 1673 dignatus
3875 1623 3887 1657 :

2290 1703 2430 1774 quod
2462 1701 2714 1756 existimo
2758 1714 2866 1752 non
2910 1698 3017 1751 cito
3047 1695 3266 1751 evenire
3298 1710 3310 1747 :
3344 1696 3635 1765 quomodo,
3673 1712 3888 1767 qumso,

2293 1797 2418 1851 illuc
2442 1793 2645 1848 abibit?
2677 1791 2780 1845 Pro
2810 1792 2873 1842 iis
2898 1788 3112 1855 quidem
3133 1802 3252 1856 qua:
3280 1787 3405 1840 fecit
3436 1804 3541 1839 ttott
3571 1798 3888 1853 accusatus,

2295 1888 2387 1943 sed
2419 1902 2522 1939 non
2553 1885 2753 1937 habens
2782 1881 3051 1941 ﬁduciam.
3087 1879 3246 1947 idque
3269 1880 3479 1932 merito.
3506 1879 3638 1932 Nam
3674 1881 3897 1947 quando

2294 1998 2414 2040 cum
2429 1990 2642 2037 centum
2663 1995 2835 2034 annos
2856 1980 3069 2045 vixerit,
3085 1980 3287 2034 nullum
3313 1981 3452 2034 aliud
3480 1980 3681 2034 bonum
3708 1990 3887 2033 osten.

2286 2075 2383 2137 dit,
2400 2073 2498 2127 nisi
2527 2071 2667 2141 quod
2698 2086 2801 2125 non
2832 2073 3100 2139 peccarit;
3122 2072 3228 2127 imo
3260 2086 3386 2125 vero
3406 2087 3473 2125 ne
3499 2070 3601 2126 hoc
3631 2070 3883 2141 quidem,

2286 2164 2381 2220 sed
2406 2164 2571 2234 gratia
2604 2164 2782 2232 potius
2808 2162 2921 2215 sola
2949 2172 3029 2215 est
3058 2170 3321 2226 servatus,
3354 2161 3488 2215 alios
3509 2170 3693 2215 autem
3724 2159 3884 2214 vide-

2287 2257 2353 2311 rit
2383 2265 2687 2316 coronttos,
2718 2254 3002 2321 praeclaros
3044 2261 3099 2306 ct
3147 2252 3197 2304 in
3244 2252 3380 2305 bona
3423 2253 3881 2307 existimatione:

2285 2349 2489 2403 etiamsi
2506 2349 2558 2401 in
2571 2346 2866 2417 gehennam
2890 2360 2994 2398 non
3016 2343 3289 2408 ceciderit,
3312 2344 3531 2407 fcretne,
3552 2342 3638 2397 dic
3668 2358 3882 2413 qumso,

2286 2457 2537 2511 angorem
2563 2451 2616 2494 et
2655 2436 3253 2508 anitnia'gritudinem?
3300 2436 3364 2490 Ut
3410 2444 3585 2489 autem
3625 2435 3885 2501 exemplo

2288 2533 2387 2586 hoc
2422 2533 2633 2600 planum
2666 2529 2855 2583 faciant
2878 2545 2891 2585 :
2913 2528 3021 2581 sint
3052 2527 3159 2580 duo
3182 2526 3398 2591 milites,
3422 2533 3477 2578 et
3496 2526 3631 2579 alter
3660 2525 3885 2593 quidem

2292 2626 2511 2687 foretur,
2544 2620 2701 2675 faciat
2744 2619 2989 2687 injuriam
3035 2627 3089 2670 et
3134 2616 3309 2669 aliena
3342 2613 3596 2679 invadat;
3633 2613 3723 2667 hic
3752 2628 3885 2666 vero

2294 2716 2422 2769 nihil
2472 2717 2656 2767 horum
2690 2711 2867 2775 faciat,
2915 2708 3007 2763 sed
3042 2708 3251 2762 fortiter
3295 2722 3354 2761 se
3394 2715 3567 2777 gerat,
3616 2704 3884 2774 praeclara

2293 2809 2409 2863 edat
2444 2807 2698 2867 facinora,
2733 2802 2961 2856 inbellis
2996 2812 3194 2871 tropaea
3225 2809 3443 2862 statuat,
3477 2800 3714 2853 hostium
3750 2814 3885 2853 san-

2293 2902 2448 2971 guine
2494 2903 2737 2949 cruentet
2778 2894 3054 2948 dexteram
3091 2912 3103 2947 :
3135 2894 3330 2947 dcimle
3374 2892 3702 2947 adveniente
3749 2903 3886 2946 tem-

2295 3008 2444 3061 pore,
2474 2990 2539 3043 ab
2569 2988 2654 3041 illa
2686 2987 2941 3055 dignitate
2971 2986 3023 3038 in
3056 3001 3157 3054 qua
3191 2984 3350 3037 etiam
3385 2983 3467 3036 fur
3495 2984 3584 3037 ille
3620 2993 3764 3049 erat,
3800 2999 3889 3037 re-

2295 3094 2450 3151 pcttle
2471 3084 2692 3135 ducatur
2710 3079 2776 3133 ad
2798 3079 2980 3133 sedem
3003 3078 3225 3145 regiam,
3258 3088 3313 3131 et
3338 3078 3588 3131 induatur
3610 3093 3883 3147 purpura;

2293 3175 2377 3229 hic
2396 3182 2571 3226 autem
2606 3172 2713 3224 illic
2746 3170 2978 3234 maneat,
3003 3169 3089 3223 ubi
3118 3178 3253 3233 erat,
3282 3168 3617 3222 solummodo
3639 3171 3886 3223 clemen-

2294 3269 2361 3321 tia
2383 3266 2549 3335 regia,
2576 3280 2679 3318 non
2694 3264 2783 3318 det
2801 3277 2988 3332 pmuas
3010 3278 3194 3316 eorum
3213 3278 3332 3331 quae
3352 3261 3586 3326 admisit,
3602 3264 3672 3316 sit
3699 3274 3884 3317 autem

2294 3357 2343 3409 in
2378 3358 2491 3409 loco
2520 3356 2726 3416 ultimo,
2758 3366 2809 3407 et
2840 3352 2941 3407 sub
2987 3368 3109 3422 rege
3149 3353 3438 3407 collocetur
3470 3371 3481 3405 :
3512 3352 3742 3419 feretne,
3799 3354 3888 3408 dic

2291 3464 2491 3519 qua-so,
2516 3462 2769 3516 angorem
2792 3454 2843 3499 ct
2860 3446 3018 3497 animi
3043 3443 3432 3512 mgritudinem,
3450 3444 3665 3511 quando
3686 3445 3886 3500 viderit

2292 3557 2411 3597 eum
2444 3540 2656 3608 quidem
2685 3540 2771 3607 qni
2802 3546 2919 3591 erat
2948 3552 3067 3589 cum
3099 3536 3235 3604 ipso,
3259 3535 3575 3590 ascendisse
3605 3535 3674 3589 ad
3702 3537 3886 3606 ipsum

2291 3635 2603 3701 dignitatum
2634 3630 2921 3699 fastigium,
2949 3639 3002 3681 et
3029 3627 3265 3681 evasisse
3294 3626 3430 3680 adeo
3460 3626 3806 3695 praeclarum,
3832 3637 3888 3681 ct

2293 3728 2439 3780 orbis
2472 3736 2628 3779 terra:
2661 3734 2843 3777 tenere
2876 3721 3268 3789 principatum;
3300 3735 3359 3774 se
3380 3731 3558 3774 autem
3586 3718 3730 3775 infra
3762 3736 3887 3776 ma-

2292 3835 2441 3883 nere,
2469 3827 2523 3872 et
2550 3832 2647 3870 nec
2689 3816 2738 3869 id
2772 3816 2943 3885 ipsum
2971 3814 3211 3884 qnidctn,
3240 3813 3382 3883 quod
3431 3830 3539 3868 non
3568 3814 3729 3869 luerit
3756 3831 3890 3886 sup-

2294 3914 2531 3981 plicium,
2566 3909 2760 3963 habere
2781 3923 2902 3961 cum
2932 3906 3157 3971 honore,
3182 3906 3275 3960 sed
3304 3922 3333 3959 a
3361 3908 3531 3976 gratia
3560 3916 3614 3961 et
3641 3908 3891 3963 clemen-

2293 4008 2361 4059 tia
2396 4004 2575 4073 rcgia?
2607 4018 2727 4056 naut
2774 4000 2983 4055 etiamsi
3016 4016 3107 4053 rex
3152 4016 3271 4052 eum
3299 4000 3584 4066 dimiserit,
3618 4011 3674 4053 et
3705 4017 3733 4054 a
3770 4002 3891 4056 cri-

2293 4098 2527 4151 minibus
2566 4095 2875 4159 ahsolvcrit,
2919 4094 3061 4147 vivet
3105 4104 3282 4145 tamen
3316 4093 3517 4161 pudore
3558 4092 3793 4148 aliectus
3835 4105 3891 4149 et

2294 4190 2582 4260 ignominia
2614 4203 2627 4239 :
2660 4202 2762 4239 non
2794 4188 2935 4240 enim
2968 4186 3127 4239 etiam
3164 4186 3253 4238 alii
3284 4201 3406 4239 eum
3450 4186 3889 4243 admiralnuttur.

2292 4283 2423 4339 Nam
2442 4283 2491 4337 in
2517 4280 2779 4350 ejusmodi
2801 4279 3285 4333 condonationibus
3304 4295 3409 4331 non
3434 4294 3528 4333 eos
3549 4280 3893 4335 admiramur

2289 4375 2379 4443 qui
2425 4374 2713 4442 accipiunt,
2747 4373 2843 4428 sed
2889 4387 2984 4427 eos
3025 4375 3112 4441 qui
3142 4371 3345 4425 donant
3373 4388 3389 4427 :
3421 4381 3477 4427 et
3521 4388 3629 4442 quo
3672 4375 3886 4445 majora

2282 4470 2419 4529 dona
2448 4472 2715 4537 dederint,
2747 4487 2811 4527 eo
2831 4473 3026 4543 majori
3054 4473 3255 4543 pudore
3277 4474 3587 4529 afﬁciuntur
3608 4475 3698 4543 qui
3730 4476 3885 4531 acci-

2282 4566 2448 4633 piunt,
2484 4566 2701 4635 quando
2747 4582 2936 4637 magna
2968 4567 3202 4621 admissa
3248 4576 3371 4621 sunt
3401 4568 3468 4622 ab
3515 4568 3594 4622 eis
3623 4578 3883 4638 peccata.

2280 4655 2479 4722 Quibus
2520 4672 2647 4726 ergo
2676 4658 2846 4710 oculis
2888 4658 2931 4710 is
2961 4657 3155 4711 intueri
3190 4660 3386 4726 p0terit
3415 4672 3508 4712 eos
3547 4658 3637 4725 qui
3664 4668 3795 4713 sunt
3827 4660 3882 4713 in

2281 4748 2444 4816 regia,
2488 4749 2593 4802 illis
2624 4749 2854 4803 sudores
2882 4748 3305 4802 innumerabiles
3341 4759 3396 4802 et
3422 4749 3645 4813 vulnera
3678 4759 3878 4806 osten-

2281 4836 2547 4902 dentibus,
2596 4854 2714 4893 cum
2763 4842 2877 4907 ipse
2929 4840 3060 4909 nihil
3113 4839 3285 4910 possit
3332 4841 3638 4901 ostendere,
3678 4841 3776 4893 sed
3831 4852 3886 4895 ct

2282 4928 2419 4997 quod
2469 4931 2646 4983 Salvus
2700 4931 2857 4985 abeat
2910 4947 2939 4983 a
2991 4932 3105 4985 sola
3156 4930 3246 4985 Dei
3290 4930 3624 4998 benignitate
3665 4941 3720 4984 et
3763 4934 3885 4984 clo,-

2286 5021 2519 5073 nicntia?
2567 5021 3033 5087 Quemadmodum
3079 5024 3221 5075 cuitu
3265 5021 3309 5074 si
3354 5021 3473 5089 quis
3529 5021 3882 5085 homicidam,

2286 5112 2476 5178 furum,
2506 5115 2802 5170 adniterum
2830 5115 2894 5168 ad
2924 5115 3243 5183 supplicium
3268 5114 3462 5181 capitis
3488 5111 3875 5167 adducendum

2283 5204 2468 5257 donari
2501 5204 2599 5257 sibi
2630 5204 3000 5274 postulaverit,
3047 5215 3101 5259 et
3144 5219 3267 5257 eum
3308 5220 3428 5257 esse
3452 5204 3671 5271 jusserit
3706 5206 3755 5255 in
3784 5218 3873 5255 re»

2284 5298 2497 5352 stibulis
2524 5299 2722 5369 regina;
2756 5300 2843 5352 ille
2868 5298 2977 5367 jam
3005 5313 3297 5365 numquam
3331 5300 3528 5366 poterit
3553 5297 3789 5365 aliquem
3819 5317 3880 5353 i-x

2284 5389 2509 5443 adverso
2542 5389 2757 5454 intueri,
2792 5391 3002 5443 etiamsi
3028 5392 3097 5443 sit
3124 5390 3383 5443 liberatus
3414 5405 3442 5442 a
3472 5390 3738 5457 supplicio
3765 5408 3777 5442 :
3814 5393 3885 5443 ita

2284 5480 2445 5534 etiam
2475 5480 2561 5534 hic
2590 5496 2823 5550 quoque.

2358 5573 2409 5626 5.
2452 5572 2570 5626 Non
2611 5572 2778 5636 enim,
2823 5573 3076 5643 quoniam
3118 5573 3263 5644 regia
3293 5572 3512 5635 dicitur,
3561 5573 3885 5629 existimetis

2285 5678 2474 5719 omnes
2505 5662 2694 5720 eadem
2728 5665 2961 5735 assequi.
2994 5663 3128 5721 Nam
3159 5666 3202 5720 si
3235 5667 3319 5722 hic
3349 5674 3473 5720 sunt
3498 5675 3551 5719 et
3571 5666 3880 5735 pi-azfcctus,

2284 5769 2338 5815 et
2365 5772 2551 5813 omnes
2577 5756 2791 5828 quiregi
2824 5757 3100 5824 assistunt,
3138 5765 3189 5812 et
3224 5759 3311 5829 qui
3340 5769 3459 5811 sunt
3492 5758 3573 5811 his
3608 5758 3765 5826 longe
3798 5758 3879 5812 in-
