4060 6412
176 390 275 444 1119

167 507 416 569 fer-iores,
460 508 515 557 et
562 505 743 555 tenent
783 496 963 551 locum
1010 507 1199 549 eorum
1245 490 1336 559 qui
1382 488 1635 543 dicuntur
1674 485 1772 538 de-

166 604 285 654 cani
318 599 424 669 (η).
454 606 582 651 sunt
609 594 662 649 in
690 592 859 664 regia,
890 586 1105 644 etiamsi
1135 583 1366 640 multum
1394 580 1610 637 lntersit
1632 579 1775 632 inter

170 668 484 759 μηιεΐυειυιη
532 695 589 741 et
636 684 899 738 decanum
933 698 948 736 :
981 679 1154 733 multo
1200 673 1373 745 magis
1429 671 1532 728 hoc
1581 670 1685 724 erit
1723 668 1775 722 in

166 797 403 850 superna
438 778 604 847 regia.
636 776 700 831 Et
724 774 827 828 hoc
846 787 953 827 non
981 786 1049 826 es
1080 784 1165 824 me
1195 766 1316 823 dico
1345 778 1508 820 :nsm
1536 772 1589 818 et
1618 762 1775 815 aliam

168 874 258 930 his
285 874 544 942 majorem
576 867 931 924 differentiam
962 864 1113 936 ponit
1142 862 1361 918 Paulus.
1402 859 1573 927 Quam
1598 855 1779 909 multa:

166 965 341 1029 enim,
376 961 568 1031 inquit,
601 958 922 1014 diﬂ‘erentiie
951 963 1124 1008 suuta
1157 952 1274 1008 sole
1299 964 1471 1019 uSque
1497 948 1563 1004 ad
1596 947 1778 1004 lunam

167 1066 225 1109 et
243 1055 431 1107 stellas
455 1063 506 1107 et
540 1051 819 1105 minimam
853 1048 1090 1110 stellam,
1136 1055 1245 1099 tam
1275 1043 1458 1097 multa:
1486 1041 1653 1096 etiam
1681 1059 1725 1093 e-
1754 1066 1778 1079 -

170 1158 295 1200 rum
323 1144 413 1214 qui
438 1150 567 1198 sunt
592 1143 645 1197 in
675 1141 843 1210 regia.
877 1139 947 1194 Et
966 1137 1108 1207 quod
1142 1138 1299 1205 longe
1323 1133 1497 1204 major
1527 1132 1591 1185 sit
1624 1129 1780 1185 diﬂ'e-

170 1238 351 1293 rentia
383 1236 573 1293 decani
603 1236 693 1306 qui
720 1234 929 1290 dicitur
954 1243 1009 1287 et
1042 1229 1306 1301 praefecti,
1344 1237 1399 1283 et
1426 1225 1557 1280 solis
1587 1234 1646 1279 et
1687 1222 1781 1275 mi-

171 1333 341 1386 nimae
394 1331 607 1397 stellze,
656 1338 742 1385 est
791 1327 1045 1384 omnibus
1096 1325 1463 1396 perspicuum.
1510 1318 1645 1375 Nam
1690 1313 1777 1370 sol

170 1421 396 1491 quidem
432 1431 605 1476 totum
635 1422 821 1477 orbein
852 1427 1012 1475 terra:
1038 1417 1195 1473 simul
1220 1415 1457 1471 illustrat
1492 1421 1547 1467 et
1571 1408 1781 1466 exhila-

174 1522 286 1579 rat,
319 1514 607 1583 lunamque
632 1511 914 1567 abscondit
937 1520 992 1567 et
1016 1510 1201 1565 stellas
1229 1526 1243 1563 :
1274 1508 1368 1563 ille
1412 1516 1594 1559 autem
1638 1513 1783 1567 saepe

176 1618 291 1657 non
343 1612 586 1673 apparet,
634 1602 794 1673 idque
836 1603 888 1657 in
921 1602 1205 1658 tenebris:
1236 1598 1420 1654 multa:
1462 1595 1608 1652 enim
1659 1600 1786 1647 sunt

176 1695 354 1748 stellae
381 1710 514 1764 quas
546 1710 653 1749 non
679 1692 947 1749 videmus.
973 1693 1202 1761 Quando
1222 1706 1352 1761 ergo
1380 1688 1624 1744 videmus
1652 1684 1787 1737 alios

178 1786 302 1841 ﬂeri
333 1788 515 1855 soles;
546 1804 646 1844 nos
691 1796 871 1843 autem
901 1789 1247 1843 minimarum
1276 1785 1552 1839 stellarum
1583 1790 1638 1837 et
1665 1794 1789 1849 qua:

180 1893 257 1933 ne
287 1886 551 1949 apparent
580 1879 796 1948 quidem
827 1880 1003 1934 locum
1036 1890 1242 1940 tenere,
1282 1888 1527 1944 quamam
1556 1871 1661 1927 erit
1692 1883 1791 1924 no-

196 1973 287 2027 bis
320 1972 661 2028 consolatio?
686 1973 786 2037 Ne.
816 1990 970 2045 rogo,
1018 1989 1087 2029 ne
1132 1974 1303 2027 simus
1334 1971 1469 2026 adeo
1506 1968 1662 2032 tardi,
1693 1980 1794 2021 nec

181 2064 326 2120 adeo
358 2065 491 2135 pigri
538 2074 594 2121 et
620 2065 817 2136 ignavi,
849 2082 915 2121 ne
955 2066 1191 2135 segniter
1226 2064 1455 2118 Salutem
1488 2060 1579 2115 Dei
1625 2072 1796 2128 appe-

186 2165 390 2225 tamus,
432 2157 531 2213 sed
578 2169 931 2214 mercaturam
986 2174 1052 2213 ex
1101 2174 1164 2213 ea
1212 2170 1562 2212 exerceamus
1595 2164 1793 2210 etcam

186 2251 635 2321 multiplicemus.
668 2251 798 2306 Nam
824 2251 1033 2307 etiamsi
1060 2252 1178 2319 quis
1236 2252 1302 2302 sit
1346 2247 1789 2307 eatechumeuus,

187 2351 430 2398 attamen
476 2345 627 2398 novit
666 2342 961 2410 Christum,
1020 2342 1167 2398 novit
1199 2341 1379 2407 iidem,
1426 2340 1603 2393 divina
1650 2336 1802 2392 audit

189 2435 429 2506 eloquia,
466 2451 573 2491 non
618 2444 703 2492 est
752 2437 939 2506 procul
995 2451 1023 2487 a
1061 2435 1238 2488 divina
1294 2434 1623 2503 cognitione,
1655 2430 1803 2485 novit

192 2526 411 2583 Domini
429 2528 510 2582 sui
535 2527 887 2583 voluntatem.
909 2526 1022 2581 Cur
1049 2526 1197 2597 igitur
1232 2525 1430 2591 diiicrt,
1462 2541 1558 2580 cur
1577 2532 1803 2579 cuneta-

196 2628 287 2673 tur
311 2628 366 2672 et
385 2619 667 2674 moratur?

272 2715 419 2770 Bona
441 2715 542 2769 vita
566 2713 696 2767 nihil
718 2713 918 2767 melius.
938 2743 1006 2752 —
1031 2712 1176 2767 Bona
1204 2712 1309 2764 vita
1342 2711 1473 2765 nihil
1500 2720 1581 2765 est
1613 2708 1808 2765 melius

198 2820 259 2866 et
286 2809 375 2867 hic
395 2819 452 2864 et
479 2808 589 2863 illic
614 2849 628 2871 ,
660 2817 718 2862 et
748 2806 801 2861 in
835 2806 903 2861 iis
932 2807 1023 2876 qui
1054 2806 1429 2860 illutninantur
1454 2804 1585 2859 etin
1620 2804 1685 2856 iis
1717 2800 1809 2873 qui

201 2901 480 2959 catechesi
530 2900 903 2955 instituuntur.
953 2898 1084 2953 Nam
1126 2898 1271 2967 quid,
1296 2910 1506 2965 quaeso,
1526 2895 1682 2949 nobis
1730 2902 1813 2947 est

208 3006 547 3069 praeceptum
587 3008 751 3063 grave
798 3004 852 3047 et
888 2990 1325 3045 intolerandum?
1356 2989 1504 3043 llabe
1536 3028 1551 3052 ,
1596 2986 1769 3055 inquit
1795 3027 1811 3050 ,

208 3104 439 3140 uxorein
468 3126 482 3149 ,
514 3093 568 3137 et
604 3085 677 3137 sis
710 3093 1019 3152 temperans
1055 3091 1109 3135 et
1148 3080 1454 3135 continens.
1504 3078 1691 3132 llocne
1733 3087 1818 3129 est

212 3181 441 3236 difﬁcile
466 3180 488 3233 Τ
519 3178 812 3247 quomodo,
842 3191 966 3231 enm
999 3177 1201 3246 absque
1233 3188 1402 3227 uxore
1425 3171 1575 3225 multi
1607 3186 1665 3223 sc
1685 3184 1817 3222 eon—

213 3275 329 3328 tiue
369 3285 427 3325 nt
457 3311 472 3335 ,
510 3286 619 3323 non
658 3270 833 3323 Solum
863 3265 1154 3321 Christiani
1181 3308 1196 3330 ,
1225 3262 1318 3319 sed
1344 3273 1397 3317 ct
1425 3262 1638 3318 Gratui‘.’
1666 3260 1819 3335 Quod

214 3364 444 3419 Crmcus
473 3370 695 3429 superat
727 3368 949 3428 propter
986 3358 1200 3412 inanem
1241 3356 1463 3426 gloriam
1489 3396 1503 3415 ,
1539 3362 1592 3407 tn
1625 3368 1690 3406 ne
1721 3353 1824 3407 hoc

215 3456 441 3526 quidem
487 3466 672 3507 servas
720 3461 942 3520 propter
986 3450 1076 3503 Dei
1126 3447 1424 3502 timorem?
1465 3445 1574 3508 Da,
1608 3444 1824 3513 inquit,

221 3547 534 3619 pauperibus
562 3560 625 3598 ea:
660 3544 762 3597 tuis
791 3541 1125 3612 facultatibus
1154 3538 1304 3607 (Tob.
1332 3539 1385 3593 4.
1416 3537 1499 3608 7).
1531 3536 1715 3591 IIOCne
1745 3544 1829 3589 est

221 3656 390 3711 grave
412 3650 468 3694 et
496 3635 936 3692 intolerandum?
958 3633 1063 3690 Sed
1090 3634 1177 3688 hic
1196 3648 1414 3703 quoque
1442 3645 1545 3686 nos
1572 3636 1834 3685 accusant

224 3732 425 3792 Gnaei,
461 3730 551 3800 qui
584 3744 775 3783 omnes
806 3742 933 3781 suas
962 3726 1271 3781 effuderunt
1303 3724 1585 3779 facultates
1616 3730 1834 3792 propter

228 3828 453 3879 inanem
473 3820 722 3890 gloriam.
756 3816 835 3872 Ne
866 3816 1029 3871 verba
1060 3815 1302 3885 loquaris
1323 3816 1582 3870 obscmtia
1612 3811 1749 3881 (Col.
1779 3811 1833 3868 5.

283 3935 369 4005 (ll).
396 3933 459 3982 ili
486 3933 667 4005 negaui
707 3936 905 4005 lictores
944 3940 1085 4005 erant
1116 3932 1167 3981 in
1203 3931 1311 3983 auia
1346 3933 1678 3998 Imperatoris.
1702 3940 1827 3995 Vide

219 3997 458 4054 (angiuiii
486 3997 532 4043 in
558 3996 805 4045 Glossario
829 3996 914 4044 Gr.
941 3996 1000 4044 ad
1026 4009 1196 4045 vocem
1220 4012 1389 4054 Δοιανός.

964 398 1032 455 IN
1074 394 1293 453 EPIST.
1339 391 1428 447 AD
1469 382 1837 445 llEBREOS.
1879 379 2035 436 CAP.
2081 377 2216 433 Vill.
2260 373 2493 431 HOMIL.
2536 371 2678 429 XIV.

3396 380 3498 436 1l0

1888 480 1966 551 8).
1997 480 2180 537 llocne
2202 483 2559 539 estdifticile?
2590 484 2812 539 Etiamsi
2848 499 2953 539 non
2979 491 3119 538 esset
3145 489 3496 551 praeceptum,

1888 588 2070 631 annon
2101 586 2384 647 oporteret
2422 591 2523 631 nos
2566 577 2638 632 ita
2665 592 2861 648 gerere
2884 617 2899 642 ,
2934 590 3001 630 ne
3036 575 3138 628 hoc
3167 573 3326 629 nobis
3356 581 3505 629 esset

1886 679 2133 749 probro?
2162 680 2296 736 Nam
2330 678 2473 749 quod
2504 677 2835 733 contrarium
2866 674 2943 730 sit
2970 673 3187 729 difficile
3217 716 3234 741 ,
3266 673 3431 728 verba
3458 712 3476 737 ,

1896 772 2137 844 inquam,
2180 773 2325 840 loqui
2347 773 2625 836 obscaena,
2644 776 2730 824 est
2751 768 3093 838 perspicuum
3119 781 3185 822 ex
3214 765 3319 820 hoc
3343 765 3488 835 quod

1887 864 2099 935 pudore
2139 864 2375 920 afﬁcitur
2408 870 2466 917 et
2508 860 2784 916 erubescit
2828 860 3045 913 animus
3074 899 3091 927 ,
3135 858 3180 913 si
3222 856 3494 917 adductus

1890 955 2052 1012 fuerit
2080 965 2138 1011 ut
2161 954 2265 1009 tale
2295 952 2429 1023 quid
2452 952 2617 1020 dicat,
2645 961 2702 1007 et
2730 966 2908 1021 neque
2937 950 3105 1018 dicet,
3136 949 3237 1004 nisi
3270 950 3406 1003 forte
3430 949 3504 1003 sit

1896 1045 2102 1101 ebrius.
2121 1043 2233 1100 Cur
2260 1045 2409 1097 enim
2436 1044 2486 1097 in
2518 1042 2637 1098 foro
2663 1042 2881 1106 sedens,
2904 1041 3116 1097 etiamsi
3138 1041 3285 1097 domi
3314 1040 3501 1102 facias.

1897 1139 2008 1195 illic
2036 1155 2142 1193 non
2172 1135 2307 1193 facis
2334 1134 2358 1189 ἲ
2392 1151 2574 1190 annon
2608 1143 2831 1206 propter
2857 1148 2952 1189 eos
2986 1134 3073 1204 qui
3112 1132 3366 1188 adsunt?
3402 1147 3504 1187 cur

1896 1233 1942 1289 si
1970 1232 2111 1286 adsit
2134 1246 2268 1286 uxor
2296 1240 2406 1293 tua,
2430 1229 2484 1284 id
2508 1243 2615 1283 non
2647 1228 2781 1284 facis
2806 1229 2831 1282 ἲ
2856 1243 3038 1283 annon
3063 1236 3122 1282 ut
3143 1242 3211 1284 ne
3232 1243 3351 1283 eam
3382 1242 3507 1282 con-

1900 1324 2117 1378 tumelia
2144 1321 2396 1376 afficias?
2423 1310 2579 1389 Quod
2606 1334 2737 1391 ergo
2765 1328 2990 1389 propter
3030 1334 3253 1374 uxorem
3287 1335 3392 1373 non
3424 1318 3505 1372 fa—

1899 1416 2000 1481 cis,
2035 1414 2203 1469 Deum
2231 1412 2556 1469 contumelia
2587 1412 2833 1466 alliciens
2863 1427 2970 1467 non
3000 1411 3323 1465 erubescis?
3352 1411 3509 1465 adest

1900 1507 2045 1562 enim
2077 1505 2272 1575 ubique
2295 1512 2351 1558 et
2376 1502 2527 1557 audit
2558 1504 2762 1559 omnia.
2788 1502 2909 1558 Noli
2942 1543 2956 1565 ,
3001 1501 3219 1572 inquit,
3254 1502 3510 1557 inebriari

1904 1597 2123 1670 (Ep/tes.
2160 1597 2213 1651 5.
2244 1595 2333 1666 18)
2365 1612 2380 1648 :
2408 1603 2579 1649 recte.
2608 1594 2741 1648 Nam
2772 1593 2938 1648 etiam
2973 1593 3076 1648 hoc
3108 1593 3285 1662 ipsum
3326 1608 3422 1664 per
3449 1608 3510 1648 se

1904 1704 2081 1744 annon
2109 1696 2192 1741 est
2217 1685 2583 1755 supplicium?
2618 1684 2737 1740 Non
2770 1685 2948 1749 dixit,
2998 1683 3259 1740 Distende
3305 1698 3507 1751 corpus

1905 1790 2090 1843 tuum;
2119 1777 2214 1833 sed
2242 1778 2370 1848 quid
2395 1777 2419 1832 Ἰ
2448 1776 2567 1831 Noli
2599 1776 2855 1831 inebriari
2887 1794 2901 1831 :
2934 1775 2987 1829 id
3017 1786 3121 1840 esr,
3172 1772 3250 1829 Ne
3272 1774 3352 1827 sic
3377 1773 3509 1826 illud

1908 1870 2224 1943 praecipites
2252 1912 2268 1938 ,
2309 1879 2367 1924 ut
2404 1869 2685 1923 auferatur
2722 1868 3061 1939 principatus
3104 1867 3321 1920 animai.
3372 1862 3514 1929 QuEd

1901 1961 2257 2033 ergo?annon
2273 1955 2528 2033 corporis
2539 1953 2798 2010 habenda
2810 1968 2944 2008 cura
2960 1951 3069 2008 est?
3082 1949 3262 2014 Absit,
3277 1964 3386 2002 non
3397 1948 3506 2002 hoc

1904 2056 2053 2117 dico,
2066 2054 2145 2108 sic
2155 2050 2303 2107 enim
2318 2024 2522 2105 Pauius
2534 2047 2823 2119 praecepit:
2839 2045 3031 2102 Carnis
3045 2060 3233 2100 curam
3247 2059 3311 2097 ne
3325 2041 3511 2112 feceri-

1908 2148 2039 2201 tisin
2058 2144 2331 2199 desideriis
2348 2142 2524 2211 (Rom.
2545 2141 2632 2195 13.
2654 2140 2766 2213 14).
2788 2139 2896 2195 Sed
2916 2154 2984 2193 ne
3007 2152 3198 2193 curam
3218 2152 3377 2206 geras
3391 2134 3512 2205 ejus

1910 2234 2398 2307 concupiscentiae,
2431 2248 2501 2287 ne
2532 2232 2716 2303 rapias
2742 2246 2866 2301 quae
2895 2238 2989 2284 tua
3014 2244 3123 2283 non
3155 2236 3307 2291 sunt,
3332 2241 3401 2281 ne
3416 2241 3513 2296 per

1912 2328 2204 2385 avaritiam
2232 2324 2464 2381 invadas
2487 2325 2692 2388 aliena,
2724 2339 2795 2378 ne
2823 2323 3041 2393 pejeres
3073 2319 3291 2391 (Matth.
3330 2320 3383 2373 5.
3407 2317 3522 2387 55).

1916 2420 2249 2487 Quibusnam
2276 2423 2437 2487 egent
2466 2414 2585 2469 haec
2611 2411 2910 2476 laboribus,
2944 2410 3270 2483 quibusnam
3296 2407 3513 2463 sudori-

1919 2514 2021 2567 bus
2048 2528 2061 2564 :
2089 2508 2169 2564 Ne
2198 2504 2503 2563 crimineris
2525 2546 2539 2570 ,
2572 2504 2739 2573 inquit
2773 2546 2789 2568 ,
2822 2519 2889 2557 ne
2910 2499 3259 2557 caluinnicris
3285 2497 3438 2567 (Luc.
3462 2499 3517 2554 3.

1922 2604 2037 2673 11).
2069 2602 2201 2668 Quis
2233 2602 2285 2655 in
2314 2598 2415 2653 hac
2445 2613 2502 2652 re
2527 2596 2722 2651 labor?
2751 2593 3094 2651 Contrarium
3121 2592 3340 2663 quidem
3373 2602 3523 2646 certe

1924 2706 2008 2750 est
2036 2695 2208 2750 labor.
2243 2692 2377 2747 Nam
2407 2690 2625 2759 quando
2653 2687 2960 2743 maledictis
2990 2678 3320 2757 appetieris,
3350 2684 3532 2738 statim

1926 2810 1986 2850 es
2014 2792 2067 2847 in
2101 2787 2348 2861 periculo
2373 2829 2386 2852 ,
2419 2787 2470 2840 in
2496 2784 2830 2855 suspicione,
2864 2783 2940 2837 Ne
2969 2782 3106 2836 forte
3134 2779 3371 2836 audierit
3400 2760 3540 2832 is‘de

1926 2901 2035 2957 quo
2065 2883 2173 2938 dixi
2202 2924 2217 2949 ,
2250 2882 2365 2935 sive
2393 2880 2465 2933 sit
2495 2892 2746 2947 magnus,
2802 2877 2917 2931 sive
2954 2890 3154 2941 parvus
3184 2892 3199 2929 :
3229 2888 3351 2927 nam
3388 2871 3433 2925 si
3470 2869 3542 2926 sit

1933 2977 2149 3048 quidem
2175 2987 2424 3043 magnus,
2453 2972 2633 3024 statim
2668 2984 2726 3023 re
2757 2969 2869 3038 ipsa
2898 2967 3082 3021 venies
3114 2967 3164 3019 in
3192 2964 3489 3036 periculum
3515 2976 3533 3028 ;

1934 3070 2016 3124 sin
2046 3081 2243 3137 parvus
2269 3107 2283 3123 .
2315 3078 2411 3129 par
2436 3062 2551 3132 pari
2582 3060 2785 3115 referet
2814 3101 2829 3123 ,
2858 3062 2967 3113 imo
2994 3060 3244 3129 gravium
3280 3055 3545 3124 rependet

1934 3170 1989 3215 et
2034 3167 2085 3212 te
2131 3154 2427 3224 majoribus
2468 3160 2689 3221 appetet
2735 3150 3063 3205 maledictis.
3094 3148 3235 3203 Nihil
3271 3146 3491 3201 difﬁcile
3527 3187 3543 3208 ,

1939 3249 2071 3305 nihil
2101 3263 2262 3318 grave
2296 3245 2451 3299 nobis
2481 3254 2566 3299 est
2598 3250 2952 3312 prasceptnm,
2982 3241 3024 3295 si
3050 3240 3278 3294 velimus
3302 3257 3315 3293 :
3339 3239 3421 3293 sin
3450 3254 3545 3291 au-

1941 3354 2047 3397 tem
2071 3340 2331 3402 nolimus,
2357 3336 2519 3390 etiam
2544 3351 2662 3403 quin
2692 3342 2819 3388 sunt
2845 3333 3093 3386 facillima
3129 3374 3144 3397 ,
3182 3332 3338 3384 nobis
3367 3347 3539 3397 appa-

1940 3436 2136 3490 rebunt
2160 3433 2361 3505 gravia.
2388 3431 2526 3499 Quid
2553 3440 2633 3485 est
2662 3429 2870 3483 facilius
2895 3443 3056 3498 quam
3083 3425 3370 3481 comedere
3397 3424 3421 3479 ?
3450 3424 3545 3479 sed

1947 3536 2169 3597 propter
2211 3527 2433 3579 inultam
2477 3524 2760 3578 mollitiem
2789 3522 2941 3576 multi
2974 3519 3023 3575 id
3053 3533 3268 3590 quoque
3296 3533 3442 3589 tegre
3470 3518 3550 3573 fe-

1946 3628 2077 3674 runt
2108 3636 2120 3673 :
2151 3619 2349 3674 multos
2376 3616 2537 3671 audio
2566 3616 2810 3671 dicentes
2835 3657 2849 3681 ,
2893 3612 3037 3684 quod
3068 3613 3231 3667 etiam
3259 3612 3549 3667 comedere

1945 3718 2031 3767 est
2059 3710 2227 3766 labor.
2260 3709 2404 3764 Nihil
2433 3708 2623 3762 horum
2655 3718 2737 3762 est
2767 3705 3116 3769 Ialioriomm,
3137 3702 3179 3756 si
3195 3703 3368 3757 velis:
3400 3718 3546 3763 nam.

1936 3817 2059 3856 cum
2103 3800 2271 3869 gratia
2315 3810 2568 3867 superna,
2606 3795 2657 3847 iti
2703 3796 2976 3846 voluntate
3014 3792 3117 3843 sita
3168 3798 3295 3844 sunt
3340 3791 3543 3848 omnia.

1940 3895 2186 3953 Veiimus
2227 3904 2356 3959 ergo
2407 3887 2583 3952 bona,
2636 3895 2692 3939 ut
2739 3885 2903 3940 etiam
2952 3883 3094 3940 bona
3138 3896 3538 3952 consequamur

1941 3997 2144 4044 aeterna
2186 4026 2198 4044 .
2232 3980 2399 4047 gratia
2425 3989 2479 4033 et
2505 3977 2852 4042 benignitate.

245 4074 3467 4113 _________,__,_______________________.__——————

1590 4164 1941 4229 HOMlLlA
1990 4160 2167 4222 XIV.

216 4277 348 4335 ευ».
373 4275 427 4331 8.
460 4276 511 4330 1.
556 4274 847 4345 Capitulum
877 4282 1050 4329 autem
1088 4290 1243 4339 super
1288 4289 1348 4327 ea
1388 4288 1504 4342 quae
1532 4269 1773 4325 dicuntur
1800 4284 1820 4323 :

291 4369 476 4424 Talem
503 4368 744 4423 habemus
778 4368 1075 4437 pontiﬁcem
1100 4409 1117 4435 ,
1146 4367 1236 4436 qui
1265 4366 1491 4421 consedit
1530 4366 1583 4419 in
1612 4365 1826 4418 dextera

290 4462 431 4517 sedis
461 4462 829 4533 magnitudinis
853 4464 905 4515 in
928 4462 1067 4517 uelis
1088 4503 1103 4527 ,
1133 4461 1189 4515 2.
1221 4468 1510 4513 sanctorum
1542 4458 1772 4511 minister
1803 4495 1819 4519 ,

290 4566 341 4609 et
380 4551 698 4608 tabernaculi
737 4554 845 4608 ueri
875 4594 891 4622 ,
928 4551 1066 4625 quod
1125 4552 1240 4621 ﬁxit
1280 4548 1533 4605 Dominus
1557 4590 1573 4614 ,
1628 4558 1674 4603 et
1721 4564 1824 4601 non

294 4652 471 4705 homo.

292 4744 319 4798 1
334 4782 348 4796 .
373 4742 452 4813 (a)
466 4740 695 4797 Humilia
719 4740 1044 4797 sublimibus
1066 4739 1332 4795 admiscet
1351 4738 1567 4805 Paulus,
1584 4739 1671 4811 qui
1685 4752 1828 4793 sem-

219 4850 322 4905 per
348 4848 506 4889 suum
538 4814 781 4888 imitatur
810 4832 1122 4901 Magistrum
1149 4872 1163 4896 ,
1198 4841 1258 4884 ut
1290 4831 1508 4884 humilia
1533 4830 1674 4884 viam
1708 4846 1827 4884 mu-

219 4929 377 4982 niant
414 4925 482 4980 ad
510 4924 759 4981 sublimia
788 4966 802 4989 ,
830 4933 885 4979 et
917 4940 1013 4993 per
1054 4938 1118 4978 ea
1146 4922 1214 4977 ad
1258 4922 1345 4975 illa
1381 4922 1736 4985 deilncamnr,
1770 4928 1830 4973 et

219 5035 346 5074 cum
380 5017 449 5072 ad
478 5032 671 5088 magna
696 5018 1120 5084 pervenerimus,
1142 5015 1415 5071 discamus
1438 5032 1501 5069 ea
1531 5016 1695 5069 fuisse
1717 5029 1829 5067 sua:

223 5108 573 5165 demissionis
593 5108 659 5163 ad
685 5118 898 5179 captum
922 5119 1185 5163 nostrum.
1216 5107 1328 5161 Hoc
1348 5122 1477 5176 ergo
1506 5106 1591 5161 hic
1617 5122 1830 5176 quoque

230 5200 395 5256 facit:
428 5200 618 5256 dicens
661 5200 806 5271 quod
843 5216 904 5256 se
942 5200 1232 5264 obtulerit,
1270 5209 1325 5253 et
1360 5214 1482 5253 cum
1512 5198 1824 5266 pontiﬁcem

227 5310 352 5349 eum
384 5309 508 5349 esse
545 5293 893 5359 ostendisset,
927 5293 1057 5348 dicit
1088 5311 1101 5347 :
1137 5292 1429 5363 Capitulum
1467 5301 1635 5345 autem
1677 5306 1832 5360 super

227 5403 289 5441 ea
313 5403 428 5457 qui:
452 5386 693 5440 dicuntur
722 5400 739 5441 :
763 5383 944 5440 Talem
970 5385 1211 5438 habemus
1236 5384 1549 5454 pontiﬁcem,
1577 5382 1665 5451 qui
1693 5397 1821 5434 con-

226 5477 357 5533 sedit
386 5478 440 5531 in
462 5475 671 5531 dextera
690 5476 825 5532 sedis
847 5474 1212 5548 magnitudinis
1251 5474 1304 5527 in
1326 5474 1491 5527 caelis.
1533 5473 1698 5545 Atqui
1731 5472 1833 5527 hoc

289 5661 368 5733 (α)
378 5658 641 5732 ῌοηιὶιὶθω
658 5660 729 5709 sic
740 5658 909 5755 incipit
923 5652 1311 5728 .Colbzouomodo
1325 5652 1403 5701 hic
1421 5648 1603 5720 dicitur
1616 5647 1836 5720 minister

304 5730 520 5755 nnrncln
546 5729 817 5755 ιηυρηιι-οιηι
883 5719 960 5755 Im-
983 5732 1111 5755 omni
1148 5712 1510 5755 mhnrrmmzlum
1544 5712 1680 5755 Arcu-
1716 5710 1836 5755 Vide

231 5730 278 5777 et
294 5710 520 5774 ‘minister
544 5710 859 5773 sanctorum?
880 5719 960 5769 hic
983 5710 1112 5768 enim
1147 5712 1510 5766 tabernaculum
1544 5711 1680 5777 dicit.
1716 5710 1839 5759 Vide

228 5775 469 5847 quomodo
504 5783 666 5847 erexit
695 5782 881 5833 animos
920 5781 1221 5847 .tudteorum.
1258 5778 1339 5829 Sic
1377 5775 1675 5841 lancissiutis
1704 5787 1839 5822 ama-

232 5842 437 5906 nuensis
458 5847 545 5900 ille
569 5845 721 5904 multa
745 5842 1135 5910 wmprehendit.

1936 4279 2044 4320 non
2074 4262 2457 4335 estpontilicis,
2490 4260 2586 4318 sed
2606 4260 2747 4331 ejus,
2784 4258 2872 4314 cui
2893 4266 3110 4329 oportet
3137 4254 3283 4326 fungi
3316 4270 3542 4310 munere

1936 4354 2253 4414 sacerdotis.
2277 4355 2586 4411 Sanctorum
2612 4352 2858 4405 minister.
2877 4348 2989 4405 Nec
3004 4348 3243 4403 absolute
3273 4346 3538 4409 minister,

1936 4448 2373 4510 sed,Sanctorum
2419 4447 2668 4501 minister.
2699 4443 2768 4499 Et
2795 4442 3111 4498 tabernaculi
3147 4440 3249 4494 veri
3274 4438 3410 4507 quod
3431 4438 3544 4505 [irit

1935 4541 2207 4605 Dominus,
2234 4553 2281 4596 et
2298 4559 2397 4596 non
2414 4541 2583 4595 homo.
2601 4538 2765 4594 Vides
2794 4538 2875 4592 sui
2904 4533 3326 4593 demissionem?
3350 4534 3542 4585 Annon

1939 4636 2102 4705 paulo
2125 4644 2249 4689 ante
2275 4634 2540 4699 distinxit,
2574 4631 2759 4687 dicens
2785 4647 2797 4683 :
2826 4628 3013 4683 Nonne
3040 4642 3213 4679 omnes
3235 4634 3350 4676 sunt
3372 4622 3540 4675 admi-

1948 4724 2231 4778 nistratorii
2253 4725 2466 4792 spiritus
2501 4722 2519 4793 (
2551 4720 2712 4776 Hebr.
2745 4721 2791 4775 1.
2834 4717 2983 4787 11)?
3028 4717 3096 4771 Et
3123 4723 3408 4786 propterea
3438 4726 3545 4765 non

1938 4815 2200 4879 audiunt,
2236 4814 2371 4870 Sede
2414 4831 2447 4868 a
2487 4812 2679 4867 dextris
2722 4811 2867 4865 meis.
2904 4809 3015 4863 Hoc
3051 4818 3231 4861 autem
3261 4804 3338 4859 ait
3364 4847 3378 4867 ,
3402 4802 3547 4872 quod

1938 4909 2160 4961 omnino
2191 4922 2296 4961 non
2328 4908 2398 4961 sit
2425 4906 2669 4960 minister
2695 4903 2785 4974 qui
2814 4900 2987 4957 sedet.
3007 4897 3292 4968 Quomodo
3325 4911 3452 4965 ergo
3467 4894 3550 4947 di-

1941 5010 2061 5054 ctus
2089 5012 2171 5055 est
2193 4999 2281 5055 hic
2302 4999 2546 5053 minister
2558 4994 2896 5052 sanctorum?
2917 4989 3345 5046 'l‘abcrnaculum
3368 4998 3548 5042 autem

1945 5094 2034 5150 hic
2061 5094 2253 5149 caelum
2274 5094 2425 5148 dicit.
2460 5092 2584 5147 ideo
2613 5093 2774 5145 etiam
2803 5096 2861 5141 ut
2884 5086 3132 5142 ostendat
3158 5098 3318 5151 quam
3339 5079 3553 5135 diii'erat

1940 5210 1968 5247 a
1994 5191 2236 5253 Judaico,
2285 5185 2435 5250 dicit,
2471 5182 2620 5249 Quod
2652 5181 2763 5251 fixit
2790 5177 2962 5242 Deus,
2993 5185 3040 5229 et
3066 5191 3169 5229 non
3191 5173 3361 5227 homo.
3412 5169 3548 5223 Vide

1940 5280 2215 5353 quomodo
2252 5275 2429 5333 erexit
2473 5274 2686 5329 animos
2727 5284 2917 5325 eorum
2960 5267 3049 5338 qui
3094 5263 3443 5321 crediderunt
3485 5261 3537 5313 in

1942 5373 2167 5431 Judzeis.
2218 5369 2353 5425 Nam
2397 5365 2654 5436 quoniam
2684 5360 2983 5418 verisimile
3012 5366 3131 5413 erat
3162 5371 3258 5411 eos
3290 5354 3552 5424 imagina-

1945 5478 2030 5522 tos
2057 5480 2177 5520 esse
2208 5475 2307 5517 nos
2350 5473 2457 5514 non
2488 5457 2691 5512 habere
2729 5454 2836 5509 tale
2877 5448 3289 5506 tabernaculum
3324 5464 3337 5500 :
3373 5447 3547 5511 Ecce,

1948 5558 2142 5628 inquit,
2172 5551 2451 5617 sacerdos,
2483 5557 2536 5604 et
2568 5561 2817 5617 magnus,
2849 5554 2904 5599 et
2932 5542 3025 5598 illo
3049 5540 3221 5596 multo
3252 5538 3424 5607 major
3450 5578 3465 5603 ,
3499 5544 3556 5590 ut

1950 5627 2324 5713 admirabilius
2366 5641 2563 5698 obtulit
2616 5636 2968 5695 sacrificium.
3018 5634 3089 5688 At
3134 5628 3397 5699 numquid
3442 5627 3556 5681 hinc

1952 5750 2077 5797 sunt
2112 5736 2372 5809 jactantia
2418 5744 2477 5790 et
2518 5731 2682 5787 animi
2725 5725 3060 5783 oblectatio?
3098 5724 3393 5791 Propterea
3440 5734 3554 5774 rem

1956 5837 2103 5911 prius
2135 5832 2262 5896 facit
2289 5827 2605 5889 credibilem
2633 5841 2697 5884 ex
2720 5818 3075 5896 jurejurando
3098 5863 3113 5887 ,
3151 5814 3350 5875 deinde
3394 5813 3556 5870 etiam
