4060 6410
185 417 287 476 ηπ

178 534 357 609 perit?
378 528 699 586 Ostenderat
734 518 953 595 quidem
980 533 1032 577 et
1077 536 1144 575 cx
1176 514 1457 577 sacerdote
1491 532 1504 566 :
1546 508 1784 564 ostendit

181 605 324 683 imm:
352 638 565 693 quoque
595 618 883 675 dilucidius
926 612 1143 667 disertis
1171 608 1351 664 verbis
1373 648 1387 671 ,
1435 605 1610 675 ipsum
1661 615 1784 655 esse

181 719 435 787 ejectum.
470 708 792 779 Quomodo?
838 708 901 759 In
945 702 1236 757 melioribus
1282 693 1785 768 rcpromissionibus,

182 810 391 865 dicens.
441 805 541 860 Ubi
575 803 739 863 enim,
770 799 1070 866 diequzeso,
1093 803 1175 849 est
1205 793 1345 845 inter
1360 789 1553 845 caelum
1592 800 1645 840 et
1680 795 1790 837 Ier-

182 916 301 955 ram
334 894 656 967 :equalilas?
698 891 776 946 Tu
815 898 993 943 autem
1038 883 1317 939 considera
1362 876 1633 949 quomodo
1679 873 1791 927 illic

186 1006 406 1062 quitque
426 986 577 1048 dicit,
608 982 669 1037 In
690 977 1186 1052 repromissionibus,
1211 988 1277 1027 ne
1308 982 1365 1024 tu
1394 968 1444 1025 id
1467 979 1680 1037 quoque
1703 961 1794 1016 ac-

187 1100 365 1140 enses.
398 1079 612 1135 Etenim
642 1076 770 1138 illic,
807 1070 905 1125 Per
935 1084 1087 1132 quam
1105 1082 1243 1137 spem
1263 1062 1374 1117 Deo
1408 1056 1793 1129 apprOpinqua-

188 1192 329 1240 mus,
352 1170 547 1241 inquit,
582 1165 841 1220 meliorem
870 1159 1054 1226 (Hebr.
1086 1159 1139 1211 7.
1169 1155 1259 1225 19)
1288 1171 1302 1220 ;
1334 1149 1633 1207 ostendens
1659 1143 1801 1216 quod

193 1276 307 1331 illic
330 1282 549 1342 quoque
578 1266 650 1319 sit
674 1276 833 1333 spes;
866 1268 921 1314 et
959 1257 1046 1311 hic
1066 1296 1080 1319 ,
1108 1253 1384 1308 Meliorem
1424 1241 1805 1316 repromissio-

195 1334 730 1428 netn,-subindicans
760 1350 902 1423 quod
931 1348 1039 1403 illic
1060 1357 1274 1415 quoque
1298 1336 1634 1412 promiserit.
1663 1334 1809 1400 Quo-

195 1458 345 1513 niam
375 1462 558 1507 autem
602 1460 817 1517 semper
844 1440 1208 1503 accusabant,
1241 1434 1374 1489 Ecce
1414 1432 1569 1493 enim,
1613 1425 1810 1496 inquit,

204 1550 317 1602 dies
346 1545 568 1607 venient,
600 1515 733 1592 dicit
763 1533 1014 1589 Dominus
1038 1571 1055 1597 ,
1085 1537 1131 1583 et
1158 1522 1520 1582 eousummabo
1550 1533 1703 1587 super
1721 1515 1815 1569 do-

201 1656 347 1695 mum
374 1637 560 1696 Israel,
580 1641 626 1686 et
653 1644 804 1700 super
823 1627 1027 1681 domum
1052 1618 1088 1675 J
1095 1620 1196 1675 uda
1225 1621 1578 1672 testamentum
1607 1622 1813 1670 novum.

204 1731 327 1787 Non
356 1736 511 1783 vetus
541 1699 758 1793 aliquod
801 1722 1181 1773 testamentum
1225 1709 1376 1763 dicit.
1424 1703 1558 1760 Nam
1602 1714 1670 1755 ue
1714 1699 1818 1752 hoc

207 1826 437 1893 possent
489 1791 710 1876 dicere,
761 1818 975 1878 tempus
1017 1815 1233 1874 quoque
1280 1791 1612 1868 praescripsit
1652 1806 1665 1844 :
1711 1801 1819 1843 non

214 1881 361 1971 enim
395 1912 642 1966 absolute
667 1908 829 1971 dicit,
861 1902 1155 1960 Secundum
1188 1901 1543 1952 testamentum
1568 1884 1704 1957 quod
1726 1881 1823 1955 feci

216 2003 453 2076 patribus
484 2016 692 2063 eorum;
722 2013 789 2052 ne
831 1996 883 2051 id
926 1996 1075 2050 dicas
1103 1988 1248 2060 quod
1282 1987 1481 2041 factum
1526 1977 1823 2037 fuit-Abra-

216 2069 404 2158 lnamo,
437 2103 528 2147 aut
555 2090 697 2162 quod
737 2091 933 2143 factum
964 2085 1063 2139 fuit
1106 2083 1250 2144 Noe;
1285 2078 1379 2134 sed
1408 2074 1679 2147 quodnam
1709 2069 1779 2123 sit
1804 2106 1821 2130 .

218 2186 399 2257 inquit
422 2160 708 2239 declarans
741 2200 753 2236 :
798 2179 921 2234 Non
960 2175 1242 2232 secundum
1290 2175 1645 2225 testamentum
1689 2160 1827 2233 quod

220 2282 322 2353 {cci
354 2279 584 2348 patribus
614 2292 787 2329 eorum
813 2314 827 2336 ,
874 2273 961 2341 qui
990 2269 1210 2325 erantin
1235 2266 1390 2319 exitu.
1428 2262 1493 2315 Et
1538 2259 1659 2313 ideo
1696 2256 1826 2313 sub-

217 2348 416 2444 iunxit,
454 2370 521 2423 In
566 2370 647 2423 die
670 2384 770 2434 qua
799 2362 1117 2435 apprehendi
1139 2374 1342 2412 manum
1382 2370 1577 2418 eorum,
1609 2360 1665 2404 ut
1696 2348 1829 2405 edu-

222 2482 388 2520 cerem
416 2464 538 2516 illos
577 2462 639 2515 de
676 2471 813 2513 terra
844 2454 1064 2526 Aigypti
1093 2452 1373 2522 :qnonimn
1419 2447 1515 2515 ipsi
1563 2460 1665 2498 non
1709 2456 1821 2512 per-

222 2566 523 2611 manserunt
551 2555 603 2608 in
626 2559 923 2607 testamento
955 2562 1086 2612 meo,
1119 2555 1165 2598 et
1204 2558 1292 2614 (go
1320 2538 1518 2612 neglexi
1549 2552 1633 2591 eos
1655 2577 1670 2603 ,
1709 2533 1829 2587 dicit

223 2647 501 2701 Dominus.

297 2743 355 2798 '5.
390 2740 553 2795 Vides
574 2736 803 2808 primum
841 2731 980 2787 mala
1016 2746 1045 2785 a
1074 2727 1230 2785 nobis
1252 2722 1531 2794 incipere?
1584 2718 1707 2789 Ipsi,
1742 2715 1829 2770 in-

223 2839 365 2907 quit,
399 2834 631 2904 primum
674 2844 777 2882 non
809 2829 1241 2896 permanserunt.
1268 2819 1413 2888 Ergo
1449 2813 1587 2883 apud
1620 2824 1721 2865 nos
1750 2813 1834 2861 est

226 2926 554 2999 negligentia
582 2939 595 2986 ;
626 2923 765 2975 bona
795 2929 973 2973 autem
1002 2917 1070 2970 ab
1100 2917 1236 2982 ipso,
1265 2908 1550 2971 beneﬁcia,
1584 2904 1828 2972 inquam.

227 3024 328 3078 llic
373 3020 525 3089 ponit
573 3026 844 3083 tamquam
894 3008 1289 3068 defensionem,
1339 3003 1510 3070 ipsam
1542 2994 1834 3051 ostendens

228 3127 473 3177 causam,
502 3117 722 3178 propter
743 3118 902 3173 quam
927 3115 1019 3155 eos
1044 3096 1312 3165 relinquit.
1342 3093 1429 3147 10.
1456 3088 1713 3154 Quoniam
1738 3084 1833 3137 hoc

230 3213 301 3258 est
321 3211 697 3257 testamentum,
728 3194 919 3263 inquit,
959 3189 1093 3259 quod
1135 3188 1405 3256 disponam
1440 3179 1615 3234 domui
1661 3173 1827 3230 Israel

233 3304 346 3365 past
365 3294 473 3345 dies
502 3290 639 3352 illos,
661 3287 781 3340 dicit
814 3283 1065 3336 Dominus
1087 3277 1263 3333 :Dabo
1303 3276 1435 3345 leges
1450 3288 1584 3324 meas
1604 3270 1656 3321 in
1674 3276 1838 3319 mente

231 3403 433 3447 eorum,
462 3394 507 3436 et
525 3384 575 3435 in
594 3380 744 3434 corde
760 3392 933 3431 eorum
956 3374 1173 3427 scribam
1196 3386 1304 3434 eas;
1329 3378 1376 3420 ct
1393 3382 1478 3420 ero
1496 3364 1630 3419 eisin
1654 3360 1834 3422 Deum,

233 3492 280 3533 ct
309 3480 415 3548 ipsi
446 3484 590 3529 erunt
613 3472 738 3526 mihi
759 3472 810 3523 in
840 3468 1108 3537 papulum.
1135 3462 1284 3518 Adeo
1305 3461 1420 3515 ha‘c
1439 3458 1570 3514 dicit
1596 3456 1664 3512 de
1692 3469 1833 3509 novo

234 3547 727 3633 Test:uncnto.quia
746 3562 873 3616 dicit
891 3558 1032 3614 :Non
1050 3556 1323 3610 secundum
1338 3559 1687 3607 testamentum
1704 3547 1841 3618 quod

237 3664 353 3735 feci.
386 3662 644 3727 Quruam
676 3664 855 3707 autem
898 3660 981 3706 cst
1029 3649 1130 3702 alia
1161 3661 1319 3717 quam
1348 3645 1461 3698 haec
1489 3637 1838 3697 differentia?

237 3728 294 3808 Si
326 3752 448 3822 quis
471 3759 649 3803 autem
674 3747 816 3799 dicat
842 3758 944 3795 non
978 3742 1030 3793 iu
1065 3740 1164 3793 hoc
1183 3752 1302 3792 esse
1328 3733 1716 3796 diﬂ‘erentiam,
1746 3728 1841 3784 sed

246 3843 391 3913 quod
415 3842 553 3894 datm
581 3839 687 3891 sint
710 3838 760 3890 in
788 3835 1044 3889 cordibus
1066 3845 1283 3885 eorum:
1315 3842 1421 3880 non
1450 3830 1844 3894 pra-ceptorum

240 3912 482 3989 ostendit
507 3928 887 3989 dill‘erenliam,
906 3924 999 3977 scd
1022 3920 1235 3974 llltttitltll
1257 3917 1440 3971 dandi.
1468 3914 1581 3970 Non
1612 3912 1845 3979 amplius

241 4030 346 4082 en't
367 4071 381 4091 ,
416 4026 608 4093 inquit,
632 4022 1039 4075 Testamentum
1069 4016 1117 4067 iu
1146 4013 1338 4075 literis,
1368 4009 1461 4065 sed
1487 4011 1538 4062 in
1567 4007 1843 4063 cordibus.

245 4121 361 4173 lluc
386 4116 461 4170 ali
483 4113 679 4184 [nando
712 4112 910 4165 factum
941 4106 1191 4161 ostendat
1219 4103 1474 4163 .ludmus;
1509 4099 1601 4155 sed
1626 4113 1733 4153 non
1766 4099 1849 4151 in-

243 4212 430 4267 veniet
460 4226 471 4262 :
502 4221 690 4261 rursus
733 4204 876 4258 enim
912 4201 1105 4253 factum
1144 4197 1233 4250 fuit
1267 4198 1316 4248 in
1345 4195 1517 4250 literis
1558 4201 1677 4262 post
1708 4190 1851 4244 redi.

246 4319 360 4362 tum
386 4320 415 4357 a
444 4300 740 4371 Babylone.
794 4296 905 4365 Ego
936 4301 1112 4346 autem
1144 4288 1372 4371 ostendo
1412 4285 1689 4357 apostolos
1716 4283 1850 4338 nihil

247 4396 528 4465 accvpisse
570 4389 853 4457 scriptum,
902 4384 996 4438 sed
1030 4364 1336 4449 suscepisse
1370 4379 1420 4432 in
1455 4376 1708 4431 cordibus
1754 4390 1852 4443 per

240 4490 506 4560 Spiritum
547 4490 816 4539 sanctum.
845 4477 1212 4545 Quamobrem
1244 4474 1492 4529 Christus
1519 4486 1734 4542 quoque
1770 4460 1855 4524 di-

241 4582 400 4638 cebat
430 4598 443 4632 :
480 4576 582 4631 Ille
598 4591 718 4629 cum
748 4572 959 4637 venerit,
1004 4572 1177 4623 omnia
1206 4567 1345 4619 vobis
1375 4562 1627 4617 revocabit
1656 4562 1709 4615 in
1746 4577 1853 4615 me-

240 4675 485 4735 moriam,
520 4678 565 4724 et
593 4666 795 4721 docebit
820 4661 1092 4735 vos(loau.
1130 4660 1219 4713 l4.
1253 4656 1368 4728 26).
1396 4656 1485 4709 ll.
1540 4651 1608 4706 Et
1636 4668 1738 4705 non
1761 4652 1854 4705 do-

242 4768 372 4822 cebit
421 4762 765 4831 unusquisque
814 4757 1106 4828 proximum
1161 4770 1346 4814 suum,
1414 4760 1459 4804 ct
1505 4748 1857 4816 unusquisque

246 4863 463 4929 fratrem
497 4872 673 4920 suum,
702 4854 874 4907 dicens
899 4867 917 4904 :
967 4848 1227 4918 Cognosce
1254 4844 1528 4897 Dominum
1554 4858 1572 4896 :
1616 4843 1855 4910 quoniam

246 4968 422 5006 omnes
453 4954 611 5002 scient
637 4961 716 4998 me
743 4961 773 4997 a
800 4943 994 4996 minore
1019 4955 1175 5008 usque
1197 4938 1263 4989 ad
1296 4937 1564 5007 majorem.
1597 4932 1684 4987 12.
1723 4932 1858 4998 Quia

250 5043 509 5113 propitius
540 5056 625 5091 cro
656 5038 876 5106 peccatis
900 5046 944 5087 et
974 5032 1327 5103 iniquitatibus
1356 5045 1554 5093 eorum,
1603 5036 1649 5080 et
1682 5041 1859 5094 pecco.

251 5146 423 5188 torum
445 5148 616 5185 eorum
643 5134 748 5197 iam
783 5144 883 5179 non
924 5124 1267 5179 memorabor.
1311 5122 1451 5175 Ecce
1471 5118 1614 5173 aliud
1644 5132 1853 5187 quoque

252 5229 503 5297 signum:
563 5224 604 5277 A
647 5239 822 5291 parra,
873 5219 1069 5288 inquit,
1124 5232 1282 5283 usque
1320 5213 1387 5267 ad
1414 5228 1653 5283 magnum
1683 5227 1857 5263 eorum

255 5336 334 5372 nte
362 5319 540 5376 scient,
570 5325 622 5370 et
652 5331 755 5368 non
780 5313 984 5375 dicent,
1012 5308 1271 5379 Cognosce
1307 5305 1600 5359 Dominum.
1635 5302 1861 5370 Quando

257 5409 457 5465 factum
487 5418 569 5461 est
597 5404 723 5471 hoc,
767 5403 867 5456 nisi
899 5400 1078 5453 nunc?
1128 5398 1261 5452 Nam
1301 5394 1442 5465 quod
1474 5404 1718 5447 nostrum
1744 5392 1862 5461 qui-

258 5504 383 5559 dem
427 5508 534 5566 est,
586 5506 668 5553 est
718 5493 1061 5549 manifestum
1090 5509 1101 5545 :
1128 5489 1271 5559 quod
1298 5497 1477 5542 autem
1507 5494 1591 5540 est
1622 5484 1861 5548 illorum,

257 5584 603 5668 nequaquam
651 5600 734 5646 est
772 5587 1140 5649 manifestum,
1183 5583 1279 5637 sed
1328 5580 1525 5650 angulo
1571 5578 1863 5633 inclusum.

258 5688 513 5758 Alioquin
541 5698 734 5740 novum
766 5690 892 5734 tunc
921 5679 1137 5741 dicitur,
1167 5673 1381 5744 quando
1408 5672 1567 5726 fuerit
1587 5669 1754 5735 aliud,
1805 5678 1864 5725 et

262 5780 623 5840 ostenderitsi
654 5775 777 5847 quid
795 5775 913 5845 plus
934 5771 1268 5839 habetquam
1286 5776 1462 5821 vetus.
1497 5764 1612 5818 lloc
1640 5779 1853 5833 quoque

270 5886 352 5932 est
383 5872 618 5939 Novum,
663 5864 877 5939 quando
917 5863 1034 5931 ejus
1061 5862 1163 5915 alia
1192 5857 1406 5929 quidem
1436 5855 1633 5911 fuerint
1659 5853 1856 5920 ablata,

949 403 1010 460 [Ν
1053 399 1270 458 ΕΡῖΞΤ.
1317 397 1405 451 AD
1446 389 1809 450 illiilli/EOS.
1854 387 2010 445 CAP.
2054 385 2196 447 Vlll.
2240 388 2478 447 lIOMlL.
2519 388 2663 445 XIV.

3412 389 3517 447 114

1915 500 2017 555 alia
2045 513 2176 554 vero
2209 514 2315 552 non
2348 515 2360 550 :
2392 504 2449 549 ut
2482 495 2526 550 si
2548 496 2690 564 quis,
2720 493 2960 564 exempli
2988 506 3171 557 causa,
3205 492 3401 550 domus
3427 510 3519 550 ve-

1915 594 2065 657 teris,
2082 607 2200 663 qum
2219 592 2453 645 minatur
2471 589 2705 652 ruinam,
2725 587 2913 643 relicto
2926 586 3532 652 universo,l‘uudamen-

1913 696 2024 743 tum
2044 688 2406 751 consarcinat,
2425 682 2714 739 confeStim
2729 682 2985 752 dicimus,
3008 681 3142 736 Eam
3164 681 3526 747 fecitnovam,

1911 795 2033 835 Cum
2065 779 2169 833 alia
2196 777 2480 843 exemerit,
2536 775 2641 829 alia
2681 789 2870 829 eorum
2896 773 3018 828 loco
3046 772 3342 829 induxerit.
3391 772 3526 826 Nam

1910 872 2101 926 caelum
2136 885 2353 941 quoque
2378 867 2577 923 dicitur
2600 880 2819 930 norum,
2864 868 3084 935 quando
3117 880 3225 919 non
3266 865 3365 919 fuit
3404 881 3526 919 aui-

1912 965 2050 1033 plius
2078 976 2313 1022 mneum,
2364 958 2461 1014 sed
2505 957 2655 1013 dedit
2701 957 2979 1026 pluviam:
3026 956 3283 1011 similiter
3309 971 3525 1026 quoque

1910 1065 2078 1121 terra,
2099 1052 2316 1125 quando
2342 1066 2449 1106 non
2483 1049 2715 1119 amplius
2745 1048 2840 1102 fuit
2864 1048 3194 1111 inl’mcunda,
3232 1065 3335 1101 non
3355 1064 3524 1119 quan-

1910 1149 1979 1204 do
2010 1148 2112 1202 l'uit
2140 1152 2367 1202 mutata.
2420 1144 2489 1198 Et
2525 1142 2719 1197 donms
2766 1150 2893 1195 tunc
2938 1155 3097 1204 nom,
3152 1140 3367 1210 quando
3419 1142 3521 1195 alia

1906 1242 2123 1314 quidem
2151 1243 2269 1309 ejus
2298 1247 2424 1296 sunt
2470 1237 2670 1303 ablata,
2721 1236 2822 1290 alia
2856 1250 2987 1291 vero
3034 1245 3275 1289 manent.
3321 1236 3525 1302 Quam-

1907 1334 2093 1389 obrem
2120 1332 2599 1388 etTestamentum
2624 1343 2821 1382 novum
2837 1326 2979 1382 bene
2999 1328 3230 1392 vocavit,
3255 1336 3311 1381 ut
3339 1339 3524 1382 osteno

1905 1426 2061 1481 deret
2090 1422 2233 1496 quod
2262 1421 2393 1477 illud
2422 1421 2832 1475 Testamentum
2875 1417 3076 1473 factum
3122 1418 3192 1471 sit
3221 1427 3516 1483 vetustum,

1909 1532 1975 1573 eo
2006 1514 2152 1587 quod
2184 1513 2393 1568 nullum
2424 1509 2590 1566 faciat
2618 1508 2879 1564 fructum.
2924 1508 2995 1563 Et
3022 1515 3080 1562 ut
3105 1518 3294 1563 exacte
3319 1508 3517 1569 discas,

1921 1612 2037 1679 lege
2066 1609 2193 1679 quid
2218 1609 2364 1662 dicat
2397 1608 2647 1675 Aggarus,
2679 1603 2805 1673 quid
2834 1601 3146 1664 Zacharias,
3179 1599 3308 1670 quid
3350 1613 3522 1667 ange-

1921 1700 2027 1765 lus,
2060 1700 2187 1771 quid
2223 1699 2422 1754 Esdras
2455 1699 2687 1751 incuset.
2717 1693 3004 1764 Quomodo
3027 1693 3188 1762 igitur
3210 1708 3333 1745 eum
3364 1705 3530 1745 exce—

1921 1792 2042 1864 pit?
2070 1791 2356 1860 Quomodo
2384 1798 2565 1844 autem
2601 1788 2777 1842 nullus
2800 1795 2959 1857 rogat
2983 1785 3289 1849 Dominum,
3314 1783 3536 1854 quamlo

1921 1900 1976 1946 et
2011 1890 2114 1960 ipsi
2140 1897 2267 1944 sunt
2298 1886 2644 1957 transgressi,
2702 1894 2758 1940 et
2788 1899 2854 1938 ne
2896 1883 2999 1952 ipsi
3031 1881 3249 1951 quidem
3292 1875 3538 1934 norunt?

1931 1985 2093 2039 Vides
2120 1979 2395 2052 quomodo
2424 1990 2572 2034 tuum
2613 1980 2683 2034 sit
2715 1977 3011 2031 violatum?
3043 1975 3158 2045 Ego
3185 1982 3364 2027 autetu
3392 1987 3535 2041 pouo

1927 2092 2133 2141 meum,
2157 2089 2353 2146 nempe
2374 2074 2514 2144 quod
2541 2073 2643 2127 hoc
2668 2072 2890 2143 proprie
2914 2070 3123 2123 dicatur
3146 2082 3363 2120 novum.
3392 2066 3541 2120 Alio-

1928 2171 2055 2241 quin
2084 2176 2266 2223 autem
2302 2182 2369 2220 ne
2398 2165 2528 2220 illud
2556 2163 2774 2234 quidem
2821 2159 3062 2216 concedo
3083 2158 3151 2213 de
3182 2157 3283 2211 hoc
3309 2171 3429 2211 esse
3450 2155 3541 2209 di—

1928 2272 2076 2317 ctum
2100 2302 2115 2327 ,
2177 2258 2289 2313 Erit
2319 2274 2503 2312 novum
2562 2255 2743 2309 uelum
2792 2252 2946 2310 (Isai.
2972 2252 3063 2308 65.
3094 2249 3207 2319 17).
3250 2248 3361 2303 Cur
3392 2246 3537 2299 enim

1929 2355 2119 2410 dicens
2159 2352 2209 2405 in
2246 2348 2686 2413 Deuterouomio,
2750 2343 2864 2398 Erit
2897 2346 3078 2398 ca'lum
3111 2358 3303 2397 (vi-eum
3349 2339 3534 2407 (Deut.

1930 2446 2023 2500 28.
2053 2443 2173 2510 25),
2208 2457 2315 2497 non
2348 2441 2449 2495 huc
2479 2440 2657 2509 posuit
2700 2439 2751 2491 iu
2781 2435 3167 2490 distiuc.io'ie:
3231 2433 3325 2488 Siu
3358 2440 3541 2485 autem

1933 2537 2239 2603 audieritis,
2266 2534 2370 2591 crit
2394 2534 2633 2589 novum?
2657 2530 2818 2600 Atqui
2846 2542 3130 2601 propterea
3155 2529 3286 2581 dicit
3313 2542 3372 2581 se
3396 2524 3542 2579 aliud

1934 2630 2188 2685 daturum
2237 2627 2668 2691 Testamentum,
2696 2621 2950 2693 quoniam
2989 2637 3094 2673 non
3126 2626 3545 2690 permanserunt

1935 2723 1988 2780 iu
2014 2724 2199 2793 priori.
2232 2721 2347 2775 lloe
2376 2734 2476 2789 ego
2501 2717 2734 2773 ostendo
2767 2732 2861 2785 per
2891 2731 2953 2769 ea
2996 2731 3118 2785 qua:
3166 2713 3336 2767 dicit:
3392 2710 3541 2764 Nam

1936 2818 2075 2889 quod
2120 2814 2433 2885 impossibile
2476 2821 2585 2866 erat
2631 2811 2777 2881 legis,
2821 2811 2874 2862 iu
2922 2824 3022 2877 quo
3062 2805 3424 2873 inﬁrntabutur
3456 2820 3545 2872 per

1936 2925 2142 2964 carnem
2161 2925 2181 2974 ;
2210 2916 2263 2962 et
2289 2920 2497 2969 rursus,
2532 2903 2672 2969 Quid
2721 2904 2928 2957 teutatis
2962 2899 3128 2954 Deum
3162 2901 3425 2968 imponere
3446 2899 3543 2968 ju-

1936 3018 2057 3073 gum
2083 3017 2241 3069 super
2257 2999 2448 3052 collum
2470 2995 2862 3065 discipulorum,
2899 2992 3037 3063 quod
3067 3008 3228 3061 neque
3255 3002 3427 3059 patres
3451 3006 3549 3043 no-

1938 3096 2052 3155 slri,
2100 3107 2261 3158 neque
2299 3108 2390 3143 nos
2419 3090 2678 3160 potuimus
2706 3091 2841 3159 ferre
2872 3088 2888 3154 (
2926 3085 3078 3138 Rom.
3112 3085 3166 3139 8.
3201 3085 3235 3138 '5
3270 3085 3422 3150 ;Act.
3455 3084 3545 3137 15.

1938 3188 2097 3259 ‘10)?
2149 3187 2403 3252 Quoniam
2445 3182 2547 3254 ipsi
2578 3199 2679 3235 non
2722 3187 3133 3250 permanserunt,
3191 3177 3388 3245 inquit.
3449 3175 3549 3229 llic

1937 3279 2174 3335 ostendit
2200 3276 2341 3346 quod
2388 3288 2487 3328 nos
2527 3273 2777 3343 dignatur
2804 3266 3099 3339 majoribus
3148 3274 3203 3322 et
3234 3266 3402 3336 magis
3438 3263 3550 3335 api-

1941 3372 2248 3426 ritualibus.
2301 3368 2367 3422 In
2389 3383 2593 3421 omnem
2620 3365 2788 3429 enim,
2840 3364 3035 3433 inquit,
3066 3372 3255 3415 terram
3288 3360 3440 3413 exivit
3464 3376 3553 3412 so-

1938 3481 2035 3517 nus
2074 3478 2269 3522 eorum,
2324 3470 2371 3514 et
2416 3461 2468 3512 in
2492 3459 2621 3527 lines
2648 3456 2781 3510 orbis
2812 3467 2963 3509 terra:
2997 3463 3141 3509 rer-tm
3172 3473 3344 3507 eorum
3372 3452 3549 3523 (l’sal.

1942 3556 2031 3611 18.
2064 3556 2141 3625 5).
2192 3555 2303 3608 lloc
2329 3561 2434 3615 est,
2480 3550 2602 3605 Non
2630 3530 2761 3602 dicet
2790 3552 3135 3619 unusquisque
3158 3552 3393 3621 proximo
3415 3566 3507 3603 suo
3537 3560 3557 3600 :

1941 3645 2202 3716 Cognosce
2234 3643 2528 3695 Dominum.
2565 3642 2631 3695 Et
2662 3655 2848 3695 rursus
2880 3659 2892 3693 :
2944 3641 3260 3711 Intplcbitur
3297 3652 3435 3697 terra
3466 3660 3557 3695 co-

1942 3738 2171 3808 guitioue
2202 3733 2432 3796 Domini,
2465 3734 2593 3786 sicut
2622 3748 2755 3799 aqua
2792 3732 2951 3786 multa
2975 3736 3176 3801 aperuit
3208 3753 3351 3789 mare
3391 3735 3410 3809 (
3444 3735 3559 3789 Ha-

1945 3830 2057 3882 bac.
2090 3827 2142 3881 2.
2175 3826 2285 3896 id).
2323 3826 2409 3880 l5.
2444 3823 2675 3878 Dicenda
2701 3834 2895 3889 autem,
2930 3827 3125 3895 inquit,
3161 3844 3374 3895 novum,
3410 3844 3548 3883 veto-

1942 3920 2075 3975 ravit
2106 3920 2272 3989 prius.
2304 3917 2457 3986 Quod
2484 3927 2655 3971 autem
2683 3918 2983 3987 antiquatur
3026 3930 3071 3973 et
3114 3922 3352 3987 senescit,
3398 3940 3561 3995 prope

1942 4012 2327 4065 iuteritumest.
2380 4009 2513 4063 Vide
2545 4010 2818 4078 quomodo
2862 4012 3005 4080 quod
3058 4023 3178 4066 erat
3226 4016 3558 4071 occultatum

1944 4104 2177 4172 aperuit,
2208 4103 2377 4171 ipsam
2410 4101 2988 4173 mentempmphetrc.
3027 4103 3324 4159 llouoravit
3355 4106 3554 4176 legem,

1944 4203 2001 4249 ct
2028 4194 2197 4246 noluit
2227 4208 2346 4247 eam
2386 4192 2573 4247 dicere
2614 4193 2933 4247 nominatim
2969 4204 3204 4249 veterem
3236 4212 3249 4259 ;
3284 4212 3563 4252 verumta-

1947 4301 2072 4340 men
2105 4284 2207 4339 huc
2232 4284 2367 4338 dixit
2395 4303 2410 4339 :
2463 4300 2586 4339 nam
2619 4287 2666 4339 si
2692 4284 2820 4340 illud
2852 4296 2999 4339 esset
3029 4302 3253 4351 norum,
3316 4305 3423 4342 nou
3458 4291 3561 4344 hoc

1944 4395 2157 4449 quoque
2198 4391 2385 4449 postea
2438 4381 2771 4451 appellasset
2813 4400 3035 4439 novum.
3085 4385 3455 4451 Quamobrem
3498 4398 3554 4442 et

1947 4471 2148 4541 aliquid
2180 4473 2315 4526 dans
2364 4475 2595 4544 amplius
2640 4484 2695 4531 et
2739 4476 3005 4543 alterum,
3037 4477 3244 4547 inquit,
3285 4476 3556 4533 Veteravt't.

1951 4563 2093 4634 Ergo
2139 4564 2457 4620 dissolvitur
2488 4577 2539 4622 et
2586 4568 2772 4621 interit
2802 4578 2856 4623 ct
2881 4584 2988 4623 non
3022 4579 3108 4624 est
3145 4570 3396 4639 amplius.
3455 4574 3560 4625 Ac.

1948 4665 2102 4725 cepta
2130 4669 2156 4707 a
2184 4658 2445 4726 propheta
2478 4656 2694 4726 llducia,
2726 4660 2897 4730 magis
2922 4661 2973 4715 id
2998 4662 3299 4717 insectatur
3326 4662 3557 4726 utiliter,

1949 4746 2243 4801 ostendens
2268 4749 2412 4819 quod
2443 4760 2626 4803 nostra
2657 4766 2799 4805 nunc
2824 4751 3048 4806 ﬂoreant
3072 4769 3086 4819 ;
3123 4754 3225 4808 hoc
3240 4764 3348 4818 est,
3377 4766 3563 4808 osten-

1951 4836 2028 4889 dit
2059 4853 2178 4892 eSse
2208 4849 2382 4893 Vetus.
2421 4840 2626 4894 Deinde
2657 4853 2883 4911 accepto
2920 4846 3139 4899 nomine
3172 4846 3474 4911 vetustatis,
3508 4855 3563 4899 et

1952 4927 2057 4980 alio
2087 4943 2115 4981 a
2148 4944 2206 4983 se
2235 4930 2439 4995 addito,
2492 4948 2683 5002 neuipe
2712 4934 2870 5000 senii,
2912 4936 3054 5003 quod
3086 4938 3320 4989 restabat
3341 4953 3408 4989 ex
3443 4938 3565 4991 aliis

1953 5025 2181 5088 accepit,
2206 5032 2259 5078 ct
2287 5024 2414 5077 dicit
2441 5044 2453 5079 :
2491 5025 2660 5096 l’r..-pe
2718 5028 2975 5081 interitum
3007 5040 3098 5081 est.
3159 5030 3270 5083 Non
3301 5046 3429 5097 ergo
3463 5047 3562 5083 uo-

1956 5128 2078 5165 rum
2102 5114 2347 5169 absolute
2376 5116 2655 5187 abrogaxit
2697 5128 2848 5171 vetus
2878 5119 3313 5182 Testamentum,
3374 5122 3467 5175 sed
3506 5132 3562 5175 ut

1956 5205 2095 5272 quod
2129 5209 2496 5272 consenuerit,
2543 5220 2595 5261 ut
2644 5211 2787 5277 quod
2832 5212 2875 5265 si
2910 5214 3120 5266 inutile.
3164 5214 3457 5284 Propterea
3487 5217 3567 5266 di-

1958 5298 2133 5363 ccbat,
2166 5298 2755 5367 I’rOpterinﬁrmitatem
2784 5313 2830 5357 et
2874 5306 3241 5373 inutilitatem;
3282 5319 3359 5373 ct,
3413 5308 3566 5362 Nihil

1959 5390 2029 5441 ad
2056 5391 2340 5458 perfectum
2369 5392 2583 5444 adduxit
2627 5394 2747 5457 (ex;
2797 5406 2851 5449 ct
2881 5396 3045 5462 quod,
3082 5396 3142 5447 Si
3167 5398 3389 5463 primum
3414 5402 3566 5466 culpa

1959 5490 2228 5542 vacasset,
2284 5498 2388 5534 non
2436 5492 2768 5552 quaereretur
2795 5483 3013 5537 secundi
3046 5482 3188 5535 locus
3214 5484 3284 5553 (ε.
3321 5486 3373 5537 7.
3408 5502 3454 5537 υ.
3482 5487 3568 5539 l8.

1964 5573 2029 5628 19
2072 5583 2120 5626 ct
2145 5590 2193 5626 c.
2223 5573 2279 5627 8.
2310 5591 2357 5627 υ.
2384 5573 2473 5644 7).
2533 5573 2708 5645 Culpa
2739 5590 2945 5630 vacans
2984 5574 3116 5644 quid
3148 5576 3267 5629 est?
3321 5576 3434 5630 lloc
3462 5588 3567 5642 est,

1961 5668 2120 5731 utile,
2162 5667 2322 5720 forte.
2366 5666 2481 5720 lloc
2511 5666 2667 5731 dicit,
2706 5682 2817 5721 non
2848 5667 2997 5737 quod
3027 5668 3097 5720 sit
3124 5666 3425 5720 obnoxium
3458 5671 3572 5721 cria

1963 5761 2226 5824 minibus,
2250 5759 2346 5813 sed
2373 5759 2520 5830 quod
2544 5776 2654 5814 non
2672 5759 2927 5825 sufficiat,
2947 5760 3143 5813 rudius
3168 5770 3251 5814 est
3272 5760 3568 5829 loquutus:

1966 5865 2028 5909 ut
2058 5854 2104 5909 si
2134 5852 2414 5922 quispiam
2439 5853 2620 5921 dicet,
2677 5853 2851 5923 Culpa
2882 5868 2992 5907 non
3018 5860 3173 5907 vacat
3200 5852 3429 5913 domus;
3466 5852 3572 5908 hoc
