4060 6422
616 417 717 468 Hb

601 537 708 588 est,
753 526 807 577 in
856 539 919 579 ea
976 532 1062 579 est
1106 524 1321 588 vitium,
1354 532 1410 578 et
1443 539 1549 576 non
1583 531 1666 577 est
1706 525 1857 578 firma
1884 532 1939 579 et
1964 522 2176 578 solida:

601 614 775 681 (Iulpa
810 627 917 665 non
946 623 1100 666 vacat
1132 612 1320 675 vestis,
1368 613 1472 666 hoc
1514 622 1617 678 est,
1659 614 1769 683 jam
1803 613 2017 668 diffluit.
2059 614 2179 668 Non

607 720 739 773 ergo
772 704 863 758 hic
891 702 1026 758 dicit
1060 703 1205 773 quod
1232 704 1305 757 sit
1328 704 1531 757 malum
1557 746 1571 771 ,
1628 705 1721 759 sed
1754 705 1899 774 quod
1936 706 1988 761 in
2017 722 2083 762 eo
2111 707 2183 762 sit

604 795 749 868 quod
787 797 1225 867 reprehendatur
1259 797 1613 868 derectusque
1639 808 1694 853 et
1717 793 1971 853 vitium.‘

680 885 731 935 4.
770 883 841 936 lta
868 899 965 936 nos
992 898 1202 952 quoque
1231 885 1351 937 novi
1381 900 1566 938 sumus
1590 926 1607 949 ,
1666 886 1750 939 \'el
1792 886 1964 953 potius
1991 883 2183 938 fuimus

603 974 727 1025 novi
758 989 773 1037 ;
822 988 960 1026 nunc
989 982 1165 1025 autem
1204 975 1651 1027 inveteravimus:
1690 984 1965 1044 propterea
1998 989 2179 1029 sumus

607 1066 1075 1134 propeintcritum.
1108 1065 1233 1131 Sed,
1258 1068 1300 1119 si
1320 1068 1563 1130 velimus,
1585 1066 1686 1120 hoc
1706 1067 2188 1121 seniumamovebi—

602 1170 719 1208 mos
732 1166 784 1209 et
803 1155 1140 1210 abrademus.
1158 1157 1388 1210 Lavarro
1405 1157 1615 1225 quidem
1630 1158 1737 1224 jam
1760 1171 1863 1211 non
1884 1172 2182 1226 possumus,

600 1246 692 1299 sed
728 1262 1007 1316 possumus
1036 1250 1361 1317 pmuitcntia.
1400 1250 1451 1302 Si
1484 1248 1609 1316 quid
1638 1250 1706 1301 sit
1753 1250 1804 1302 in
1836 1249 1987 1302 nobis
2033 1257 2183 1302 vctu-

600 1349 762 1402 stum,
805 1340 1114 1407 abjiciamus
1138 1341 1326 1408 :siqua
1356 1341 1573 1406 ruga,‘si
1602 1354 1701 1409 qua
1731 1341 1953 1403 macula,
1999 1340 2042 1393 si
2086 1356 2185 1408 qua

600 1431 805 1492 sordes,
847 1431 1123 1483 abluamus
1138 1439 1190 1483 et
1220 1431 1418 1497 pulchri
1442 1430 1745 1500 reddamur,
1768 1432 2185 1501 utconcupisCat

602 1522 714 1575 ilex
746 1521 1197 1590 pulchritudinem
1240 1532 1502 1575 nostram.
1556 1523 1727 1588 Licet,
1759 1524 1967 1578 etiamsi
2000 1527 2049 1576 in
2081 1539 2182 1576 ex-

598 1638 821 1686 tremam
872 1634 1229 1691 deeiderimus
1279 1636 1673 1691 deformitatem
1703 1678 1716 1691 .
1795 1651 1980 1689 rursus
2026 1634 2172 1687 illam

599 1722 876 1789 acquirere
909 1725 1378 1791 pulchritudinem,
1409 1726 1475 1779 de
1498 1742 1595 1793 qua
1619 1726 1749 1779 dicit
1778 1724 1941 1777 David
1970 1742 1981 1776 :
2015 1723 2173 1787 Audi,

599 1812 728 1878 ﬁlia,
755 1822 800 1865 et
826 1815 957 1879 vide,
992 1826 1034 1868 et
1061 1816 1254 1869 inclina
1280 1834 1453 1870 aurem
1481 1828 1638 1881 tuam,
1682 1827 1726 1870 et
1766 1817 2054 1869 obliviscere
2081 1830 2174 1881 po-

599 1905 708 1972 puli
736 1906 828 1969 tui,
862 1917 907 1958 et
938 1907 1113 1961 domus
1148 1910 1306 1976 patris
1333 1912 1427 1975 tui,
1470 1920 1517 1963 et
1542 1912 1855 1979 concupiscet
1880 1909 1992 1962 Rex
2023 1908 2175 1959 deco-

598 2011 703 2047 rem
730 2007 865 2049 tuum
892 1997 1061 2063 (Psal.
1086 2000 1172 2054 44.
1213 2002 1298 2053 ll.
1330 2001 1441 2071 l2).
1496 2001 1655 2070 Atqui
1688 2001 1884 2054 oblivio
1919 2016 2022 2052 non
2052 1998 2178 2053 facit

597 2086 864 2149 decorem;
889 2089 1157 2155 deem-em,
1183 2090 1418 2159 inquam,
1440 2091 1650 2145 animm.
1667 2091 1918 2158 Quaenam
1937 2101 2018 2144 est
2048 2106 2175 2158 ergo

597 2176 832 2228 oblivio?
857 2176 1065 2233 Oblivio
1086 2192 1447 2247 peceatorum.
1482 2183 1787 2251 Alloquitur
1810 2183 1952 2235 enim
1982 2180 2173 2235 Eccle-

598 2268 952 2335 siamqumcst
979 2286 1040 2325 ex
1072 2273 1336 2339 gentibus,
1358 2274 1405 2329 ei
1435 2274 1665 2329 suadens
1688 2284 1741 2327 ut
1761 2285 2037 2343 parentmn
2070 2288 2174 2326 non

599 2358 922 2422 tneminerit,
981 2376 1175 2428 nempe
1220 2342 1523 2432 eorumrqui
1561 2362 1943 2416 sacrificabant
1972 2362 2126 2415 idolis
2159 2379 2173 2415 :

598 2448 747 2500 exiis
774 2448 914 2501 enim
949 2449 1043 2503 fuit
1082 2452 1327 2506 collecta.
1384 2453 1451 2506 Et
1482 2469 1588 2506 non
1620 2454 1770 2515 dixit,
1818 2453 1892 2507 Ne
1930 2452 2175 2516 accedas,

597 2538 690 2589 sed
720 2540 857 2606 quod
889 2549 970 2593 est
997 2542 1249 2609 amplius,
1291 2544 1369 2597 Ne
1409 2558 1593 2597 eorum
1635 2545 1849 2612 quidem
1896 2545 2072 2598 veniat
2124 2545 2173 2596 in

598 2638 854 2683 mentem.
886 2630 1039 2696 Quod
1066 2633 1226 2687 etiam
1250 2633 1379 2687 dicit
1413 2635 1533 2687 alibi
1559 2652 1571 2687 :
1608 2633 1732 2687 Non
1758 2636 2059 2687 recordabar
2080 2652 2170 2687 no-

597 2719 789 2771 minum
808 2737 977 2774 eorum
1003 2740 1092 2789 per
1121 2725 1255 2777 labia
1277 2742 1425 2789 mea;
1456 2739 1508 2779 et
1539 2742 1744 2790 rursus,
1774 2727 1839 2782 Ut
1866 2746 1966 2781 non
1995 2731 2173 2796 loqua-

598 2820 678 2861 tur
705 2826 760 2861 os
800 2828 963 2864 meum
1004 2830 1158 2881 opera
1189 2815 1446 2868 hominum
1476 2816 1644 2887 (Psal.
1682 2818 1767 2871 15.
1809 2819 1860 2870 4.
1886 2829 1932 2870 et
1964 2820 2049 2872 16.
2087 2819 2169 2887 4).

595 2899 838 2954 Nondum
870 2903 969 2957 hoc
999 2914 1079 2957 est
1120 2920 1307 2975 magna
1337 2907 1539 2970 virtus;
1588 2908 1698 2961 imo
1737 2919 1817 2961 est
1848 2925 2031 2977 magna
2060 2910 2177 2977 qui-

595 2990 737 3057 dem,
779 2994 870 3047 sed
897 3010 1001 3048 non
1025 2996 1166 3049 talis.
1198 2997 1310 3050 Illic
1334 3000 1475 3051 enim
1498 3001 1622 3069 quid
1656 3000 1831 3053 divit?
1880 3002 1991 3054 Non
2013 3002 2169 3068 dixit,

594 3081 707 3135 Non
739 3084 971 3153 loquaris
992 3103 1109 3153 qua:
1140 3098 1265 3141 sunt
1289 3098 1518 3156 patrum,
1569 3091 1684 3153 sed,
1728 3091 1837 3145 Nec
1863 3108 2048 3146 eorum
2085 3108 2173 3147 re-

594 3173 853 3237 corderis,
897 3192 996 3230 nec
1026 3178 1117 3231 tibi
1148 3179 1199 3232 in
1230 3190 1462 3234 mentem
1492 3183 1728 3235 veniant.
1791 3183 1952 3237 Vides
1973 3193 2175 3253 quanto

594 3262 877 3317 intervallo
905 3266 1016 3319 vult
1043 3281 1139 3322 nos
1162 3268 1350 3323 abesse
1383 3285 1412 3322 a
1444 3272 1614 3324 vitio?
1653 3272 1782 3325 Nam
1809 3274 1896 3342 qui
1926 3288 2029 3327 non
2064 3288 2177 3326 me-

594 3354 768 3416 minit,
809 3370 907 3409 nec
935 3358 1226 3425 cogitabit;
1258 3361 1345 3428 qui
1379 3375 1482 3413 non
1515 3362 1731 3430 cogitat,
1783 3378 1879 3417 nec
1902 3364 2172 3433 loquitur;

592 3443 681 3510 qui
711 3452 885 3497 autem
910 3460 1013 3498 non
1037 3446 1292 3516 loquitur,
1323 3465 1421 3502 nec
1439 3460 1581 3518 aget.
1620 3451 1779 3506 Vides
1804 3455 2016 3521 quantis
2047 3468 2174 3521 spa-

595 3536 682 3589 tiis
706 3537 800 3589 via:
824 3552 918 3590 nos
946 3541 1134 3601 arcuit,
1160 3551 1213 3594 et
1234 3543 1445 3609 quantis
1474 3544 1773 3597 intervallis
1797 3560 1897 3598 nos
1917 3547 2174 3599 removit?

596 3625 737 3694 Ergo
764 3642 862 3680 nos
882 3644 1097 3699 quoque
1127 3631 1425 3697 audiamus,
1477 3642 1532 3686 et
1560 3634 1821 3687 malorum
1866 3646 2171 3691 nostrorum

593 3715 989 3783 obliviscamur,
1043 3734 1145 3772 non
1182 3733 1541 3787 peccatorum,
1578 3723 1812 3791 inquam,
1854 3740 1973 3793 qua)
1998 3727 2175 3781 admi-

593 3807 759 3859 simus
790 3826 803 3859 :
835 3808 1096 3860 Memento
1127 3812 1291 3871 enim.
1338 3812 1530 3880 inquit,
1577 3822 1632 3867 tu
1662 3816 1830 3883 prior,
1864 3827 1916 3870 et
1938 3833 2037 3887 ego
2065 3834 2169 3873 non

593 3898 907 3953 meminero.
941 3897 1007 3953 Ut
1034 3901 1264 3968 exempli
1292 3916 1485 3955 cauSa:
1527 3918 1635 3957 non
1664 3906 1891 3975 amplius
1925 3909 2173 3965 recorde-

592 4002 712 4039 mur
757 3989 975 4057 rapiam,
1029 3989 1122 4043 sed
1153 3992 1311 4045 etiam
1358 3993 1536 4061 priora
1591 3994 1900 4051 reddamus.
1946 3998 2058 4053 lloc
2088 4008 2170 4053 est

586 4100 829 4157 oblivisci
858 4102 994 4167 vitii,
1023 4111 1077 4156 et
1105 4117 1354 4171 rapacem
1383 4102 1651 4172 expellere
1679 4103 2081 4173 cogitationem,
2107 4114 2162 4161 et

585 4192 754 4259 ipsam
782 4210 1067 4262 numquam
1096 4194 1397 4259 admittere,
1432 4196 1526 4249 scd
1561 4205 1613 4249 et
1644 4211 1763 4263 qua:
1789 4212 1817 4247 a
1850 4195 2002 4249 nobis
2030 4211 2157 4264 pec-

584 4292 700 4336 cata
726 4293 850 4337 sunt
879 4283 1078 4337 delere.
1128 4283 1408 4338 Undenam
1434 4294 1611 4339 autem
1642 4286 1795 4338 nobis
1822 4286 2025 4339 orietur
2054 4302 2168 4343 ma-

585 4374 755 4427 lorum
786 4376 1025 4429 oblivio?
1056 4376 1135 4429 Ex
1163 4376 1531 4431 recordatione
1557 4379 1816 4431 honorum
1854 4380 1941 4431 Dei
1968 4379 2040 4432 :si
2074 4380 2167 4434 Dei

582 4472 841 4531 perpetuo
882 4466 1308 4529 meminerimus,
1358 4481 1463 4519 non
1498 4469 1790 4534 poterimus
1836 4471 1993 4521 etiam
2043 4470 2164 4523 illo-

582 4570 699 4607 rum
736 4555 1061 4609 meminisse.
1097 4556 1157 4609 Si
1183 4574 1372 4609 memor
1402 4558 1479 4625 fui
1512 4561 1602 4621 tui,
1630 4560 1819 4629 inquit,
1856 4578 2007 4629 super
2028 4571 2164 4614 stra-

584 4658 689 4698 tum
714 4662 896 4711 meum,
921 4649 964 4699 si
985 4649 1037 4700 iu
1056 4650 1317 4702 matutinis
1339 4650 1618 4703 meditabar
1638 4653 1690 4704 in
1714 4662 1759 4704 te
1779 4652 1946 4721 (Psal.
1964 4652 2053 4709 69.
2084 4655 2164 4723 7).

584 4742 756 4807 Atque
779 4754 990 4807 semper
1005 4738 1242 4808 quidem.
1266 4743 1501 4795 maxime
1522 4753 1696 4797 autem
1727 4745 1819 4798 Dei
1850 4753 1976 4799 tunc
2005 4761 2163 4816 opor-

586 4836 661 4881 tet
706 4829 1035 4895 meminisse,
1087 4832 1303 4899 qnando
1344 4834 1396 4885 in
1436 4833 1649 4887 silentio
1689 4847 1740 4888 et
1770 4837 1948 4904 quiete
1975 4847 2156 4893 nostra

583 4930 664 4972 est
704 4921 973 4986 cogitatio,
1020 4924 1232 4991 quando
1275 4940 1369 4992 per
1410 4925 1549 4978 illam
1603 4928 1910 4983 memoriam
1958 4944 2016 4983 se
2062 4948 2159 4999 po—

585 5020 687 5064 test
731 5012 1091 5068 condcnmare
1120 5055 1137 5080 ,
1183 5015 1396 5083 quando
1447 5017 1499 5070 in
1540 5021 1793 5073 memoria
1847 5030 2047 5077 tenere.
2107 5024 2159 5077 lu

582 5105 667 5159 dic
684 5108 823 5159 enim
850 5123 955 5177 quo
984 5107 1237 5164 fuerimus
1264 5112 1547 5175 recordati,
1568 5115 1814 5183 ingressae
1832 5118 1947 5171 alim
1968 5120 2158 5174 sollici-

584 5196 793 5249 tudines
823 5206 876 5250 ct
914 5200 1177 5253 tumultus
1235 5216 1353 5255 eam
1412 5204 1719 5271 expellunt:
1776 5217 1932 5262 noctu
1985 5220 2159 5265 autem

584 5295 838 5354 perpetuo
869 5303 1147 5356 possumus
1166 5292 1471 5347 meminisse
1494 5312 1507 5358 ;
1527 5296 1735 5363 quando
1770 5297 1821 5352 in
1848 5303 2144 5370 tranquilli—

653 5449 666 5477 '
700 5447 747 5494 In
776 5446 877 5493 lucc
905 5446 1051 5495 verba
1075 5445 1255 5495 desinit
1278 5446 1468 5494 humilia
1498 5448 1543 5494 in
1568 5438 1723 5495 Colh."

1313 422 1365 479 S.
1401 420 1675 476 JOANNIS
1715 414 2183 475 CHRYSOSTOMI
2248 411 2561 466 AllClllEP.
2605 410 3131 467 CONSTANTINOP.

3783 413 3875 464 llfi

2289 522 2394 569 tate
2418 523 2470 567 et
2488 514 2665 583 quiete
2698 512 2854 567 fuerit
2882 515 3077 572 anima,
3096 515 3309 583 quando
3354 514 3404 568 in
3438 524 3594 584 portu
3617 559 3633 576 ,
3664 517 3876 584 quando

2292 602 2345 657 in
2373 605 2664 658 serenitate
2688 619 2702 657 :
2737 604 2862 667 ρυιι·
2887 606 3077 667 dicitis,
3109 606 3297 674 inquit,
3326 607 3378 658 in
3418 607 3662 660 cordibus
3690 609 3882 668 vostris,

2288 697 2341 749 in
2388 696 2633 748 cubilibus
2677 697 2849 749 vestris
2903 699 3303 763 compangimiui
3351 697 3519 766 (Psal.
3545 697 3599 753 4.
3621 699 3702 768 5).
3755 698 3882 752 Nam

2289 795 2564 856 oporteret
2580 786 2794 857 quidem
2819 786 2980 841 etiam
3010 788 3239 842 interdiu
3277 788 3415 843 hanc
3445 790 3651 843 habere
3683 805 3883 842 meum-

2290 881 2455 943 riam;
2485 880 2735 947 quoniam
2762 887 2943 932 autem
2961 892 3177 947 semper
3196 881 3327 933 estis
3350 880 3593 944 solliciti,
3611 891 3671 934 et
3692 881 3886 932 distra-

2294 968 2482 1023 himini
2527 970 2576 1023 in
2624 970 2688 1023 iis
2718 985 2838 1038 qua:
2870 969 2934 1022 ad
2970 969 3105 1023 hanc
3154 970 3317 1023 vitam
3351 971 3644 1040 pertinent,
3698 972 3884 1023 salu-ni

2295 1072 2419 1115 tunc
2449 1061 2542 1115 Dei
2575 1061 2625 1113 in
2653 1061 2812 1115 cubili
2857 1068 3222 1114 mementote:
3256 1060 3307 1114 in
3339 1063 3619 1116 matutinis
3667 1061 3886 1115 mediten

2293 1153 2424 1207 mini
2452 1153 2502 1205 in
2533 1152 2650 1220 ipso
2672 1149 2845 1221 (Paul.
2878 1151 2967 1205 6'2.
2994 1152 3070 1218 7).
3115 1149 3169 1204 Si
3204 1152 3255 1204 in
3288 1148 3565 1207 matutinis
3615 1152 3736 1207 lucc
3769 1169 3883 1207 rne-

2295 1244 2546 1305 ditemnr,
2603 1256 2725 1295 cum
2778 1242 2939 1294 multa
2969 1242 3259 1297 securitate
3292 1244 3652 1312 proccdemus
3685 1244 3753 1297 ad
3787 1260 3881 1298 ne-

2293 1336 2475 1403 gotia:
2525 1334 2566 1387 si
2600 1333 2994 1403 supplicatione
3041 1334 3270 1401 primum
3300 1334 3458 1388 nobis
3494 1335 3665 1389 Deum
3701 1335 3885 1390 feceri—

2295 1442 2413 1479 mus
2457 1426 2767 1494 pr0pitinm,
2822 1425 2891 1479 ita
2931 1424 3284 1494 procedentes
3328 1427 3533 1480 nullum
3566 1427 3887 1482 habebimus

2294 1516 2608 1579 inimicum;
2661 1516 2743 1569 sin
2787 1523 2966 1569 autem
3014 1515 3237 1581 habeas,
3289 1517 3563 1583 irridebis,
3599 1518 3884 1572 Denmlta-

2293 1608 2423 1660 lmns
2450 1608 2759 1676 propitium.
2819 1606 3023 1661 Bellum
3053 1617 3137 1661 est
3166 1607 3216 1661 in
3250 1606 3387 1670 foro,
3441 1623 3615 1678 pugna
3644 1619 3776 1662 sunt
3799 1624 3885 1663 res

2293 1694 2518 1760 diurntc,
2571 1706 2693 1750 sunt
2734 1696 2961 1762 ﬂuctus,
3015 1707 3140 1753 sunt
3187 1705 3495 1767 tempestas.
3538 1696 3711 1751 Nobis
3758 1709 3886 1764 ergo

2297 1800 2432 1853 Opus
2478 1796 2561 1841 est
2599 1788 2802 1844 armis:
2834 1804 3026 1859 magna
3065 1799 3246 1843 autem
3284 1802 3433 1841 arma
3475 1797 3605 1842 sunt
3647 1801 3881 1858 preces:

2294 1892 2428 1942 opus
2460 1888 2543 1931 est
2573 1880 2824 1933 secundis
2844 1882 3039 1947 ventis,
3090 1888 3303 1951 oportet
3340 1881 3550 1936 discere
3572 1882 3781 1946 omnia,
3831 1891 3884 1933 ut

2254 2006 2257 2009 ς
2294 1964 2399 2020 dici
2429 1968 2816 2038 longitudinem
2842 1974 3096 2027 conficias
3122 1973 3327 2043 absque
3354 1973 3649 2042 naufragiis
3677 1983 3734 2027 et
3763 1972 3882 2026 rul-

2296 2058 2555 2112 net-ibus:
2589 2062 2742 2115 multi
2791 2064 2934 2117 enim
2975 2073 3101 2118 sunt
3148 2066 3376 2135 singulis
3415 2064 3611 2120 diebus
3639 2064 3878 2133 scopuli,

2291 2147 2581 2214 quinetiam
2628 2166 2772 2221 saepe
2802 2154 2854 2207 in
2902 2171 2994 2209 eos
3026 2155 3269 2226 impingit
3294 2156 3490 2225 scapha
3521 2166 3576 2210 et
3606 2156 3875 2209 obruitur.

2364 2236 2595 2293 Precatio
2626 2244 2874 2297 matutina
2900 2255 2946 2297 et
2975 2256 3241 2299 nocturna.
3259 2276 3331 2288 —
3348 2247 3642 2316 Propterea
3679 2262 3875 2315 preca-

2290 2328 2436 2385 tione
2467 2332 2618 2388 nobis
2649 2350 2784 2404 opus
2824 2348 2924 2402 est,
2960 2340 3192 2393 maxime
3218 2340 3475 2393 matutina
3504 2350 3559 2395 et
3590 2351 3876 2396 nocturna.

2292 2422 2437 2476 Multi
2470 2440 2535 2478 ex
2567 2428 2718 2482 vobis
2755 2444 2895 2499 saepe
2925 2439 3232 2499 spectarunt
3258 2432 3502 2502 Olympia
3522 2473 3537 2495 ,
3574 2448 3677 2487 nec
3703 2433 3876 2487 solum

2290 2525 2622 2579 spectarunt,
2653 2519 2745 2571 sed
2775 2522 2933 2574 etiam
2963 2536 3149 2575 eorum
3171 2523 3259 2591 qui
3284 2524 3632 2579 decertabant
3658 2524 3877 2579 fuerunt

2289 2600 2525 2656 fautores
2552 2615 2604 2658 et
2630 2607 2983 2665 admiratores
3003 2652 3017 2676 ,
3048 2621 3101 2665 et
3125 2613 3260 2667 alter
3285 2614 3499 2682 quidem
3530 2615 3711 2682 hujus,
3743 2615 3879 2670 alter

2288 2706 2416 2744 vero
2453 2695 2613 2749 illius.
2633 2697 2791 2753 Scitis
2812 2715 2940 2771 ergo
2958 2702 3102 2771 quod
3128 2719 3221 2771 per
3241 2705 3593 2759 certaminum
3618 2707 3740 2759 illos
3762 2706 3877 2760 dies

2285 2791 2338 2834 et
2369 2794 2551 2837 noctes
2572 2827 2585 2845 ,
2619 2796 2727 2843 tota
2760 2800 2916 2846 nocte
2961 2806 3139 2861 prmco
3182 2794 3316 2848 nihil
3360 2795 3501 2849 aliud
3533 2796 3769 2866 cogitat,
3810 2798 3876 2851 de

2287 2875 2435 2927 nullo
2455 2877 2559 2931 alio
2577 2888 2658 2933 est
2681 2882 2961 2949 sollicitus,
2981 2900 3138 2953 quam
3165 2901 3230 2939 ne
3251 2901 3500 2956 egressus
3520 2888 3567 2942 is
3590 2889 3679 2957 qui
3703 2898 3875 2943 certat

2284 2977 2342 3017 se
2374 2965 2627 3021 indecore
2647 2981 2817 3038 gerat.
2838 2972 2969 3026 Nam
3000 2974 3074 3027 illi
3104 2976 3194 3043 qui
3219 2977 3477 3039 assident,
3506 2979 3729 3033 tubicini
3753 2994 3875 3032 sua-

2284 3052 2413 3107 dent
2444 3071 2511 3109 ne
2542 3057 2790 3127 loquatur
2818 3062 3031 3131 quidem
3064 3065 3225 3119 alicui
3250 3107 3262 3130 ,
3294 3082 3360 3121 ne
3386 3068 3631 3135 spiritum
3670 3084 3874 3124 consu-

2288 3158 2437 3198 mens
2467 3148 2535 3200 sit
2564 3149 2844 3205 ridiculus.
2867 3151 2923 3208 Si
2952 3155 3109 3222 igitur
3131 3157 3219 3225 qui
3243 3172 3423 3211 coram
3456 3158 3767 3215 hominibus
3793 3170 3874 3215 est

2284 3244 2592 3293 certaturus
2616 3281 2629 3303 ,
2662 3250 2864 3296 tantam
2891 3258 3072 3298 curam
3102 3249 3238 3315 gerit
3274 3266 3286 3301 :
3322 3250 3490 3303 multo
3518 3254 3689 3320 magis
3716 3253 3873 3306 nobis

2281 3329 2563 3383 conveniet
2589 3332 2805 3387 assidue
2834 3349 2953 3389 esse
2980 3337 3243 3392 sollicitos
3279 3348 3333 3393 et
3362 3342 3600 3409 cogitare
3628 3384 3641 3405 ,
3671 3345 3871 3412 quibus

2285 3426 2389 3472 tota
2419 3420 2523 3474 vita
2553 3432 2635 3476 est
2668 3434 2962 3480 certamen.
2997 3429 3128 3483 Tota
3171 3446 3300 3500 ergo
3330 3447 3434 3486 nox
3460 3434 3529 3487 sit
3557 3436 3714 3489 nobis
3744 3452 3871 3505 per-

2280 3509 2551 3573 \‘igilium,
2595 3521 2650 3566 et
2688 3516 2903 3571 solliciti
2943 3519 3111 3572 simus
3154 3536 3220 3574 ne
3247 3537 3278 3575 e
3308 3522 3395 3578 die
3424 3526 3626 3593 egressi
3648 3567 3662 3586 ,
3696 3528 3870 3581 simus

2276 3595 2502 3649 ridiculi.
2534 3597 2597 3651 Et
2621 3600 2821 3653 utinam
2847 3610 3049 3656 tantum
3073 3605 3281 3661 ridiculi
3305 3626 3318 3662 :
3344 3626 3484 3665 nunc
3504 3622 3683 3669 autem
3712 3619 3869 3673 sedet

2271 3686 2336 3739 ad
2366 3688 2638 3743 dexteram
2667 3692 2837 3747 Patris
2866 3696 3208 3765 agonotheta,
3232 3699 3518 3771 diligenter
3544 3706 3774 3765 audiens
3802 3726 3867 3764 ne

2271 3778 2396 3843 quid
2430 3778 2711 3847 loquamur
2737 3785 2879 3853 quod
2910 3786 3171 3854 dissonet,
3198 3801 3253 3846 et
3280 3808 3349 3848 ne
3373 3795 3499 3864 quid
3526 3799 3667 3865 quod
3698 3802 3862 3855 modo

2270 3885 2374 3923 non
2401 3875 2687 3929 conveniat
2708 3894 2722 3930 :
2744 3892 2846 3929 non
2871 3887 2954 3932 est
2978 3882 3119 3935 enim
3142 3882 3316 3936 solum
3338 3884 3503 3952 judcx
3534 3904 3737 3956 rerum,
3756 3894 3860 3947 ‘scd

2269 3962 2427 4015 etiam
2459 3963 2762 4017 verborum.
2794 3967 2982 4022 Totam
3016 3982 3229 4026 noctem
3264 3977 3648 4046 pervigilcmus
3671 4022 3687 4041 ,
3719 3998 3753 4035 ο
3779 3984 3861 4036 di-

2268 4051 2388 4106 lecti
2417 4054 2709 4109 :liabemus
2734 4072 2831 4111 nos
2852 4075 3064 4129 quoque
3089 4062 3342 4127 fautores,
3375 4066 3417 4118 si
3446 4070 3707 4123 velimus:
3736 4074 3860 4127 uni-

2268 4147 2457 4213 eniqne
2482 4157 2720 4202 nostrum
2743 4151 2943 4205 assidet
2966 4156 3188 4223 angelus
3208 4174 3221 4210 :
3239 4173 3335 4211 nos
3356 4168 3535 4213 autem
3563 4171 3669 4215 tota
3699 4176 3862 4220 nocte

2264 4238 2553 4289 stertimus.
2588 4238 2652 4291 Et
2677 4241 2875 4295 utinam
2902 4243 3003 4296 hoc
3027 4254 3226 4298 tantum
3258 4264 3271 4299 :
3303 4249 3449 4301 multi
3478 4259 3661 4305 autem
3691 4256 3856 4309 etiam

2264 4328 2426 4380 multa
2459 4328 2657 4382 faciunt
2683 4331 2944 4400 ﬂagitiosa
2972 4376 2986 4398 ,
3018 4334 3104 4388 alii
3150 4338 3363 4405 quidem
3407 4350 3596 4395 euntes
3632 4344 3698 4398 ad
3729 4346 3848 4416 ipsa

2265 4418 2572 4484 prostibula,
2601 4421 2688 4473 alii
2718 4432 2893 4476 autem
2922 4439 3043 4479 suas
3073 4427 3216 4481 sedes
3244 4431 3540 4496 prostibula
3570 4433 3856 4502 facientes,

2266 4502 2409 4568 quod
2440 4504 2567 4558 illuc
2593 4506 2793 4561 ducant
2831 4513 3167 4568 meretrices.
3197 4515 3422 4569 Multum
3454 4532 3587 4572 sane
3622 4522 3849 4578 solliciti

2264 4603 2392 4646 sunt
2424 4594 2681 4666 (annon?)
2730 4609 2789 4653 ut
2838 4611 2984 4657 recte
3028 4612 3256 4659 certent.
3299 4606 3407 4660 Alii
3457 4618 3585 4663 sunt
3620 4613 3757 4666 ebrii
3793 4624 3852 4669 et

2266 4698 2545 4753 perperam
2580 4688 2899 4757 loquuntur,
2939 4693 3027 4747 alii
3070 4698 3495 4764 tumultuantur,
3540 4702 3632 4755 alii
3673 4712 3850 4758 totam

2264 4786 2476 4830 noctem
2531 4780 2669 4833 male
2716 4784 3064 4853 pervigilant,
3112 4788 3177 4841 iis
3217 4791 3379 4843 etiam
3426 4793 3519 4861 qui
3559 4793 3851 4852 dormiunt

2260 4870 2415 4937 pejus
2462 4872 2617 4927 dolos
2659 4884 2989 4943 nectentes;'
3015 4880 3105 4934 alii
3145 4893 3453 4936 numerant
3479 4900 3706 4952 usuras,
3748 4890 3849 4945 alii

2260 4964 2409 5016 curis
2441 4966 2779 5028 cruciantur,
2806 4977 2861 5023 et
2889 4971 3069 5024 omnia
3099 4974 3273 5043 magis
3298 4973 3504 5031 faciunt
3527 4993 3690 5046 quam
3719 4995 3850 5050 qua;

2260 5056 2594 5109 conveniunt
2645 5059 2949 5113 certamini.
2995 5061 3357 5126 Quamobrem
3402 5080 3537 5135 rogo
3570 5078 3626 5121 ut
3654 5070 3847 5125 missis

2258 5146 2509 5202 omnibus
2544 5164 2711 5203 unum
2757 5152 2933 5206 solum
2966 5162 3299 5222 spectemus,
3328 5165 3385 5209 ut
3428 5159 3710 5227 praemium
3743 5176 3845 5215 ac-

2256 5239 2545 5309 cipiamus,
2591 5258 2791 5299 corona
2833 5247 3009 5301 simus
3058 5249 3324 5315 redimiti;
3374 5253 3556 5304 omnia
3612 5267 3843 5323 agamus

2258 5348 2354 5401 per
2384 5350 2504 5405 quae
2528 5336 2666 5391 bona
2693 5340 2960 5408 promissa
2991 5343 3265 5412 possimus
3298 5344 3516 5414 assequi
3549 5360 3562 5396 :
3589 5362 3709 5414 quae
3742 5362 3844 5401 no-

2258 5425 2341 5483 bis
2370 5428 2622 5485 omnihus
2653 5430 2809 5487 detur
2841 5434 3101 5505 consequi
3128 5435 3301 5506 gratia
3332 5445 3383 5490 ct
3406 5435 3762 5507 benignitate.

2052 5662 2298 5675 ,τ’-ξ,-
