4060 6400
159 412 260 471 IIS

158 528 268 596 οὐχ
292 524 369 585 ὡς
397 518 637 595 πονηρὸν
664 521 842 575 τοίνυν
874 522 1112 575 ἐνταῦθά
1141 538 1328 592 φησιν,
1370 517 1490 572 ἀλλ’
1526 516 1599 580 ὡς
1632 515 1753 586 ἔχον

157 609 216 663 τὸ
243 608 478 676 αἰτίαμα
510 608 605 659 καὶ
632 606 922 676 ἐλάττωμα
957 618 1003 657 η.

228 691 271 744 δ’
288 733 300 745 .
332 690 489 743 Οὕτω
512 689 577 759 δὴ
606 690 701 742 καὶ
730 691 895 758 ἡμεῖς
929 687 1104 740 καινοί
1127 688 1317 752 ἐσμεν,
1341 684 1541 755 μᾶλλον
1560 685 1615 737 δέ
1638 699 1756 735 και-

157 775 238 829 νοὶ
292 775 595 845 ἐγενόμεθα
635 789 649 802 ·
701 771 796 825 νῦν
837 772 895 824 δέ
939 771 1378 840 πεπαλαιώμεθα
1409 786 1423 800 ·
1470 768 1559 822 διὰ
1599 766 1758 820 τοῦτο

158 857 328 924 ἐγγύς
375 859 547 927 ἐσμεν
602 855 922 925 ἀφανισμοῦ
986 857 1081 909 καὶ
1133 854 1435 918 ἀπωλείας.
1495 851 1657 915 Ἀλλ’,
1692 850 1759 904 ἂν

160 940 458 1008 ἐθέλωμεν,
502 939 653 991 ἐστιν
681 939 958 1003 ἀποξῦσαι
990 936 1152 992 τοῦτο
1186 938 1247 991 τὸ
1278 937 1481 1007 γῆρας.
1530 932 1761 1007 Λουτρῶ

163 1023 263 1093 μὲν
294 1022 447 1094 [146]
482 1018 574 1075 οὖν
627 1024 815 1077 οὐκέτι
845 1024 1098 1087 δυνατὸν,
1147 1022 1411 1093 μετανοίᾳ
1440 1022 1498 1074 δὲ
1524 1018 1762 1073 ἐνταῦθα

157 1105 402 1158 δυνατόν.
457 1106 523 1157 Εἴ
556 1123 607 1158 τι
643 1107 876 1160 παλαιὸν
935 1109 993 1160 ἐν
1038 1109 1196 1177 ήμῖν,
1244 1106 1494 1175 ῥίψωμεν
1529 1120 1542 1134 ’
1586 1103 1638 1156 εἷ
1677 1118 1763 1162 τις

162 1188 339 1257 ῥυτὶς,
372 1189 534 1251 εἴτις
564 1190 745 1259 κηλὶς,
782 1190 941 1254 εῖτις
970 1190 1182 1255 σπῖλος,
1216 1186 1637 1258 ἀπονιψώμεθα,
1668 1184 1764 1240 καὶ

161 1268 323 1321 καλοὶ
356 1272 664 1342 γενώμεθα,
699 1273 784 1325 ἵνα
810 1274 1130 1344 ἐπιθυμήσῃ
1160 1276 1188 1326 6
1224 1272 1481 1341 βασιλεὺς
1510 1268 1607 1322 τοῦ
1640 1270 1767 1324 κάλ-

162 1351 293 1415 λους
344 1354 524 1423 ἡμῶν.
567 1356 785 1419 Ἔξεστι
844 1356 1110 1427 καὶπρὸς
1162 1355 1406 1424 ἐσχάτην
1459 1353 1766 1407 δυσείδειαν

161 1439 586 1503 καταπεσόντας
613 1441 1033 1511 ἀνακτήσασθαι
1066 1442 1127 1495 τὸ
1168 1440 1364 1504 κάλλος
1395 1439 1598 1504 ἐκεῖνο,
1639 1438 1769 1509 περὶ

160 1515 223 1574 οὗ
259 1538 428 1591 φησιν
459 1524 487 1575 6
508 1524 674 1577 Δαυΐδ
696 1542 710 1556 υ
744 1527 1063 1589 Ἄκουσον,
1088 1526 1363 1594 θύγατερ,
1392 1527 1489 1578 καί
1530 1524 1641 1591 ἴδε,
1669 1522 1769 1580 καὶ

162 1604 383 1657 κλῖνον
415 1605 484 1658 τὸ
520 1602 627 1672 οὖς
660 1623 797 1671 σου,
835 1610 930 1661 καὶ
963 1608 1261 1663 ἐπιλάθου
1292 1607 1400 1661 τοῦ
1431 1607 1587 1663 λαοῦ
1626 1623 1767 1670 σου.

162 1692 267 1742 καὶ
300 1689 407 1742 τοῦ
448 1689 621 1744 οἴκου
672 1691 780 1745 τοῦ
828 1694 1055 1759 πατρός
1091 1707 1231 1754 σου,
1268 1692 1369 1745 καί
1404 1692 1771 1761 ἐπιθυμήσει

163 1774 198 1824 ὀ
224 1772 535 1838 ,ϐασιλεὺς
593 1775 701 1828 τοῦ
748 1775 1019 1841 κάλλους
1055 1792 1192 1829 σου.
1247 1777 1359 1829 Καὶ
1401 1777 1575 1846 μὴνή
1628 1776 1771 1846 λήθη

164 1856 374 1918 κάλλος
401 1857 460 1908 οὑ
487 1860 652 1921 ποιεῖ,
683 1857 879 1921 κάλλος
911 1858 973 1909 τὸ
1006 1858 1260 1928 ψυχικόν.
1299 1858 1457 1929 Λήθη
1488 1860 1655 1921 ποίας
1706 1860 1772 1912 'Il

163 1938 280 1989 τῶν
321 1940 631 2010 ἁμαρτιῶν.
688 1941 834 2011 Πρὸς
882 1942 992 2011 γάρ
1040 1942 1140 2011 τὴν
1203 1942 1539 2011 Ἐκκλησίαν
1578 1944 1675 2012 τὴν
1712 1942 1772 2008 ἐξ

165 2022 343 2075 ἐθνῶν
374 2024 709 2092 διαλέγεται.
745 2024 1028 2094 παραινῶν
1062 2025 1200 2095 αὐτῇ
1233 2026 1343 2078 τῶν
1384 2026 1660 2097 πατρῴων
1696 2027 1771 2096 μὴ

170 2105 510 2177 μνησθῆναι,
568 2108 840 2171 τουτέστι,
888 2108 1000 2159 τῶν
1047 2107 1292 2171 εἰδώλοις
1332 2109 1573 2163 θυόντων
1602 2128 1617 2143 ο
1663 2110 1774 2163 ἀπὸ

164 2190 283 2259 γάρ
335 2190 447 2242 τῶν
502 2191 765 2244 τοιούτων
826 2192 1116 2261 συνῆκται.
1183 2194 1295 2246 Καὶ
1348 2195 1451 2247 ούκ
1497 2190 1645 2257 εἷπε,
1680 2194 1773 2264 Μὴ

169 2272 445 2343 μετέλθῃς
479 2275 621 2327 αὐτά
651 2291 663 2306 ·
698 2275 836 2339 ἀλλ’,
874 2276 903 2328 6
950 2276 1115 2329 πλέον
1147 2277 1285 2341 ἐστὶ,
1320 2278 1475 2347 Μηδὲ
1524 2280 1605 2341 είς
1648 2278 1774 2331 νοῦν

164 2356 344 2428 λάϐῃς
378 2372 389 2385 ·
430 2356 457 2409 ὃ
491 2359 579 2410 καὶ
612 2357 844 2429 ἀλλαχοῦ
881 2376 1048 2428 φησιν
1074 2374 1089 2390 ⁸
1117 2362 1201 2414 Οὐ
1245 2361 1331 2429 μὴ
1367 2362 1625 2431 μνησθῶ
1656 2362 1777 2416 τῶν

165 2441 487 2509 ὀνομάτων
524 2442 725 2496 αὐτῶν
757 2443 855 2497 διὰ
892 2443 1147 2512 χειλέων
1190 2463 1313 2513 μου
1348 2462 1361 2477 ο
1423 2446 1517 2499 καὶ
1568 2446 1732 2499 πάλιν
1757 2462 1769 2474 ·

166 2523 369 2587 Ὅπως
392 2522 468 2577 ἂν
487 2524 573 2593 μὴ
595 2526 846 2596 λαλήσῃ
879 2527 945 2580 τὸ
970 2530 1169 2595 στόμα
1215 2546 1335 2597 μου
1372 2530 1447 2582 τὰ
1475 2529 1620 2598 ἔργα
1656 2528 1775 2583 τῶν

164 2606 523 2673 ἀνθρώπων.
569 2609 740 2663 υῦπω
773 2611 935 2664 τοῦτο
971 2612 1187 2684 μεγάλη
1217 2615 1386 2685 ἀρετή
1421 2630 1434 2643 ·
1483 2615 1683 2683 μᾶλλον
1718 2615 1776 2668 δὲ

170 2690 391 2760 μεγάλη
430 2691 548 2760 μὲν,
588 2694 704 2746 ἀλλ’
737 2695 798 2748 ού
851 2696 1104 2767 τοιαύτη.
1155 2699 1308 2754 Ἐκεῖ
1336 2696 1447 2769 γάρ
1483 2697 1535 2751 τί
1571 2715 1775 2768 φησιν;

168 2774 290 2825 Οὐκ
319 2769 496 2838 εἶπεν,
548 2777 624 2829 Οὐ
672 2779 749 2847 μὴ
779 2778 1020 2851 λαλήσῃς
1051 2780 1121 2834 τά
1154 2782 1263 2834 τῶν
1302 2782 1578 2852 πατέρων,
1616 2782 1776 2847 ἀλλὰ,

167 2856 330 2925 Μηδὲ
358 2858 715 2931 ἀναμνησθῇς
742 2861 941 2927 αὐτῶν,
966 2865 1101 2933 μηδὲ
1128 2867 1208 2929 εἰς
1231 2865 1357 2919 νοῦν
1386 2865 1580 2937 λάϐῃς.
1612 2865 1781 2935 Ὁρᾷς

170 2940 347 2991 πόσον
381 2941 529 3011 ἡμᾶς
554 2943 839 3015 διάστημα
864 2947 965 3017 τῆς
1001 2948 1203 3010 κακίας
1231 2948 1461 3019 ἀπέχειν
1488 2948 1776 3017 βούλεται;

182 3021 245 3074 '0
280 3024 385 3091 γὰρ
420 3025 493 3095 μὴ
530 3029 906 3098 μεμνημένος,
945 3032 1005 3083 οὐ
1035 3032 1302 3098 λογιεῖται
1332 3048 1345 3061 ·
1381 3034 1410 3085 6
1442 3031 1500 3085 δὲ
1527 3032 1603 3102 μὴ
1633 3032 1781 3101 λογι-

171 3105 427 3175 ζόμενος,
485 3110 605 3163 οὐδὲ
666 3113 1008 3181 φθέγγεται’
1067 3117 1096 3167 6
1146 3116 1202 3167 δὲ
1261 3114 1335 3185 μὴ
1377 3115 1779 3184 φθεγγόμενος,

169 3190 300 3241 οὒδὲ
344 3192 562 3262 πράξει.
608 3194 774 3266 Ὁρᾷς
818 3198 926 3267 πρὸ
980 3197 1165 3250 πόσων
1218 3198 1569 3268 ἀπετείχισεν
1633 3201 1785 3270 ἡμᾶς

170 3272 336 3335 ὁδῶν,
372 3275 479 3345 πρὸ
502 3275 682 3331 πόσων
730 3280 1123 3351 διαστημάτων
1154 3282 1519 3353 ἀπεμάκρυνε
1566 3284 1665 3334 καὶ
1707 3284 1784 3343 Γἐκ

171 3354 273 3407 τοῦ
308 3357 591 3427 πλείονος;
642 3363 997 3435 Ἀκούσωμεν
1043 3364 1226 3418 τοίνυν
1276 3366 1372 3419 καὶ
1431 3368 1636 3437 ἡμεῖςν
1689 3366 1786 3419 καὶ

173 3438 575 3510 ἐπιλαθώμεθα
610 3444 721 3497 τῶν
772 3448 1064 3517 ἡμετέρων
1118 3448 1330 3515 κακῶν,
1362 3449 1425 3502 οὐ
1458 3449 1567 3502 τῶν
1603 3451 1787 3519 ἡμαρ-

174 3524 606 3593 τημένωνήμῖν,
636 3527 826 3597 λέγω·
860 3531 1149 3601 Μνήσθητι
1179 3532 1290 3601 γὰρ
1321 3532 1409 3597 σὺ,
1438 3533 1595 3603 φησὶ,
1630 3532 1786 3605 πρῶ-

175 3623 293 3668 τος,
332 3609 431 3662 καὶ
459 3611 520 3662 οὐ
559 3612 633 3682 μὴ
667 3613 894 3682 μνησθῶ
923 3613 1053 3682 ἐγώ.
1102 3609 1230 3667 Οἷόν
1259 3632 1311 3668 τι
1347 3615 1496 3683 λέγω
1525 3632 1538 3647 ·
1569 3616 1785 3683 Μηκέτι

181 3694 626 3764 μνημονεύωμεν
662 3696 689 3735 δ
733 3698 1018 3767 ἁρπαγῆς,
1071 3698 1210 3753 ἀλλὰ
1264 3700 1361 3753 καὶ
1414 3701 1483 3753 τά
1543 3701 1788 3772 πρότερα

178 3775 505 3844 ἀποδῶμεν.
557 3777 731 3832 Τοῦτό
788 3783 940 3834 ἐστιν
996 3782 1357 3836 ἐπιλαθέσθαι
1416 3782 1640 3847 κακίας,
1694 3784 1791 3837 καὶ

181 3858 445 3912 ἐκϐαλεῖν
464 3862 555 3913 τὸν
580 3861 839 3933 λογισμὸν
861 3865 956 3917 τὸν
990 3866 1356 3936 ἁρπακτικὸν,
1394 3870 1489 3919 καὶ
1514 3867 1790 3937 μηδέποτε

181 3942 353 3994 αὐτὸν
389 3943 467 3996 ἔτι
494 3944 773 4009 δέξασθαι.
808 3947 945 4000 ἀλλά
994 3948 1091 4001 καὶ
1129 3948 1199 4001 τά
1240 3949 1342 4017 ήδη
1376 3948 1788 4021 πεπλημμελη-

184 4025 331 4096 μένα
363 4027 709 4096 ἀπαλείφειν.
765 4031 938 4084 Πόθεν
972 4031 1029 4084 δὲ
1080 4032 1147 4085 ἂν
1192 4032 1407 4099 γένοιτο
1460 4035 1597 4102 ἡμῖν
1648 4033 1789 4105 λήθη

183 4108 496 4179 πονηρίας;
547 4113 678 4165 ’Λπὸ
708 4114 806 4183 τῆς
836 4115 1059 4185 μνήμης
1091 4114 1199 4167 τῶν
1231 4115 1457 4183 ἀγαθῶν
1488 4114 1582 4168 τοῦ
1614 4116 1748 4170 Θεοῦ
1773 4134 1787 4147 ο

184 4194 287 4245 ἐάν
322 4194 418 4246 τοῦ
472 4195 609 4247 Θεοῦ
666 4196 960 4259 διαπαντὸς
1018 4199 1479 4268 μνημονεύωμεν,
1514 4201 1576 4252 οὐ
1624 4198 1790 4254 δυνά-

188 4276 337 4346 μεθα
394 4280 665 4332 κάκείνων
717 4281 1051 4351 μεμνῆσθαι.
1101 4285 1166 4334 El
1199 4283 1624 4352 ἐμνημόνευον
1681 4285 1790 4357 γὰρ

184 4374 333 4421 σου.
397 4363 585 4431 φησὶν,
634 4364 732 4416 ἐπὶ
780 4363 891 4430 τῆς
949 4364 1275 4433 στρωμνῆς
1323 4384 1473 4435 μου,
1537 4368 1608 4422 ἐν
1666 4370 1793 4435 τοῖς

188 4442 431 4510 ὄρθροις
462 4446 760 4514 ἐμελέτων
793 4450 882 4513 εἰς
909 4449 1003 4503 σέ.
1025 4449 1139 4501 Ἀεὶ
1171 4452 1270 4519 μὲν
1299 4447 1418 4517 οὖν,
1458 4452 1699 4522 μάλιστα
1736 4454 1809 4507 δὲ.

187 4528 315 4579 τότε
341 4528 451 4598 χρὴ
487 4531 800 4599 μεμνῆσθαι
844 4532 938 4585 τοῦ
967 4532 1129 4595 Θεοῦ,
1163 4534 1292 4585 ὅταν
1324 4535 1383 4586 ἐν
1421 4535 1630 4606 ἠσυχίᾳ
1656 4538 1684 4589 6
1707 4536 1795 4589 λο⁴

188 4612 396 4679 γισμὸς
425 4607 479 4683 ᾖ,
512 4613 642 4665 ὅταν
670 4612 759 4665 διὰ
790 4614 891 4682 τ’ής
941 4617 1164 4685 μνήμης
1210 4616 1429 4688 ἐκείνης
1456 4619 1652 4672 ἐαυτοῦ
1697 4636 1796 4674 κα·

187 4693 507 4756 ταδικάζειν
543 4696 789 4765 δύνηται,
822 4699 951 4750 ὃταν
984 4700 1316 4767 κατέχεσθαι
1360 4702 1419 4752 ἐν
1465 4705 1531 4772 τῇ
1577 4704 1793 4775 μνήμῃ.

192 4776 351 4848 ιΜιῚ]
386 4778 474 4830 Ἐν
507 4780 694 4850 ἡμέρᾳ
734 4783 832 4849 μὲν
857 4782 967 4852 γὰρ
995 4784 1062 4835 ἂν
1090 4783 1583 4854 μνημονεύσωμεν,
1611 4790 1798 4839 ἐπεισ-

191 4861 455 4915 ελθοῦσαι
487 4866 773 4935 φροντίδες
817 4866 1003 4937 ἕτεραι
1047 4868 1142 4919 καὶ
1173 4868 1395 4937 θόρυϐοι
1423 4870 1587 4921 πάλιν
1626 4872 1799 4940 αὐτὴν

194 4951 555 5006 ἐκϐάλλουσιν
578 4970 593 4986 ο
631 4956 688 5009 ὲν
719 4956 875 5007 νυ-ιιτὶ
915 4956 970 5007 δέ
1010 4955 1309 5019 διαπαντὸς
1352 4958 1671 5027 μεμνῆσθαι
1706 4959 1799 5011 δυ-

262 5116 287 5145 ο
325 5100 556 5167 Reliqpa,
588 5118 750 5165 usque
788 5106 844 5153 ad
872 5108 1016 5153 ﬁnem
1064 5108 1301 5167 hominm,
1330 5107 1514 5155 desunt
1540 5107 1586 5154 in
1622 5107 1791 5167 (1011).;

196 5164 366 5237 Bf’gg.
394 5164 729 5242 ςεροιηωειη
758 5169 947 5242 mgna;
974 5171 1147 5242 ἔχοντα
1195 5164 1424 5242 αἰτίωμα,
1454 5167 1691 5242 Intelligcl
1713 5164 1795 5219 τὸν

198 5228 364 5285 νόμον.
396 5226 615 5286 Αίτίωμα
646 5242 759 5276 cum
782 5231 979 5290 αἰτίαμα
999 5226 1272 5280 ’ἐυιιΓιιειιιῐι
1310 5226 1358 5278 πὶ
1384 5232 1489 5281 Act.
1522 5226 1713 5289 χχι-λ’ῖ.

266 5289 291 5324 b
312 5289 454 5351 ltogg
479 5325 491 5348 ,
530 5292 834 5353 μμνῴμεθα,
859 5295 994 5353 quod
1028 5296 1185 5357 magis
1208 5296 1376 5357 placet
1404 5295 1611 5343 Duna-o.

1026 408 1091 464 IN
1132 405 1350 464 EPIST.
1395 405 1484 459 AD
1526 394 1894 455 ΠΕΒΙΏΕΟΞ.
1932 394 2085 450 CAP.
2130 394 2262 449 VIII.
2302 394 2532 450 IIOMIL.
2564 390 2707 449 XIV.

3364 390 3465 446 IIG

1860 510 2043 573 νατδν,
2095 512 2229 563 ὅταν
2284 511 2341 561 ἐν
2397 506 2686 582 γαλήνῃῇ
2739 507 2837 560 καὶ
2894 504 3464 575 ἀναπαύσειήψυχη,

1858 595 1989 646 ὅταν
2039 596 2096 646 ἐν
2142 595 2343 663 λιμένι,
2398 594 2529 645 ὃταν
2562 596 2621 645 ὲν
2651 592 2826 665 εὐδίᾳ,
2882 592 2941 644 Ἃ
2966 589 3174 659 λέγετε
3230 590 3302 641 ἐν
3337 587 3471 669 ταῖς

1860 676 2135 744 καρδίαις
2184 676 2389 744 ὑμῶν,
2440 677 2540 729 ἐπὶ
2595 676 2726 742 ταῖς
2767 678 3002 739 κοίταις
3055 672 3227 743 ὑμῶν
3286 689 3467 725 κατα-

1858 761 2103 827 γύγητε,
2138 763 2322 831 φησίν.
2355 761 2506 814 Ἔδει
2529 760 2631 828 μὲν
2661 760 2771 829 γάρ
2800 759 2897 811 κοιλ⁵
2923 757 2991 810 δι’
3025 756 3240 827 ἡμέρας
3262 754 3471 822 ταύτην

1862 843 2009 914 ἔχειν
2049 844 2149 913 τὴν
2210 845 2437 916 μνήμην
2483 861 2496 876 ⁸
2539 844 2730 912 ἐπειδὴ
2774 841 2833 895 δὲ
2872 841 3192 913 φροντίζετε
3228 839 3338 899 ἀεὶ,
3376 840 3473 891 καὶ

1864 929 2214 1000 περισπᾶσθε
2246 929 2305 980 ἐν
2329 930 2445 987 τοῖς
2470 927 2771 997 βιωτικοῖς,
2807 926 2912 979 κᾶν
2933 924 3055 977 τότε
3092 942 3199 993 μνη
3211 922 3470 991 μονεύετιι

1864 1011 1960 1062 ἐπὶ
1992 1012 2091 1081 τῆς
2128 1014 2315 1082 κοίτης
2355 1012 2451 1064 τοῦ
2486 1011 2623 1064 Θεοῦ
2651 1027 2665 1041 ο
2698 1012 2757 1063 ἐν
2781 1012 2896 1072 τοῖς
2945 1007 3166 1084 όρθροις
3203 1006 3470 1074 μελετᾶτε

1864 1096 1925 1148 ἐν
1961 1094 2130 1165 αὐτῷ.
2164 1098 2261 1149 Ἂν
2315 1098 2375 1148 ἐν
2416 1098 2533 1159 τοῖς
2570 1095 2793 1167 θρθροις
2852 1094 3243 1164 μελετήσωμεν
3273 1090 3468 1154 ταῦτα,

1870 1178 2012 1248 μετὰ
2034 1179 2238 1248 πολλῆς
2257 1178 2563 1247 ἀσφαλείας
2584 1181 2914 1249 χωρήσομεν
2940 1178 3019 1239 εἰς
3051 1177 3117 1229 τὰ
3144 1175 3473 1246 πράγματα·

1869 1260 1936 1315 ἂν
1967 1262 2127 1314 ἵλεων
2169 1261 2391 1331 πρῶτον
2430 1264 2524 1315 τὸν
2571 1262 2706 1315 Θεὸν
2752 1263 3076 1331 ποιήσωμεν
3117 1261 3182 1327 τῇ
3234 1258 3477 1321 ἐντεύξει

1869 1343 1965 1397 καὶ
1988 1347 2059 1416 τῇ
2111 1346 2387 1417 ἱκετηρία,
2421 1346 2567 1399 οὕτω
2608 1344 3003 1415 προὸαίνοντες
3053 1342 3247 1401 οὐδένα
3278 1341 3480 1411 ἕξομεν

1870 1428 2067 1499 ἐχθρόν
2098 1446 2113 1460 θ
2142 1430 2247 1482 κᾶν
2286 1431 2418 1501 ἔχῃς
2466 1430 2546 1495 δὲ,
2587 1428 2973 1500 καταγελάσῃ.
3013 1426 3172 1478 ἵλεων
3210 1426 3352 1495 ἔχων
3387 1426 3480 1478 τὸν

1872 1510 2026 1569 Θεόν.
2084 1512 2332 1583 Πόλεμός
2372 1516 2525 1567 ἐστιν
2570 1514 2629 1566 ἐν
2684 1517 2751 1583 τῇ
2787 1513 2989 1581 ἀγορᾷ,
3054 1511 3203 1580 μάχη
3250 1510 3367 1563 ἐστὶ
3411 1510 3483 1562 τά

1874 1595 2182 1666 πράγματα
2221 1598 2291 1651 τά
2323 1596 2705 1668 καθημερινὰ,
2757 1594 3055 1649 κλυδώνιόν
3092 1596 3212 1647 ἐστι
3244 1596 3341 1647 καὶ
3368 1611 3485 1664 χει-

1879 1679 2016 1750 μών.
2053 1684 2146 1734 Δεῖ
2174 1682 2355 1737 τοίνυν
2385 1684 2569 1737 ὃπλων
2604 1684 2739 1751 ἡμῖν
2773 1697 2786 1712 ·
2824 1680 2971 1750 μέγα
3006 1680 3063 1733 δέ
3094 1679 3261 1733 ὅπλον
3301 1680 3497 1749 εὐχήν

1876 1763 1955 1816 δεῖ
1977 1764 2180 1833 οὐρίων
2207 1766 2426 1835 ἀνέμων
2477 1766 2558 1817 δεῖ
2580 1765 2777 1835 μαθεῖν
2800 1765 3040 1827 ἅπαντα,
3067 1762 3211 1816 ὣστε
3229 1761 3290 1814 τὸ
3307 1762 3484 1833 μῆκος

1874 1848 1975 1918 τῆς
2006 1848 2221 1919 ἡμέρας
2280 1850 2453 1919 χωρὶς
2504 1849 2787 1917 ναυαγίων
2826 1846 3080 1900 διανύσαι
3112 1847 3205 1899 καὶ
3232 1846 3482 1915 τραυμά-

1876 1949 1985 1985 των
2016 1950 2028 1961 ·
2068 1932 2256 1985 πολλοὶ
2292 1933 2402 2004 γάρ
2435 1934 2559 1985 καθ’
2591 1935 2837 2002 ἑκάστην
2868 1931 3085 2001 ἡμέραν
3116 1932 3166 1983 οἱ
3202 1929 3482 1992 σκόπελοι,

1878 2016 1974 2068 καὶ
2011 2015 2276 2079 πολλάκις
2316 2016 2665 2088 προσέρῤαξε
2710 2016 2770 2069 τὸ
2811 2016 3024 2084 σκάφος
3076 2015 3173 2068 καὶ
3214 2030 3488 2067 κατεπον-

1875 2100 2059 2171 τίσθη.

1950 2271 2050 2325 Διά
2094 2272 2255 2326 τοῦτο
2299 2272 2468 2343 εύχῆς
2499 2273 2633 2343 ήμῖν
2703 2271 2786 2324 δεῖ
2836 2272 3075 2341 μάλιστα
3121 2269 3355 2337 ἑωθινῆς
3393 2267 3491 2323 καὶ

1878 2356 2225 2426 νυκτερινῆς.
2269 2356 2545 2425 Ὀλύμπια
2579 2355 2770 2409 πολλοὶ
2819 2355 3087 2417 πολλάκις
3123 2353 3281 2423 ὑμῶν
3330 2352 3491 2406 ἐθεά-

1882 2457 2046 2493 σαντο
2072 2456 2085 2470 ·
2135 2441 2230 2493 καὶ
2259 2441 2359 2493 οὐκ
2386 2440 2689 2494 ἐθεάσαντο
2716 2439 2901 2510 μόνον,
2938 2439 3077 2494 ἀλλά
3117 2440 3213 2491 καὶ
3255 2438 3494 2490 σπουδα-

1882 2523 2008 2576 σταὶ
2039 2524 2131 2577 καὶ
2160 2524 2480 2593 θαυμασταὶ
2510 2523 2622 2576 τῶν
2670 2522 3101 2592 ἀγωνιζομένων
3152 2522 3429 2589 ἐγένοντο,
3463 2521 3492 2573 6

1885 2607 1986 2676 μὲν
2014 2607 2231 2669 τούτου,
2254 2609 2281 2659 6
2314 2608 2369 2659 δέ
2394 2607 2629 2662 ἐκείνου.
2670 2609 2817 2660 Ἷστε
2848 2603 2943 2660 οὖν
2985 2608 3067 2660 ὅτι
3102 2606 3319 2668 καὶτὰς
3347 2604 3493 2673 ἠμέ-

1886 2710 1984 2764 ρας
2019 2692 2127 2745 τῶν
2162 2694 2413 2760 ἀγώνων,
2448 2694 2545 2747 καὶ
2588 2693 2689 2756 τὰς
2741 2692 2948 2756 νύκτας
2989 2694 3231 2753 ἐκείνας,
3263 2691 3331 2743 δι’
3364 2690 3496 2759 ὅλης

1883 2778 2080 2840 νυκτὸς
2102 2781 2130 2831 6
2162 2778 2343 2846 κήρυξ
2368 2779 2524 2831 οὐδὲν
2565 2778 2697 2832 ἀλλο
2722 2776 3028 2846 φροντίζει,
3062 2779 3218 2829 οὐδὲν
3242 2775 3373 2830 ἄλλο
3400 2791 3496 2845 με·

1888 2864 2075 2932 ριμνᾷ,
2106 2861 2138 2931 ἢ
2173 2862 2321 2921 ὅπως
2354 2860 2592 2925 ἐξελθὼν
2624 2860 2698 2931 μὴ
2731 2863 3118 2931 ἀσχημονήσῃ,
3154 2860 3182 2912 6
3222 2856 3496 2925 ἀγωνιζό-

1887 2962 2068 3014 μενος.
2113 2946 2345 2998 Ἐκεῖνοι
2377 2947 2488 3016 γάρ
2509 2946 2559 2997 οί
2586 2945 3052 3014 παρακαθήμενοι
3076 2942 3151 3011 τῷ
3178 2941 3497 3011 σαλπιγκτῇ

1889 3027 2253 3098 παρεγγυῶσι
2313 3029 2450 3098 μηδὲ
2506 3028 2849 3099 φθέγγεσθαί
2902 3045 3050 3091 τινι,
3100 3026 3244 3080 ὥστε
3305 3025 3379 3095 μὴ
3436 3027 3500 3077 τὸ

1889 3111 2107 3181 πνεῦμα
2132 3111 2525 3181 δαπανώμενον
2548 3112 2767 3180 γέλωτα
2797 3110 3004 3179 δφλειν.
3039 3111 3102 3164 EI
3127 3111 3310 3162 τοίνυν
3347 3112 3374 3162 6
3408 3108 3499 3161 ἐπ’

1888 3194 2193 3265 ἀνθρώπων
2232 3195 2601 3262 ἀγωνίζεσθαι
2650 3195 2887 3265 μέλλων,
2922 3194 3166 3265 τοσαύτῃ
3219 3193 3498 3263 κέχρηται

1889 3278 2159 3347 προνοίᾳ,
2218 3277 2401 3347 πολλῷ
2464 3278 2671 3348 μᾶλλον
2726 3280 2875 3347 ἡμῖν
2944 3278 3181 3347 ἁρμόσει
3227 3276 3503 3347 διηνεκῶς

1888 3360 2200 3431 φροντίζειν
2229 3363 2323 3414 καὶ
2366 3365 2665 3434 μεριμνᾷν,
2707 3359 2837 3429 οἷςό
2871 3363 2980 3426 πᾶς
3017 3362 3132 3432 βίος
3167 3362 3319 3429 ἁγών
3356 3362 3499 3415 ἐστι.

1888 3446 2049 3499 Πᾶσα
2086 3444 2265 3497 τοίνυν
2308 3446 2451 3499 ἔστω
2498 3445 2597 3511 νὺξ
2647 3448 2937 3515 παννυχὶς,
2983 3445 3077 3499 καὶ
3136 3444 3503 3513 μεριμνῶμεν

1888 3531 2009 3592 πῶς
2037 3529 2349 3594 ἐξελθόντες
2390 3529 2491 3600 τὴν
2524 3533 2764 3602 ἡμέραν,
2823 3532 2899 3601 μὴ
2953 3530 3167 3597 γέλωτα
3220 3528 3501 3597 ὄφλωμεν.

1889 3613 2002 3666 Καὶ
2031 3613 2145 3665 είθε
2180 3613 2393 3679 γέλωτα
2435 3624 2597 3683 μόνον
2618 3631 2633 3646 ο
2660 3616 2780 3667 νυνὶ
2807 3614 2863 3666 δὲ
2889 3613 3128 3682 κάθηται
3152 3614 3209 3663 ἐν
3230 3610 3383 3681 δεξιᾷ
3405 3608 3503 3663 τοῦ

1891 3697 2108 3768 Πατρδς
2131 3697 2158 3747 ὁ
2182 3696 2557 3767 ἀγωνοθέτης,
2592 3698 2811 3751 ἀκούων
2843 3696 3090 3768 ἀκριόῶς
3121 3699 3255 3766 μήτι
3284 3695 3505 3765 ἀπηχὲς

1890 3778 2289 3849 φθεγγώμεθα.
2328 3780 2461 3849 μήτι
2494 3781 2648 3851 παρά
2681 3780 2846 3850 μέλος
2872 3798 2884 3810 ’
2911 3780 2971 3832 οὐ
3001 3778 3113 3848 γάρ
3150 3778 3503 3849 πραγμάτων

1894 3863 2077 3933 μόνον,
2109 3861 2248 3915 ἀλλά
2279 3861 2433 3935 [M8]
2477 3864 2573 3917 καὶ
2614 3865 2882 3935 ῥημάτιον
2935 3865 3055 3917 ἐστ)⁵
3093 3864 3311 3933 κριτής.
3353 3863 3504 3915 Παν-

1893 3948 2232 4016 νυχίσωμεν,
2268 3948 2547 4018 ἀγαπητοί
2597 3964 2610 3978 ο
2669 3949 2871 4017 ἔχομεν
2902 3949 2999 4001 καὶ⁵
3055 3949 3216 4017 ἡμεῖς
3269 3947 3507 3998 σπουδα-

1896 4033 2048 4095 στὰς,
2080 4030 2177 4084 ἐὰν
2208 4030 2456 4100 θέλωμεν
2492 4047 2504 4061 ·
2559 4031 2781 4101 ἑκάστῳ
2818 4032 2979 4102 ήμῶν
3031 4033 3267 4099 ἄγγελος
3326 4047 3508 4101 παρα-

1892 4112 2132 4183 κάθηται
2164 4129 2178 4145 ⁶
2228 4114 2396 4185 ἡμεῖς
2440 4112 2496 4166 δὲ
2555 4113 2829 4183 ρέγχομεν
2863 4114 2929 4165 δι’
2967 4114 3098 4183 ὅλης
3146 4115 3340 4177 νυκτός
3368 4130 3381 4142 ·
3408 4114 3505 4167 καὶ

1894 4196 2009 4249 εἴθε
2038 4196 2200 4250 τοῦτο
2234 4197 2396 4267 μόνον
2430 4212 2443 4226 °
2485 4197 2674 4250 πολλοὶ
2712 4198 2768 4250 δὲ
2800 4202 2896 4252 καὶ
2942 4199 3149 4268 ἀσελγῆ
3200 4202 3508 4267 πράττουσι

1894 4279 2089 4345 πολλὰ,
2118 4282 2168 4332 οι
2208 4279 2307 4350 μὲν
2340 4279 2477 4351 πρὸς
2499 4282 2641 4334 αὐτὰ
2665 4281 2735 4334 τά
2760 4286 3141 4352 χαμαιτυπεῖα
3168 4283 3503 4351 βαδίζοντες,

1892 4365 1941 4417 οί
1976 4363 2033 4415 δέ
2059 4363 2162 4425 τὰς
2199 4363 2380 4424 οἰκίας
2412 4367 2642 4433 πορνεῖα
2674 4366 2961 4430 ποιοῦντες
2988 4365 3065 4436 τῷ
3102 4368 3329 4435 ἑταίρας
3350 4367 3509 4434 ἄγειν

1894 4447 2029 4500 ἐκεῖ.
2068 4446 2218 4499 Πάνυ
2264 4463 2329 4514 γε
2378 4447 2457 4513 (οὐ
2494 4447 2663 4519 γάρς)
2696 4449 2879 4513 καλῶς
2919 4451 3262 4519 μεριμνῶσιν
3303 4450 3508 4517 ἀγωνί-

1897 4528 2119 4583 σασθαι.
2150 4529 2370 4597 Ἔτεροι
2396 4528 2660 4598 μεθύουσι
2686 4533 2782 4584 καὶ
2810 4534 3322 4602 παραφθέγγονται,
3357 4533 3509 4587 ἄλλοι

1897 4613 2244 4684 θορυϐοῦσιν,
2302 4614 2480 4685 ἕτεροι
2540 4616 2935 4687 παννυχίζουσι
2984 4619 3203 4681 κακῶς,
3253 4620 3349 4671 καὶ
3394 4619 3507 4671 τῶν

1898 4700 2275 4753 καθευδόντων
2297 4702 2482 4771 χεῖρον
2525 4700 2821 4765 πλέκοντες
2868 4702 3057 4765 δόλους
3091 4717 3104 4730 ⁸
3135 4702 3283 4756 ἄλλοι
3314 4702 3509 4763 τόκους

1898 4783 2283 4854 ἀριθμοῦντες,
2316 4784 2496 4854 ἕτεροι
2528 4785 2779 4853 φροντίσι
2804 4787 3157 4856 κοπτόμενοι,
3187 4788 3281 4838 καὶ
3328 4788 3508 4838 πάντα

1903 4869 2109 4938 μᾶλλον
2139 4867 2444 4931 ποιοῦντες,
2476 4867 2508 4937 ἢ
2544 4868 2615 4920 τὰ
2637 4868 2715 4937 τῷ
2751 4870 2924 4937 ἀγῶνι
2960 4873 3333 4940 προσήκοντα.
3380 4870 3471 4921 Διό
3494 4914 3506 4929 ,

1901 4949 2230 5021 παρακαλῶ,
2290 4953 2472 5003 πάντα
2526 4953 2777 5019 ἀφέντες,
2836 4956 2918 5012 εἰς
2972 4952 3029 5004 ἓν
3058 4953 3279 5023 ὁρῶμεν
3326 4953 3507 5022 μόνον,

1900 5035 2049 5096 ὅπως
2080 5034 2140 5086 τὸ
2182 5032 2439 5103 βραϐεῖον
2488 5033 2765 5105 λάϐωμεν,
2805 5038 2900 5088 καὶ
2934 5037 3027 5088 τὸν
3072 5038 3345 5104 στέφανον
3378 5039 3509 5089 dwa-

1904 5116 2199 5188 δησώμεθα
2231 5130 2243 5143 ·
2284 5118 2460 5170 πάντα
2506 5120 2863 5189 πράττωμεν,
2907 5120 2976 5171 δι’
3033 5114 3111 5173 ὧν
3144 5120 3509 5191 δυνησώμεθα

1900 5204 2084 5272 τυχεῖν
2113 5199 2221 5252 τῶν
2255 5202 2689 5273 ἐπηγγελμένων
2719 5202 2945 5269 ἀγαθῶν
2979 5220 2991 5233 ·
3023 5197 3099 5256 ὧν
3132 5205 3345 5272 γένοιτο
3377 5205 3513 5256 πάν-

1903 5302 2001 5349 τας
2044 5286 2195 5355 ἡμᾶς
2229 5285 2532 5355 ἐπιτυχεῖν,
2560 5286 2749 5358 χάριτι
2783 5286 2877 5339 καὶ
2916 5286 3330 5361 φιλανθρωπίᾳ,
