4060 6402
136 340 227 398 Hi

141 428 1399 457 ...Μ

962 318 1028 375 IN
1068 311 1286 371 EPIST.
1328 307 1419 366 AD
1461 293 1827 359 IIEBRAEOS.
1870 292 2023 349 CAP.
2066 287 2160 342 ix.
2204 278 2435 338 ilOiilL.
2479 274 2593 333 XV.

1412 400 2381 463 ____________.——\——————

2390 387 2783 405 ___—._-—-.g—
2848 373 3435 395 ,οι-Μ..-

1514 478 1853 544 HOMILIA
1907 470 2015 532 ΧΥ
2032 514 2045 529 .
2113 468 2117 473 ’

148 664 275 719 CAP.
317 661 373 718 9.
410 676 460 713 v.
496 659 547 713 l.
584 653 776 710 Habuit
813 647 1017 722 quidem
1062 654 1109 699 et
1154 642 1295 713 prius
1335 634 1734 709 justiﬁcatioues

206 756 442 817 cultura,
467 759 518 805 et
535 756 770 803 sanctum
792 739 1061 798 sa'culare.
1090 735 1138 789 Ξ.
1168 729 1575 788 Tabernaculum
1598 722 1735 776 enim

209 853 404 920 factum
422 853 494 899 est
516 841 759 911 primum,
780 838 832 890 in
853 850 953 905 quo
975 840 1117 885 erant
1138 826 1285 881 caudt
1303 822 1446 877 labra
1468 828 1514 874 et
1539 806 1735 881 mensa,

209 907 256 993 et
299 907 577 1008 propositio
620 945 812 1000 panum
837 968 852 993 ,
896 938 1010 996 quae
1050 920 1238 974 dicitur
1275 923 1472 971 sancta.
1516 912 1569 966 5.
1611 907 1740 961 Post

211 1032 549 1085 velamentum
589 1032 758 1076 autem
795 1015 1076 1073 secundum
1100 1054 1113 1077 ,
1153 1006 1534 1063 tabernaculum
1557 1044 1571 1068 ,
1602 1000 1739 1072 quod

212 1125 404 1177 dicitur
428 1129 605 1174 sancta
629 1124 942 1175 sanctorum,
976 1111 1031 1163 4.
1057 1120 1270 1160 aureum
1296 1100 1485 1154 habens
1508 1096 1743 1151 thuribu-

212 1218 343 1280 tum,
368 1223 414 1265 et
439 1225 615 1264 arcam
636 1202 923 1261 testamenti
944 1202 1325 1255 circumtectam
1349 1192 1488 1247 omni
1514 1206 1578 1244 ea:
1597 1200 1745 1257 parte

227 1307 359 1359 dura
383 1303 476 1358 :itt
509 1317 612 1371 qua
651 1314 783 1352 urna
812 1313 969 1350 aurea
1009 1295 1195 1348 habens
1243 1308 1443 1347 manna
1471 1330 1488 1356 ,
1535 1298 1581 1342 et
1620 1286 1767 1356 virga

229 1398 405 1451 Aaron
438 1408 553 1460 qua:
580 1390 878 1465 fronduerat
898 1431 913 1454 ,
948 1398 993 1442 et
1017 1385 1202 1441 tabula:
1229 1383 1512 1439 testamenti
1543 1421 1558 1447 ,
1592 1380 1645 1434 5.
1674 1393 1765 1432 su-

232 1505 421 1559 perque
448 1501 558 1539 eam
587 1482 857 1539 Cherubim
887 1481 1065 1552 gloria:
1094 1478 1445 1533 obumbrantia
1497 1472 1763 1547 propitia-

231 1580 422 1632 torium
446 1591 465 1629 :
493 1575 556 1629 de
581 1573 761 1645 quibus
789 1588 890 1626 non
931 1580 1004 1626 est
1045 1570 1196 1624 modo
1225 1568 1496 1623 dicendum
1527 1585 1617 1640 per
1656 1569 1767 1623 sin-

230 1672 376 1742 gula.

233 1764 287 1815 1.
318 1759 568 1816 Ostendit
595 1775 660 1814 ex
690 1757 991 1825 sacerdote,
1022 1773 1090 1813 ex
1114 1754 1442 1821 sacerdotio,
1473 1769 1541 1810 ex
1573 1753 1761 1807 Testa—

160 1862 381 1917 mento,
437 1850 582 1920 quod
632 1848 760 1905 illud
810 1851 970 1903 linem
1021 1850 1088 1901 sit
1141 1847 1452 1901 habiturum
1488 1863 1500 1899 :
1532 1842 1772 1897 ostendit

154 1943 378 1999 demum
408 1958 475 1998 ex
500 1940 668 2013 ﬁgura
698 1940 866 2011 ipsius
898 1936 1252 1993 tabernaculi.
1277 1930 1563 2001 Quomodo
1582 1931 1603 1983 ?
1623 1930 1763 1985 San-

156 2044 244 2089 cta
273 2036 486 2100 dicens,
510 2043 564 2089 et
581 2043 766 2088 sancta
794 2042 1135 2086 sanctorum.
1236 2028 1411 2098 Atque
1437 2026 1633 2080 Sancta
1650 2024 1767 2094 qui-

158 2128 284 2182 dem
324 2136 455 2182 suut
506 2127 752 2199 symbola
792 2135 847 2181 et
891 2126 1040 2194 signa
1090 2122 1285 2193 prioris
1332 2118 1628 2189 temporis;
1660 2117 1770 2171 illic

157 2219 305 2272 enim
336 2218 471 2271 [inut
494 2218 673 2271 omnia
700 2232 794 2286 per
814 2215 1079 2270 sacriﬁcia
1104 2231 1115 2267 :
1141 2222 1324 2267 sancta
1344 2220 1524 2265 autem
1552 2218 1769 2264 sancto-

159 2326 278 2364 rum
306 2351 321 2376 ,
373 2309 532 2379 hujus
584 2324 727 2363 nunc
767 2306 1055 2379 praesentis
1094 2304 1375 2375 temporis.
1423 2302 1560 2358 Dicit
1588 2309 1769 2355 autem

158 2412 351 2458 sancta
382 2412 691 2458 sanctorum
722 2402 913 2457 Caelum
938 2442 955 2463 ,
988 2411 1043 2455 et
1073 2401 1250 2455 velum
1278 2398 1397 2453 catli
1420 2440 1435 2465 ,
1462 2407 1518 2452 et
1548 2409 1770 2451 carnem

160 2511 281 2564 quae
326 2495 626 2564 ingreditur
657 2494 707 2548 in
746 2495 1002 2548 interiora
1031 2492 1172 2557 veli,
1219 2490 1322 2545 hoc
1351 2500 1434 2546 est
1460 2504 1560 2560 per
1592 2487 1769 2542 velum

160 2590 345 2642 carnis
374 2588 511 2659 ejus.
544 2588 583 2641 E
613 2604 671 2642 re
713 2586 875 2642 fuerit
914 2596 1093 2640 autem
1127 2595 1182 2639 ut
1211 2584 1354 2639 hunc
1396 2584 1572 2638 locum
1605 2581 1770 2635 altius

162 2693 496 2749 repetamus.
525 2679 663 2748 Quid
696 2695 824 2749 ergo
862 2678 1034 2733 dicit?
1070 2677 1262 2732 Habuit
1292 2678 1494 2747 quidem
1523 2685 1569 2730 et
1600 2674 1764 2746 prius.

156 2771 296 2839 Quid
347 2771 541 2840 prius?
590 2771 1019 2825 Testamentum.
1069 2768 1480 2837 Justi/icationes
1523 2769 1766 2821 cultura.

156 2863 295 2931 Quid
327 2872 448 2926 est,
479 2861 886 2931 Justiﬁcationes
906 2848 940 2914 φ’
960 2861 1216 2933 Symbola
1238 2902 1251 2927 ,
1287 2868 1380 2915 aut
1412 2860 1548 2914 ritus
1584 2877 1598 2915 ε
1627 2874 1691 2914 ac
1722 2857 1769 2913 si

154 2955 388 3020 diceret,
417 2963 547 3008 tunc
571 2952 779 3017 habuit,
804 2966 949 3008 nunc
973 2969 1078 3005 non
1104 2952 1284 3007 habet.
1310 2950 1561 3006 Ostendit
1589 2950 1766 3020 ipsum

146 3047 262 3116 jam
294 3047 421 3101 huic
449 3047 680 3102 cessisse
702 3064 714 3099 :
735 3045 887 3101 Tunc
914 3047 1081 3109 enim,
1117 3045 1308 3116 inquit,
1343 3044 1549 3099 habuit.
1585 3044 1767 3111 Quare

155 3154 320 3204 nunc,
352 3138 516 3193 etiam
562 3137 607 3193 si
652 3146 794 3205 stet,
831 3153 938 3193 non
970 3145 1075 3192 est.
1111 3136 1177 3190 Et
1217 3145 1453 3190 sanctum
1496 3136 1763 3189 steculare.

151 3228 432 3285 Smculare
463 3244 558 3285 seu
586 3230 918 3284 mundanum
947 3228 1100 3295 dicit,
1134 3228 1389 3298 quoniam
1417 3226 1769 3296 permitteba—

156 3332 247 3375 tur
274 3321 533 3378 omnibus
560 3321 788 3392 ingredi,
819 3331 874 3377 et
904 3319 1228 3377 manifestus
1257 3329 1374 3374 erat
1406 3319 1557 3373 locus
1585 3319 1636 3373 in
1667 3333 1764 3375 ea-

150 3414 279 3470 dem
310 3415 475 3471 domo
496 3457 512 3483 ,
543 3416 633 3471 ubi
662 3416 878 3471 stabant
908 3413 1242 3481 sacerdotes,
1276 3412 1367 3468 ubi
1395 3411 1587 3479 Judaei,
1622 3426 1759 3483 pro-

150 3508 311 3579 selyti
332 3550 348 3575 ,
377 3509 585 3575 Graeci,
615 3509 874 3565 Nazarari.
906 3509 1172 3577 Quoniam
1208 3523 1338 3578 ergo
1370 3506 1436 3561 ad
1468 3506 1519 3562 id
1550 3507 1766 3578 patebat

154 3600 333 3656 aditus
363 3602 527 3656 etiam
556 3604 839 3673 gentibus,
873 3602 1047 3672 ipsum
1080 3612 1237 3656 vocat
1273 3599 1605 3655 mundanum
1632 3618 1646 3655 :
1669 3599 1763 3655 Ju-

150 3693 253 3749 dei
305 3694 452 3749 enim
503 3709 610 3749 non
656 3704 812 3750 erant
852 3694 1105 3749 mundus.
1149 3692 1559 3747 Tabernaculum
1602 3694 1760 3760 enim,

149 3786 349 3856 inquit,
382 3790 577 3857 factum
599 3795 670 3841 est
696 3787 940 3856 primum,
968 3786 1103 3858 quod
1129 3786 1319 3839 dicitur
1346 3795 1522 3839 sancta
1544 3802 1562 3839 :
1584 3786 1635 3838 in
1660 3801 1759 3857 quo

149 3887 295 3931 erant
324 3877 635 3931 candelabra
676 3887 724 3931 et
753 3894 927 3932 mensa
946 3918 961 3944 ,
992 3887 1040 3931 et
1070 3878 1353 3948 propositio
1381 3893 1595 3948 panum.
1634 3876 1762 3931 Harc

148 3978 276 4021 sunt
321 3969 508 4023 mundi
545 3970 813 4040 symbola.
845 3968 972 4022 Post
1001 3969 1338 4022 velamentum
1366 3978 1536 4021 autent
1562 3984 1762 4023 secun-

148 4060 292 4113 dum.
329 4060 445 4114 Non
478 4070 596 4115 erat
636 4076 766 4132 ergo
802 4076 967 4115 unum
1006 4060 1187 4115 velum
1215 4101 1229 4126 ,
1261 4059 1355 4114 sed
1405 4060 1567 4115 etiam
1607 4068 1760 4114 extra

149 4158 266 4203 erat
297 4150 446 4204 aliud
477 4151 652 4205 velum
675 4192 689 4217 ,
720 4166 915 4221 nempe
953 4149 1365 4205 Tabernaculum
1404 4150 1540 4221 quod
1571 4150 1760 4203 dicitur

148 4253 329 4297 sancta
360 4254 674 4299 sanctorum.
708 4245 843 4300 Vide
873 4244 1144 4315 quomodo
1177 4243 1374 4313 ubique
1404 4252 1559 4299 vocet
1584 4243 1762 4298 taber-

148 4339 403 4392 naculum
431 4379 446 4405 ,
480 4353 547 4393 ex
572 4352 637 4394 eo
662 4338 804 4408 quod
837 4337 947 4393 illic
972 4337 1196 4408 degatur
1223 4345 1281 4390 ut
1306 4336 1360 4391 in
1389 4327 1758 4390 tabernaculo.

147 4428 375 4481 Aureum
394 4427 587 4482 habens
607 4427 943 4495 thuribulum,
968 4428 1159 4498 inquit,
1184 4435 1228 4481 et
1249 4442 1425 4479 arcam
1454 4424 1758 4492 testamenti,

154 4520 544 4573 circumtectam
581 4516 721 4571 omni
752 4531 813 4569 ea:
857 4523 1003 4585 parte
1038 4531 1166 4569 auro
1194 4530 1214 4570 :
1238 4516 1293 4569 in
1321 4532 1423 4586 qua
1452 4534 1582 4572 urna
1608 4538 1773 4577 aurea

156 4611 349 4664 habens
371 4626 583 4677 manna,
609 4618 655 4663 et
673 4609 813 4680 uirga
836 4608 1007 4663 Aaron
1035 4624 1148 4679 qua:
1168 4611 1488 4681 fronduerat,
1514 4621 1560 4665 et
1584 4610 1770 4669 tabula:

158 4704 469 4758 testamenti.
519 4702 645 4758 Haec
684 4702 865 4757 omnia
908 4711 1065 4758 erant
1111 4703 1393 4774 magniﬁca
1427 4716 1479 4760 et
1509 4708 1768 4775 praeclara

159 4796 357 4867 ingrati
385 4795 697 4852 Judazorum
724 4796 889 4850 animi
917 4797 1271 4852 monimenta.
1298 4797 1365 4851 Et
1397 4798 1584 4855 tabulte
1615 4811 1768 4855 testa-

159 4890 337 4942 menti.
385 4888 491 4942 Eas
530 4888 672 4942 enim
705 4887 917 4959 Moyses
946 4886 1207 4959 confregit
1241 4907 1253 4942 :
1288 4899 1342 4944 et
1374 4906 1567 4946 manna
1599 4910 1612 4945 :
1642 4910 1767 4949 nam

160 4988 603 5034 murmurarant:
631 4988 684 5033 et
714 4988 999 5049 propterea
1031 4982 1349 5035 memoriam
1395 4985 1769 5042 transmittens

158 5071 229 5127 ad
256 5081 531 5142 posteros,
556 5070 720 5143 jussit
737 5087 854 5127 eam
878 5074 1069 5142 reponi
1094 5074 1146 5128 in
1172 5090 1304 5130 urna
1326 5091 1511 5132 aurea.
1532 5077 1602 5132 Et
1625 5081 1767 5152 virga

160 5164 337 5218 Aaron
364 5180 479 5233 quae
509 5164 832 5232 (maduerat.
863 5165 1279 5221 lnsurrexerunt
1302 5172 1469 5225 enim.
1500 5169 1633 5238 Quia
1664 5174 1766 5244 igi-

163 5266 249 5310 tur
278 5256 471 5325 ingrati
500 5265 657 5310 eraut
684 5255 877 5321 Judaei,
909 5266 964 5314 et
991 5257 1349 5326 frequentium
1379 5260 1767 5322 beneﬁciorum

163 5362 269 5401 non
317 5347 784 5402 recordabantur:
814 5347 937 5403 ideo
974 5348 1129 5419 jussu
1174 5349 1499 5419 legislatoris
1536 5353 1589 5409 in
1634 5372 1770 5415 urna

162 5455 328 5495 aurea
370 5439 488 5493 haec
531 5449 863 5509 posuerunt,
908 5450 962 5496 et
997 5440 1075 5497 sic
1113 5457 1300 5497 eorum
1343 5449 1655 5503 memoriam
1701 5450 1771 5507 ad

162 5544 414 5603 posteros
441 5532 722 5587 miserunt.
751 5533 925 5604 Super
947 5552 1057 5589 eam
1078 5546 1247 5590 autem
1266 5537 1537 5593 Cherubim
1565 5544 1766 5614 gloritr,

160 5625 520 5681 obumbrantia
550 5628 983 5697 propitiatorium.
1008 5630 1147 5697 Quid
1179 5640 1263 5689 est
1286 5645 1468 5690 autem
1497 5636 1773 5694 Cherubim

162 5720 384 5790 gloria!
416 5720 471 5775 ld
504 5732 624 5789 est,
655 5722 926 5792 gloriosa;
963 5732 1058 5779 aut
1088 5742 1246 5795 quae,
1285 5730 1455 5799 inquit
1483 5774 1495 5797 ,
1530 5734 1629 5789 sub
1661 5735 1771 5791 [leo

161 5813 489 5869 obumbrant
533 5814 981 5884 propitiatorium.
1024 5817 1189 5873 Recte
1214 5831 1391 5878 autem
1412 5822 1525 5880 haec
1556 5842 1769 5898 quoque

520 5916 792 5978 ΡΑτιιοι.
842 5916 961 5977 (in.
1014 5912 1238 5973 LXIII.

1854 610 2034 667 verbis
2050 607 2356 670 extollit,ut
2375 602 2576 673 majora
2621 613 2744 654 esse
2781 596 3035 652 ostendat
3079 609 3142 650 ea
3172 610 3293 667 qua:
3340 607 3464 652 sunt

1857 714 2061 775 postea.
2093 700 2174 754 De
2216 697 2399 769 quibus
2446 712 2549 748 non
2598 701 2693 759 cst,
2744 688 2935 760 inquit,
2994 687 3144 740 modo
3194 680 3466 743 dicendum

1855 812 1944 868 per
1990 792 2215 863 singula.
2262 784 2358 843 llic
2396 787 2557 841 tacite
2609 783 2786 838 innuit
2840 795 2944 833 non
2983 787 3188 832 tantum
3239 793 3302 834 ea
3346 797 3469 850 qua:

1856 888 2195 949 videbantur,
2222 881 2315 938 sed
2364 880 2527 935 etiam
2584 875 2828 948 quaedam
2860 873 3152 942 mnigmata
3183 871 3365 929 fuisse.
3396 874 3471 931 De

1853 981 2035 1055 quibus
2106 995 2210 1033 non
2263 984 2335 1030 est
2366 1015 2380 1040 ,
2431 971 2626 1042 inquit,
2682 984 2819 1021 nunc
2857 965 3129 1020 dicendum
3169 965 3470 1038 sigillatim;

1855 1076 2086 1131 fortasse
2108 1071 2231 1141 quia
2261 1066 2467 1138 prolixa
2490 1077 2627 1134 Opus
2675 1060 2876 1115 habent
2934 1060 3199 1115 oratione.
3258 1058 3313 1114 6.
3370 1058 3469 1113 llis

1854 1150 1971 1224 vero
2030 1168 2105 1221 ita
2140 1160 2464 1233 compositis,
2504 1158 2559 1211 in
2615 1156 2759 1226 prius
2820 1154 3026 1225 quidem
3084 1153 3469 1208 tabernaculum

1857 1275 2054 1329 semper
2092 1254 2373 1311 introibant
2406 1248 2726 1312 sacerdotes,
2759 1246 3136 1316 sacriﬁciorum
3158 1246 3321 1317 oﬂicia
3340 1262 3467 1299 con-

1855 1360 2181 1411 summantes.
2216 1346 2330 1401 Iloc
2356 1354 2458 1410 est,
2508 1350 2665 1397 erant
2717 1340 2833 1393 inec
2878 1336 3119 1409 quidem,
3179 1337 3260 1392 his
3292 1348 3470 1392 autem

1857 1461 1967 1503 non
2023 1442 2339 1499 fruebantur
2396 1435 2600 1497 Judaei;
2667 1446 2842 1502 neque
2901 1431 3047 1485 enim
3102 1445 3167 1485 ea
3199 1428 3470 1484 videbant.

1858 1537 2221 1609 Quamobrem
2264 1549 2370 1588 non
2434 1528 2601 1600 magis
2648 1534 2805 1581 erant
2868 1525 3013 1591 illis,
3065 1538 3227 1594 quam
3281 1523 3477 1593 quibus

1860 1629 2364 1707 pra-ﬁgurahantur.
2428 1624 2480 1676 7.
2534 1620 2598 1674 In
2659 1617 2941 1673 secundum
2989 1626 3160 1669 autem
3216 1616 3371 1670 semel
3422 1615 3473 1668 in

1861 1741 1997 1781 anno
2049 1722 2189 1777 solus
2223 1718 2488 1789 pontifex,
2546 1729 2649 1767 non
2688 1711 2797 1765 sine
2853 1710 3121 1781 sanguine,
3154 1725 3300 1779 quem
3329 1706 3478 1776 o/fert

1866 1834 1960 1891 pro
1984 1833 2037 1872 se
2061 1822 2106 1869 et
2132 1810 2310 1884 papuli
2334 1797 2661 1880 ignorantiis.
2692 1802 2853 1857 Vides
2878 1800 2989 1872 jam
3021 1810 3181 1872 typos
3203 1809 3476 1867 tamquam

1856 1916 2264 1973 fundamentum
2297 1913 2448 1985 prius
2477 1906 2691 1980 jactos?
2722 1904 2855 1961 Nam
2904 1917 2971 1958 ne
3001 1901 3248 1955 dicerent
3281 1916 3293 1950 :
3326 1897 3473 1965 Quo-

1855 2011 2018 2068 modo
2047 2023 2213 2063 unum
2243 2004 2595 2068 sacriﬁcium,
2629 2009 2683 2056 et
2713 1994 2993 2071 quomodo
3025 1990 3267 2063 pontifex
3297 1988 3471 2044 semel

1855 2102 2164 2161 oll‘erehat?
2193 2098 2433 2155 ostendit
2461 2097 2514 2151 id
2548 2095 2719 2150 fuisse
2751 2090 2937 2146 multis
2969 2097 3097 2143 ante
3123 2085 3361 2150 sacculis,
3396 2082 3474 2137 si—

1855 2200 2074 2272 quidem
2097 2195 2241 2268 quod
2262 2203 2380 2250 erat
2400 2191 2643 2248 sanctius
2660 2197 2715 2243 et
2735 2182 3120 2245 reverendum,
3140 2187 3259 2235 erat
3281 2191 3471 2233 unum.

1860 2298 1936 2351 Ex
1962 2293 2183 2363 antiquo
2206 2303 2355 2345 more
2394 2283 2652 2341 sacerdos
2697 2278 2869 2336 semel
2899 2276 3182 2333 offerebat.
3218 2273 3289 2327 Et
3318 2280 3471 2327 recte

1857 2388 1998 2443 dixit
2022 2404 2035 2439 :
2071 2384 2190 2439 Non
2219 2383 2330 2436 sine
2359 2377 2609 2449 sanguine
2632 2389 2651 2428 :
2676 2388 2781 2427 non
2803 2371 2921 2426 sine
2939 2367 3202 2439 sanguine
3230 2365 3473 2435 quidem.

1860 2495 1968 2538 non
1998 2489 2178 2535 tamen
2204 2475 2309 2529 hoc
2332 2470 2629 2541 sanguine;
2661 2480 2766 2520 non
2784 2471 2902 2519 erat
2928 2462 3075 2518 enim
3105 2468 3310 2513 tantum
3332 2453 3476 2525 quod

1865 2574 2125 2647 agebatur
2157 2568 2457 2647 negotium.
2499 2558 2750 2619 Ostendit
2778 2566 2960 2612 autem
2990 2554 3232 2610 futurum
3265 2548 3477 2604 sacriﬁ-

1861 2671 2002 2725 cium
2028 2708 2041 2733 ,
2078 2661 2223 2735 quod
2265 2675 2374 2716 non
2419 2646 2545 2728 igne
2589 2658 2985 2714 consumatur,
3026 2645 3123 2702 sed
3154 2659 3182 2699 a
3215 2639 3479 2712 sanguine

1863 2760 2035 2833 magis
2064 2754 2402 2815 ostendatur.
2444 2748 2581 2804 Nam
2615 2743 2872 2817 quoniam
2906 2737 3235 2796 sacriﬁcium
3267 2731 3481 2788 vocavit

1860 2869 2098 2917 erucem,
2128 2864 2248 2922 qua:
2274 2860 2376 2902 nec
2399 2843 2565 2899 habet
2587 2840 2791 2911 ignem,
2818 2850 2917 2891 nec
2938 2834 3105 2902 ligna,
3133 2842 3307 2898 neque
3333 2840 3480 2894 saepe

1863 2950 2090 3006 ochrtur
2116 2918 2273 3011 ,vscd
2305 2937 2477 2995 semel
2506 2935 2688 2990 oblata
2717 2941 2802 2988 est
2828 2931 2881 2984 in
2914 2925 3177 2997 sanguine
3203 2941 3215 2977 :
3241 2918 3481 2975 ostendit

1860 3041 2003 3115 quod
2034 3047 2190 3093 vetus
2220 3045 2436 3105 quoque
2465 3025 2792 3083 sacriﬁcium
2825 3030 2974 3077 esset
3004 3012 3312 3087 hujusmodi
3343 3031 3356 3067 :
3381 3025 3474 3066 se-

1862 3109 1967 3191 mel
1994 3128 2322 3187 olferebatur
2348 3124 2403 3177 in
2432 3118 2713 3190 sanguine.
2751 3115 2912 3183 Quem
2938 3109 3087 3178 oﬂ'ert
3117 3123 3208 3178 pro
3232 3122 3285 3161 se
3310 3115 3355 3158 et
3382 3118 3480 3173 p0-

1863 3226 1970 3297 puli
1999 3220 2330 3294 ignorantiis.
2362 3213 2497 3269 Vide
2522 3230 2536 3266 :
2562 3224 2672 3264 non
2694 3207 2851 3272 dixit,
2876 3202 3142 3267 Peccalis,
3170 3198 3289 3262 sed,
3317 3195 3480 3267 Igno-

1857 3290 2043 3374 rantiis
2064 3356 2078 3379 ,
2124 3327 2192 3368 ne
2220 3310 2391 3363 altum
2435 3310 2711 3375 saperent.
2742 3298 2875 3353 Nam
2908 3293 3119 3351 etiamsi
3151 3307 3256 3345 non
3289 3290 3480 3343 lubens

1862 3407 2137 3485 peccasti;
2163 3403 2258 3459 sed
2282 3410 2462 3456 tamen
2488 3396 2692 3452 invitus
2716 3388 2998 3463 ignorasti,
3024 3396 3079 3443 et
3100 3386 3167 3439 ab
3193 3383 3297 3438 hoc
3319 3395 3482 3437 nemo

1861 3473 1946 3561 est
1973 3513 2161 3573 purus.
2197 3496 2263 3551 Et
2295 3493 2494 3561 ubique
2526 3485 2660 3542 illud
2688 3527 2702 3552 ,
2733 3482 2841 3537 Pro
2869 3498 2944 3546 se,
2977 3478 3152 3549 ponit,
3183 3473 3481 3529 ostendens

1861 3568 2009 3669 quod
2036 3591 2287 3649 Christus
2330 3586 2490 3655 longe
2532 3588 2616 3636 est
2647 3576 2841 3633 melior
2882 3582 2936 3629 et.
2976 3568 3320 3641 praestantior
3351 3579 3484 3634 pon-

1866 3658 2021 3755 tifex,
2055 3698 2217 3757 quam
2247 3679 2338 3751 qui
2367 3685 2486 3732 erat
2517 3671 2659 3743 apud
2687 3668 2928 3725 Judazos.
2957 3664 3016 3720 Si
3043 3662 3188 3743 enim
3219 3676 3246 3713 a
3281 3658 3484 3713 nostris

1865 3748 2101 3855 peccatis
2130 3748 2641 3839 fuissctseparatus,
2662 3758 2936 3833 quomodo
2965 3772 3064 3828 pro
3086 3770 3145 3809 se
3162 3748 3484 3808 obtulisset?

1867 3845 1975 3933 har
2006 3886 2159 3941 ergo,
2191 3865 2387 3936 inquit,
2417 3861 2534 3916 haec
2561 3854 2784 3913 dixisti?
2810 3853 2923 3907 lloc
2945 3849 3090 3906 enim
3114 3857 3199 3904 est
3220 3845 3481 3901 melioris.

1866 3971 2143 4040 Nusquam
2175 3973 2259 4019 cst
2288 3960 2378 4016 hic
2406 3951 2802 4025 contemplatio
2823 3967 2834 4003 :
2856 3948 3117 4016 deinceps
3142 3956 3325 3999 autem
3351 3957 3486 3998 con-

1866 4039 2164 4133 templatur
2191 4065 2247 4112 et
2271 4054 2405 4110 dicit
2430 4068 2441 4105 :
2468 4053 2523 4105 8.
2558 4046 2674 4102 Hoc
2701 4044 3030 4115 signiﬁcante
3054 4039 3262 4110 Spiritu
3284 4046 3485 4100 sancto,

1868 4155 2098 4211 nondum
2120 4147 2447 4221 propalatant
2473 4156 2581 4197 esse
2609 4146 2907 4192 sanctorum
2934 4134 3091 4199 viam,
3121 4131 3292 4185 adhuc
3314 4129 3489 4200 priore

1866 4242 2195 4305 tabernaculo
2223 4238 2435 4294 habente
2459 4242 2670 4291 statum.
2699 4230 3017 4298 Propterea,
3043 4225 3239 4296 inquit,
3272 4225 3386 4277 hare
3415 4222 3488 4276 ita

1866 4350 1996 4399 sunt
2024 4342 2334 4395 constructa
2360 4349 2374 4397 ;
2407 4339 2468 4385 ut
2498 4327 2836 4383 disceremus
2860 4322 3006 4393 quod
3034 4320 3103 4376 ad
3136 4328 3324 4375 sancta
3356 4333 3488 4371 san-

1866 4444 2080 4491 ctorum
2101 4471 2116 4497 ,
2152 4428 2257 4483 hoc
2286 4433 2370 4481 est
2390 4466 2405 4491 ,
2435 4421 2504 4477 ad
2532 4419 2725 4475 caelum
2754 4460 2769 4485 ,
2800 4414 3043 4471 nondum
3078 4422 3258 4484 pateat
3284 4410 3483 4466 aditus.

1868 4525 1946 4581 Nc
1970 4536 2123 4593 ergo,
2149 4516 2346 4587 inquit,
2376 4512 2636 4584 quoniam
2665 4509 2839 4579 ipsum
2869 4521 2975 4560 non
3001 4503 3359 4575 ingredimur,
3386 4516 3489 4557 nec

1868 4632 1989 4674 esse
2005 4613 2224 4685 quidem
2242 4607 2638 4671 existimemus,
2659 4600 2912 4671 quoniam
2934 4612 3035 4654 nec
3051 4606 3236 4651 sancta
3256 4594 3486 4665 ingressi

1868 4714 2074 4755 sumus.
2104 4698 2162 4753 9.
2192 4696 2322 4762 ρυω
2351 4692 2597 4763 parabola
2619 4700 2716 4758 est,
2736 4690 2925 4759 inquit,
2953 4696 3196 4756 tempons
3222 4689 3483 4738 instantis.

1937 4792 1994 4847 Ξ.
2026 4789 2313 4861 Quodnam
2333 4795 2494 4844 vocat
2544 4795 2761 4854 tempus
2787 4782 3032 4837 instans?
3061 4776 3216 4847 Quod
3232 4786 3317 4832 est
3358 4786 3485 4831 ante

1866 4885 2159 4941 adventum
2182 4879 2418 4938 Christi:
2451 4892 2576 4933 nam
2602 4885 2723 4947 post
2740 4872 2941 4930 Christi
2970 4871 3260 4927 adventum
3282 4884 3388 4923 non
3405 4876 3489 4921 est

1869 4978 2102 5051 amplius
2137 4987 2351 5045 tempus
2388 4974 2635 5029 instans:
2676 4966 2953 5041 quomodo
2983 4966 3129 5022 enim
3159 4973 3328 5029 esset,
3363 4975 3486 5014 cum

1869 5073 2151 5130 advenerit
2179 5084 2232 5125 et
2260 5070 2418 5125 ﬁdem
2451 5064 2685 5122 habeat?
2743 5061 2902 5118 Aliud
2956 5074 3174 5131 quoque
3216 5056 3487 5121 indicans,

1873 5170 1975 5224 hoc
1998 5167 2147 5231 dicit,
2177 5164 2305 5231 Qua:
2322 5162 2571 5233 parabola
2603 5168 2675 5213 est
2699 5155 2941 5227 temporis
2956 5152 3194 5208 instantis
3212 5168 3231 5217 ;
3264 5150 3368 5204 hoc
3382 5158 3489 5213 est,

1873 5259 2049 5315 factus
2077 5265 2162 5312 est
2195 5266 2374 5326 typus.
2406 5252 2571 5306 Juxta
2597 5265 2751 5320 quam
2775 5260 2987 5300 munera
3006 5253 3052 5297 et
3075 5242 3254 5297 hostiae
3267 5238 3491 5308 offerun-

1876 5364 1978 5422 tur,
1997 5368 2110 5424 qua:
2124 5368 2224 5404 non
2249 5356 2461 5421 possunt
2480 5347 2625 5416 juxta
2643 5339 3007 5397 conscientiam
3028 5336 3493 5407 perfectumfacera

1875 5448 2192 5503 servientem.
2222 5442 2413 5498 Vidisti
2441 5455 2603 5511 quam
2632 5439 2779 5493 clare
2804 5435 2929 5489 hinc
2956 5432 3207 5488 ostendat
3233 5429 3359 5500 quid
3391 5427 3493 5481 sibi

1876 5543 2051 5597 velint
2092 5540 2212 5594 inec
2238 5537 2427 5601 verba,
2462 5532 2614 5589 Nihil
2649 5531 2717 5585 ad
2750 5532 3035 5601 perfectum
3067 5526 3281 5579 adduxit
3306 5523 3407 5586 lex.
3441 5530 3496 5577 et

1879 5634 2033 5695 illud,
2081 5630 2142 5687 St
2187 5630 2410 5701 primum
2456 5634 2818 5683 testamentum
2850 5632 2958 5675 erat
3007 5614 3497 5689 irrcprehensibile?

1878 5726 2203 5797 Quomodo?
2254 5723 2419 5779 Juxta
2462 5718 2849 5776 conscientiam.
2904 5713 3036 5770 Nam
3081 5709 3348 5767 sacriﬁcia
3387 5724 3493 5761 non

1880 5821 2206 5878 amovehant
2258 5818 2452 5873 sordes
2492 5815 2560 5869 ab
2588 5814 2791 5878 anima,
2838 5809 2933 5865 sed
2965 5808 3141 5863 adhuc
3168 5809 3323 5858 erant
3351 5801 3493 5858 circa

3147 5895 3189 5963 8
