4060 6400
588 334 687 391 119

574 477 804 531 corpus:
832 457 1127 515 Secundum
1168 455 1324 525 legem
1354 450 1508 512 enim,
1539 446 1733 517 inquit,
1771 441 1999 495 mandati
2042 456 2159 531 ear-

576 558 708 611 untis
730 554 918 615 (Hebr.
949 553 1002 606 7.
1036 530 1292 619 16).Non
1326 550 1572 614 poterant
1602 540 1745 594 enim
1768 535 2039 589 dimitti-rc
2064 530 2159 586 ad-

577 648 848 710 ulterium,
884 658 1061 714 neque
1101 638 1325 700 ca‘dem,
1360 649 1538 704 neque
1582 628 1945 698 sacrilegium.
1975 623 2162 687 Vides,

578 741 695 795 lloc
719 738 932 809 quidem
961 730 1233 792 comedas,
1266 726 1399 783 illud
1434 740 1538 778 non
1578 718 1865 776 comedas?
1891 730 2013 787 quae
2040 715 2163 809 qui-

578 832 700 886 dem
719 807 1237 883 s—untindil’fereutia.
1256 816 1588 875 Solummodo
1606 815 1657 865 in
1675 811 1796 865 cibis
1818 818 1863 862 et
1885 809 1937 862 in
1964 807 2166 879 potibus

580 924 669 979 10.
697 932 743 975 ct
770 922 821 973 in
843 918 991 973 variis
1016 912 1416 983 baptismatt'bus.
1435 909 1565 971 Hoc,
1584 905 1777 975 inquit,
1800 902 1921 956 bibe
1950 915 2165 969 :quam-

577 1029 735 1087 quam
780 1014 848 1068 de
876 1021 998 1081 potu
1022 1009 1150 1063 nihil
1181 1001 1706 1063 eratconstitutum;
1756 994 1850 1051 scd
1894 996 2008 1047 lucc
2029 992 2159 1047 dicit

579 1084 939 1177 vilipendens.
966 1102 1032 1156 Et
1060 1101 1211 1155 variis
1234 1093 1638 1167 baptismatibus,
1670 1100 1717 1144 et
1735 1087 1949 1160 justitiis
1973 1084 2164 1177 carnis,

582 1174 738 1270 usque
769 1196 837 1250 ad
876 1206 1069 1265 tempus
1096 1183 1421 1245 correctionis
1446 1182 1721 1253 impositis.
1750 1179 1877 1235 litec
1910 1185 1995 1231 est
2020 1174 2165 1230 enim

580 1292 782 1364 iustitia
824 1288 1022 1343 carnis.
1066 1284 1164 1339 llic
1192 1278 1453 1336 sacrificia
1501 1275 1717 1345 dejicit,
1760 1270 2052 1364 ostendens
2104 1282 2168 1323 ea

586 1360 781 1440 nullam
814 1380 1072 1435 habuisse
1107 1378 1381 1438 virtutem,
1414 1378 1470 1424 et
1491 1368 1653 1420 fuisse
1675 1378 1844 1431 usque
1865 1360 1930 1415 ad
1960 1369 2171 1429 tempus

584 1471 955 1535 correctionis;
986 1469 1088 1523 hoc
1109 1476 1211 1532 est,
1235 1472 1578 1532 exspectasse
1595 1466 1804 1525 tempus
1820 1451 1962 1522 quod
1993 1450 2171 1505 omnia

585 1567 839 1636 corrigat.
872 1564 959 1617 11.
992 1560 1224 1615 Christus
1252 1564 1421 1609 autem
1454 1551 1697 1605 assistens
1720 1545 1955 1636 pontifex
1973 1542 2173 1636 futuro-

590 1676 701 1714 rum
732 1631 1014 1717 bonorum,
1046 1667 1133 1721 per
1170 1643 1393 1718 amplius
1419 1654 1463 1698 et
1492 1638 1762 1713 perfectius
1793 1631 2173 1689 tabernaculum

590 1768 691 1807 non
714 1746 1105 1815 .manufactum.
1133 1741 1364 1795 Carnem
1396 1736 1481 1789 hic
1510 1732 1659 1789 dicit.
1693 1730 1861 1785 Recte
1882 1734 2059 1780 autem
2089 1722 2174 1776 di-

592 1843 669 1898 xit
710 1839 886 1909 majus
912 1844 966 1891 et
996 1831 1305 1904 perfectius,
1356 1824 1619 1896 siquidem
1662 1830 1715 1875 et
1746 1820 1884 1873 Deus
1918 1815 2149 1909 turbant

606 1943 659 1987 et
687 1907 930 1984 universa
960 1922 1201 1994 operatio
1220 1919 1450 1989 Spiritus
1471 1918 1521 1970 in
1550 1930 1615 1969 eo
1638 1912 1873 1965 habitat:
1908 1908 2029 1961 Non
2044 1907 2178 1960 enim

589 2016 655 2067 nd
688 2028 973 2068 mensuram
1004 2010 1090 2063 dat
1124 2009 1261 2062 Deus
1287 2005 1539 2079 spiritum.
1571 2005 1669 2057 Ant
1694 1999 1983 2071 perfectius
2016 1996 2167 2061 dicit,

592 2118 647 2159 ut
677 2116 732 2160 et
754 2108 805 2159 in
840 2103 979 2175 qtzod
1012 2119 1115 2156 non
1147 2100 1301 2155 cadat
1319 2095 1683 2167 reprehensio,
1724 2102 1778 2148 et
1803 2090 1944 2163 quod
1973 2092 2173 2158 majora

590 2207 733 2253 recte
762 2204 928 2268 gerat.
980 2191 1043 2247 ιιι
1070 2203 1163 2257 est,
1220 2207 1320 2244 non
1348 2188 1502 2259 hujus
1549 2184 1841 2240 creationis.
1873 2182 2012 2237 Ecce
2038 2194 2173 2252 qug-

592 2290 749 2345 modo
779 2288 981 2358 majus:
1016 2301 1122 2340 non
1174 2292 1316 2338 esset
1364 2281 1509 2335 enim
1550 2294 1615 2331 ex
1660 2277 1872 2345 spiritu,
1919 2275 1964 2329 si
2014 2272 2176 2326 homo

594 2398 763 2455 ipsum
782 2379 1187 2437 construxisset.
1222 2373 1341 2428 Non
1366 2374 1518 2444 hujus
1535 2368 1819 2431 creationis,
1847 2365 2017 2436 inquit
2037 2381 2050 2426 ;
2073 2362 2175 2418 hoc

595 2487 696 2543 est,
724 2491 825 2529 non
848 2482 1016 2529 estex
1047 2470 1129 2523 his
1176 2468 1335 2522 rebus
1368 2467 1579 2525 creatis,
1600 2461 1693 2515 sed
1720 2456 2011 2527 spiritualis
2026 2470 2177 2509 crea-

593 2568 752 2623 tionis
787 2584 799 2619 :
829 2582 894 2621 ex
938 2563 1138 2633 Spiritu
1181 2559 1326 2613 enim
1369 2563 1557 2611 sancto
1606 2559 1979 2608 constructum
2034 2554 2169 2601 erat.

593 2658 754 2713 Vides
781 2652 1048 2727 quomodo
1089 2660 1144 2706 et
1169 2646 1568 2704 tabernaculum
1602 2652 1657 2699 et
1703 2642 1877 2697 velum
1908 2647 1964 2693 et
1983 2638 2173 2693 caelum

592 2760 747 2806 νηί-οι
774 2746 1013 2819 corpus?
1054 2745 1157 2801 Per
1198 2744 1365 2815 majus
1390 2750 1436 2795 et
1461 2738 1734 2811 perfectius
1761 2732 2175 2795 tabernaculum;

591 2840 803 2904 deinde,
828 2838 931 2894 Per
953 2836 1142 2902 velum,
1171 2834 1266 2889 hoc
1295 2841 1391 2895 est,
1425 2844 1629 2884 carnem
1661 2840 1845 2890 suam;
1875 2832 1931 2879 et
1951 2835 2137 2878 rursus
2158 2862 2172 2884 ,

593 2934 659 2989 lu
689 2932 927 2987 interiora
945 2927 1043 2983 veli
1070 2926 1255 2997 (Hebr.
1289 2924 1343 2980 ϐ.
1378 2920 1507 2991 19);
1555 2930 1613 2975 et
1640 2931 1848 2982 rursus,
1876 2912 2179 2985 Ingredien-

595 3037 691 3079 tem
716 3026 770 3077 in
796 3031 969 3077 sancta
997 3027 1311 3081 sanctorum,
1348 3025 1408 3071 ut
1444 3017 1701 3083 appareat
1724 3007 1893 3062 vultui
1921 3006 2032 3060 Dei.
2067 3005 2178 3060 Cur

593 3131 722 3187 ergo
770 3113 872 3169 hoc
923 3111 1087 3168 facit?
1134 3107 1203 3165 Ut
1247 3119 1345 3161 nos
1368 3104 1563 3160 doceat
1592 3097 1889 3156 secundum
1934 3095 2081 3187 aliud
2122 3104 2181 3151 et

595 3186 739 3263 aliud
772 3204 1131 3275 significatum
1160 3196 1409 3255 eumdem
1438 3208 1559 3249 esse
1586 3204 1915 3247 sermonem.
1940 3186 2177 3257 Utputa,

595 3301 772 3354 velum
801 3297 991 3351 Ctelum
1024 3301 1142 3349 est:
1184 3291 1326 3346 sicut
1353 3287 1495 3343 enim
1540 3284 1716 3338 velum
1749 3280 1911 3336 veluti
1943 3277 2177 3349 quodam

593 3404 748 3445 muro
777 3393 958 3442 sancta
982 3391 1216 3453 separat,
1240 3381 1317 3434 sic
1339 3390 1465 3432 cam
1481 3374 1711 3429 occultat
1734 3371 2064 3426 divinitatem
2081 3408 2095 3434 ,
2124 3375 2181 3424 et

597 3495 723 3535 caro
763 3479 887 3533 item
915 3486 997 3533 est
1028 3472 1449 3532 tabernaculum,
1481 3465 1812 3522 divinitatem
1854 3462 2092 3526 habens;
2124 3468 2182 3516 et

597 3571 1000 3628 tabernaculum
1051 3581 1237 3621 rursus
1284 3564 1502 3625 cadum;
1547 3558 1655 3613 illic
1705 3557 1847 3611 enim
1902 3565 1984 3611 est
2034 3554 2178 3610 intus

599 3663 856 3731 pontifex.
883 3658 1115 3716 Christus
1140 3665 1329 3721 autent,
1360 3652 1557 3723 inquit,
1586 3666 1700 3704 cum
1725 3646 2016 3702 accessisset
2044 3661 2177 3716 pon-

596 3758 735 3826 tifex.
769 3752 883 3807 Non
909 3752 1060 3815 dixit,
1092 3748 1223 3804 Cum
1255 3745 1426 3802 factus
1450 3750 1615 3808 esset,
1642 3740 1757 3803 sed,
1779 3740 1905 3794 Cum
1934 3737 2178 3794 accessis-

594 3859 701 3911 set;
731 3848 831 3901 hoc
858 3854 961 3907 est,
988 3857 1109 3897 cum
1152 3840 1219 3895 ad
1264 3839 1365 3893 hoc
1397 3838 1571 3907 ipsum
1604 3835 1860 3898 venisset,
1891 3846 1997 3885 non
2023 3828 2179 3885 alteri

593 3940 973 3995 successisset:
1010 3952 1115 3990 non
1147 3936 1291 4003 prius
1335 3932 1583 3993 accessit,
1618 3940 1671 3983 et
1702 3938 1828 3982 tunc
1850 3925 2022 3980 factus
2056 3932 2177 3991 est;

593 4031 687 4084 sed
733 4028 959 4084 simulac
1007 4026 1170 4079 venit.
1211 4024 1279 4077 Et
1327 4036 1431 4075 non
1474 4020 1605 4075 dixit
1638 4037 1651 4073 :
1680 4018 1814 4073 Cum
1864 4016 2178 4072 accessisset

597 4119 829 4189 pontifex
868 4132 1197 4186 coruntqum
1245 4116 1641 4173 sacrilicantur,
1694 4110 1813 4171 sed,
1862 4106 2173 4162 Futurorum

595 4214 855 4277 bonorum,
900 4224 966 4265 eo
1006 4208 1149 4279 quod
1190 4223 1294 4262 non
1328 4214 1508 4275 posset
1555 4204 1863 4258 universum
1910 4200 2179 4270 explicare

593 4303 784 4357 oratio.
818 4302 907 4355 l2.
959 4299 1139 4373 Neque
1168 4315 1256 4369 per
1280 4298 1579 4368 sanguinem
1622 4296 1878 4349 hircorum
1916 4302 2005 4347 aut
2048 4294 2179 4348 vitu—

592 4397 776 4450 lorum.
806 4392 997 4450 Omnia
1029 4400 1155 4445 sunt
1186 4390 1484 4443 immutata.
1510 4387 1616 4440 Sed
1648 4402 1736 4455 per
1767 4385 2031 4453 proprium
2058 4399 2180 4437 san-

592 4486 795 4557 guinem
825 4482 1048 4538 introivit
1093 4481 1247 4535 sentel
1284 4481 1337 4533 in
1384 4488 1581 4533 sancta.
1627 4476 1766 4531 Ecce
1814 4476 1939 4530 illud
1974 4474 2181 4530 vocavit

591 4576 803 4631 etclam.
831 4572 1023 4640 Semel,
1061 4572 1253 4641 inquit,
1280 4569 1501 4624 introivit
1542 4570 1594 4622 in
1632 4577 1827 4631 sancta,
1876 4577 2066 4621 aeterna
2092 4581 2177 4619 re-

594 4668 879 4739 demptione
920 4667 1137 4720 inventa.
1180 4662 1248 4719 Et
1286 4661 1435 4726 illud,
1476 4661 1709 4727 Inventa,
1739 4669 1821 4715 est
1862 4677 1927 4715 ex
1972 4661 2037 4714 iis
2056 4676 2178 4732 quas

587 4766 712 4815 sunt
741 4757 895 4811 valde
928 4756 1111 4821 dubia,
1154 4764 1209 4810 et
1239 4763 1432 4824 prteter
1462 4752 1941 4822 exspectationem,
1974 4767 2168 4821 nempe

587 4850 860 4920 quomodo
910 4864 1004 4918 per
1034 4864 1195 4903 unum
1226 4847 1504 4903 introitum
1532 4854 1790 4901 attentam
1842 4843 2045 4899 invenit
2082 4859 2163 4899 re.

588 4942 972 5011 demptionem.
1002 4942 1206 4996 Deinde
1252 4942 1493 5009 sequitur
1544 4940 1595 4993 id
1634 4940 1774 5009 quod
1803 4948 1888 4994 est
1912 4939 2169 4994 credibile

587 5045 642 5091 et
684 5034 913 5090 aiferens
970 5034 1127 5089 fidem
1172 5034 1301 5089 :15.
1344 5031 1405 5088 Si
1457 5034 1588 5087 enim
1648 5035 1861 5104 sanguis
1914 5033 2171 5086 hircorum

590 5138 634 5180 et
657 5136 936 5183 taurorum.
956 5135 1000 5179 et
1016 5126 1144 5179 cinis
1193 5126 1362 5180 vitula:
1392 5141 1629 5196 aspersus
1674 5126 1961 5193 inquinatos
1990 5125 2177 5177 sancti-

592 5219 709 5287 ﬁcat
738 5219 803 5270 ad
829 5218 1237 5271 emundationem
1275 5218 1481 5270 carnis:
1507 5217 1591 5270 14.
1622 5226 1808 5285 quanto
1854 5216 2013 5287 magis
2052 5234 2173 5269 san-

591 5310 705 5379 guis
738 5308 943 5375 Christi,
1000 5310 1085 5377 qui
1136 5326 1221 5377 per
1282 5309 1532 5379 Spiritum
1583 5318 1810 5361 sanctum
1855 5310 2176 5379 semetipsum

593 5404 772 5457 obtulit
830 5404 1212 5455 immaculatum
1260 5402 1367 5455 Deo
1397 5444 1411 5467 ,
1467 5402 1759 5455 emundabit
1814 5404 2172 5456 conscientiam

594 5504 817 5547 nostram
842 5494 903 5547 ab
916 5493 1149 5563 aperibus
1172 5494 1380 5546 mortuis
1407 5492 1475 5545 ad
1494 5493 1811 5545 serviendum
1833 5492 1937 5546 Deo
1954 5494 2172 5548 viventi?

592 5586 649 5642 Si
672 5588 834 5652 enim,
865 5587 1055 5655 inquit,
1078 5600 1295 5639 carnem
1322 5594 1495 5654 poteSt
1522 5585 1781 5639 mundare
1808 5585 2025 5654 Sanguis
2057 5593 2173 5638 tau-

598 5694 797 5739 rorum,
835 5678 999 5731 multo
1032 5676 1201 5747 magis
1224 5676 1415 5731 sordes
1444 5678 1637 5731 animm
1669 5676 1939 5745 abstergct
1961 5679 2177 5746 sanguis

595 5770 811 5827 L‘bristi.
842 5769 974 5827 Nam
1021 5787 1087 5827 ne
1126 5786 1249 5826 cum
1280 5770 1535 5837 audieris,
1586 5770 1885 5839 Sancti/ierit
1928 5787 2176 5843 magnum

1303 334 1360 386 S.
1399 329 1677 386 JOANNIS
1714 328 2193 384 CllRYSOSTUlll
2231 328 2547 386 AliClllEP.
2586 331 3128 391 CONSTANTINUP.

3772 339 3871 393 120

2276 444 2403 517 quid
2429 448 2723 510 existimes,
2759 446 2979 500 adnotat
3005 457 3056 500 et
3082 444 3316 500 ostendit
3342 447 3468 516 quid
3502 450 3718 502 intersit
3743 452 3882 503 inter

2279 547 2558 608 utramque
2589 538 3098 603 sanctiﬁcatiuuein,
3131 548 3185 593 et
3212 537 3484 607 quomodo
3513 538 3630 593 hmc
3655 540 3879 610 quidem

2277 642 2357 687 est
2385 630 2652 697 sublimis,
2686 630 2775 684 illa
2810 646 2937 685 vero
2966 628 3219 685 humilis:
3251 640 3303 685 et
3334 630 3466 686 dicit
3496 634 3695 687 merito
3726 632 3780 687 id
3812 634 3879 687 ita

2276 739 2417 790 esse,
2442 723 2709 794 siquidem
2733 723 2821 777 ille
2848 722 3068 792 quidem
3092 732 3173 777 est
3196 725 3415 793 sanguis
3440 733 3748 788 taurorum,
3794 724 3878 780 hic

2276 824 2454 870 autem
2482 812 2702 869 Christi.
2732 813 2843 868 Nec
2878 813 2975 867 fuit
3000 822 3288 869 contentus
3316 815 3557 879 nomine,
3584 815 3684 871 sed
3709 817 3874 871 etiam

2278 908 2493 963 modum
2526 907 2680 977 ponit
2714 906 3024 961 oblationis.
3071 904 3172 971 Qui
3207 923 3298 975 per
3325 906 3579 977 Spiritum
3612 918 3874 975 sanctum,

2277 1000 2462 1069 inquit,
2484 999 2808 1067 semetipsum
2835 996 3015 1051 obtulit
3051 995 3432 1051 immaculatum
3462 998 3608 1053 Deo:
3634 998 3745 1054 hoc
3770 1011 3872 1067 est,

2276 1089 2503 1144 hostiam
2535 1088 2955 1154 inunaculatam,
2986 1087 3241 1142 mundam
3268 1102 3296 1140 a
3329 1091 3585 1159 peccatis.
3613 1090 3755 1145 Illud
3780 1108 3877 1146 au-

2275 1192 2404 1246 tem,
2438 1181 2542 1236 Per
2569 1179 2827 1252 Spiritum
2853 1190 3107 1244 sanctum,
3143 1180 3193 1233 id
3239 1190 3341 1244 est,
3375 1197 3481 1235 non
3523 1197 3621 1251 per
3654 1184 3831 1254 ignem
3857 1229 3872 1251 ,

2275 1289 2379 1330 non
2418 1289 2514 1345 per
2541 1276 2716 1344 aliqua
2748 1274 2872 1327 alia.
2892 1271 3227 1338 Emundabit,
3267 1273 3475 1344 inquit,
3504 1278 3871 1331 conscientiam

2272 1375 2495 1421 nostram
2528 1365 2591 1418 ab
2617 1364 2853 1433 operibus
2886 1364 3119 1418 mortuis.
3152 1364 3320 1419 Recte
3350 1364 3506 1432 dixit,
3531 1366 3607 1420 Ab
3634 1369 3874 1438 aperibus

2272 1460 2503 1512 mortuis.
2526 1457 2579 1513 Si
2611 1457 2732 1525 quis
2758 1458 2900 1512 enim
2928 1467 3054 1511 tunc
3076 1457 3324 1526 tetigerat
3344 1469 3640 1525 mortuum,
3665 1460 3871 1530 pollue-

2272 1552 2459 1617 batur;
2490 1560 2546 1606 et
2591 1550 2678 1605 hic
2706 1550 2751 1604 si
2779 1550 2903 1620 quis
2936 1548 3171 1619 tetigerit
3223 1563 3361 1619 opus
3404 1560 3705 1617 mortuum,
3747 1553 3866 1621 pol-

2272 1643 2435 1697 luitur
2462 1657 2561 1715 per
2594 1640 3005 1697 conscientiam.
3052 1640 3132 1693 Ad
3158 1640 3499 1708 serviendum,
3534 1641 3729 1713 inquit,
3757 1643 3867 1698 Deo

2270 1734 2453 1787 viventi
2491 1743 2537 1787 et
2565 1750 2700 1786 vero.
2728 1732 2826 1787 Hic
2851 1730 3107 1795 ostendit,
3147 1730 3290 1801 quod
3325 1731 3441 1786 lleri
3471 1747 3579 1788 non
3607 1746 3793 1804 potest
3813 1750 3869 1792 ut

2268 1825 2355 1894 qui
2390 1833 2598 1878 mortua
2624 1823 2785 1879 habet
2806 1837 2993 1893 opera,
3026 1823 3229 1876 serviat
3257 1837 3383 1877 vero
3405 1832 3459 1877 et
3487 1824 3688 1880 viventi
3720 1827 3855 1884 Deo.

2268 1912 2619 1981 Merilodixit,
2644 1913 2747 1968 Deo
2764 1914 2943 1967 viventi
2964 1922 3009 1967 et
3027 1928 3162 1978 vero,
3178 1912 3467 1968 ostendens
3484 1914 3575 1969 illa
3593 1933 3719 1986 quae
3738 1919 3863 1975 olfe-

2266 2015 2458 2061 runtur
2487 2005 2584 2074 ipsi
2600 2005 2724 2059 talia
2740 2018 2859 2059 esse
2880 2003 3096 2058 debere.
3126 2002 3256 2071 Qua:
3272 2020 3301 2058 a
3320 2004 3475 2060 nobis
3513 2022 3643 2077 ergo
3667 2010 3865 2077 prode-

2260 2104 2377 2161 unt,
2418 2095 2650 2150 viventia
2689 2103 2745 2151 et
2794 2110 2919 2152 vera
2946 2104 3109 2149 sunt:
3140 2093 3229 2147 illa
3258 2107 3384 2147 vero
3411 2106 3532 2164 quas
3572 2106 3604 2146 a
3633 2090 3861 2157 Judzis,

2261 2195 2313 2238 et
2348 2196 2557 2239 mortua
2582 2196 2635 2240 et
2662 2184 2791 2241 falsa
2816 2204 2831 2253 ;
2862 2194 2915 2240 et
2934 2184 3152 2240 merito.

2331 2278 2384 2331 3.
2406 2276 2589 2332 Nullus
2614 2280 2773 2349 igitur
2803 2279 3005 2333 habens
3026 2293 3188 2349 opera
3215 2285 3425 2333 mortua
3456 2278 3563 2332 huc
3583 2274 3862 2347 ingredia-

2264 2378 2367 2422 tur.
2402 2368 2458 2425 Si
2489 2374 2627 2425 cnim
2658 2388 2779 2426 eum
2812 2372 2899 2441 qui
2929 2380 3196 2426 mortuum
3229 2385 3425 2440 corpus
3456 2370 3731 2441 tangebat,
3755 2383 3862 2424 non

2260 2463 2547 2532 Oportebat
2581 2464 2807 2533 ingredi,
2843 2464 3011 2517 multo
3037 2464 3207 2533 magis
3235 2478 3358 2517 eum
3399 2463 3489 2533 qui
3511 2477 3677 2533 opera
3702 2462 3863 2516 habet

2262 2561 2471 2606 mortua
2498 2568 2511 2605 :
2546 2561 2630 2607 est
2659 2552 2803 2608 enim
2828 2552 3051 2622 pollutio
3081 2552 3423 2623 gravissima.
3446 2551 3657 2606 Mortua
3680 2562 3859 2605 autem

2260 2655 2385 2700 sunt
2410 2662 2572 2716 opera
2599 2648 2778 2701 omnia
2806 2664 2927 2717 quae
2956 2648 3116 2701 vitam
3148 2662 3254 2703 non
3289 2647 3638 2718 habent,qu:e
3662 2654 3857 2702 tetrum

2268 2737 2479 2806 spirant
2506 2737 2748 2792 odorem.
2778 2738 2930 2793 Sit-ut
2954 2739 3097 2794 enim
3130 2754 3329 2809 corpus
3348 2749 3618 2794 mortuum
3646 2738 3714 2792 ad
3746 2737 3863 2792 nul-

2263 2825 2372 2880 lum
2401 2842 2617 2881 sensum
2648 2838 2731 2882 est
2757 2828 2909 2895 utile,
2942 2828 3038 2883 sed
3068 2830 3230 2883 etiam
3262 2830 3511 2884 molestia
3550 2827 3723 2884 aflicit
3771 2843 3863 2884 eos

2259 2917 2350 2987 qui
2378 2919 2812 2988 appropinquant
2846 2937 2858 2973 :
2890 2921 2959 2973 ita
2989 2922 3151 2975 etiam
3202 2932 3481 2992 peccatum
3516 2922 3698 2976 statim
3742 2921 3864 2975 ferit

2265 3007 2571 3063 facultatem
2612 3010 2992 3072 ratiocinandi.
3019 3019 3074 3065 et
3105 3027 3205 3067 nec
3242 3012 3411 3081 ipsam
3446 3011 3663 3081 quidem
3715 3027 3865 3067 men-

2263 3107 2370 3153 tem
2402 3099 2529 3153 sinit
2554 3099 2861 3169 quiescere,
2890 3100 2984 3154 sed
3013 3102 3177 3155 etiam
3205 3102 3314 3155 ciet
3343 3102 3630 3157 tumultum
3664 3110 3721 3156 et
3743 3116 3862 3156 eam

2262 3191 2556 3260 perturbat.
2614 3191 2821 3246 Dicitur
2872 3201 3051 3247 autem
3094 3195 3263 3263 pestis
3310 3208 3525 3264 quoque
3549 3202 3711 3249 enata
3739 3209 3863 3249 cor-

2263 3296 2515 3351 rumpere
2545 3297 2794 3351 corpora.
2827 3282 2957 3340 Tale
2974 3293 3057 3339 est
3083 3286 3245 3340 etiam
3278 3295 3557 3356 peccatum
3593 3304 3606 3341 :
3639 3303 3670 3340 a
3714 3295 3865 3359 peste

2266 3372 2397 3428 nihil
2452 3374 2653 3442 differt,
2679 3392 2785 3431 non
2810 3391 2989 3433 aerem
3020 3379 3250 3447 primum
3278 3380 3865 3451 corruntpens,deinde

2262 3476 2510 3532 corpora,
2543 3466 2638 3521 sed
2671 3468 2851 3522 statim
2884 3469 2939 3522 in
2974 3470 3208 3523 animam
3236 3470 3504 3528 insiliens.

2340 3553 2511 3609 Morbi
2533 3558 2719 3610 anima:
2744 3558 2933 3613 morbis
2952 3561 3179 3630 corporis
3210 3562 3429 3631 pejores.
3454 3562 3608 3616 Antor
3638 3564 3867 3632 pecunia

2265 3654 2509 3713 quantum
2538 3644 2752 3700 malum.
2777 3676 2849 3689 --
2869 3646 2983 3702 Non
3008 3649 3153 3704 rides
3174 3663 3269 3705 eos
3297 3652 3385 3720 qui
3416 3660 3563 3721 peste
3593 3651 3863 3715 laborant,

2266 3735 2537 3804 quomodo
2558 3734 2977 3807 inﬂammantur,
2992 3740 3263 3810 quomodo
3277 3742 3547 3812 agitantur
3563 3752 3615 3798 et
3636 3744 3867 3800 circum-

2263 3827 2568 3895 volvuntur,
2588 3828 2858 3898 quomodo
2871 3831 3058 3887 ftetore
3074 3842 3197 3885 sunt
3215 3833 3375 3901 pleni,
3412 3848 3568 3903 quam
3585 3840 3757 3906 turpis
3788 3844 3870 3891 est

2268 3932 2455 3975 eorum
2484 3931 2749 3990 aspectus,
2782 3936 2941 3991 quam
2974 3923 3065 3977 toti
3091 3933 3215 3977 sunt
3236 3924 3535 3979 immundi?
3559 3924 3720 3981 Tales
3746 3938 3869 3983 sunt

2268 4013 2427 4067 etiam
2450 4014 2539 4083 qui
2561 4023 2803 4081 peccant,
2829 4016 3037 4069 etiamsi
3058 4032 3163 4070 non
3195 4016 3429 4072 videant.
3451 4016 3581 4071 Nam
3604 4018 3692 4073 dic
3714 4018 3866 4085 mihi,

2271 4119 2446 4159 annon
2478 4106 2665 4174 quovis
2684 4106 3022 4161 febricitante
3043 4116 3125 4162 est
3151 4108 3387 4165 deterior
3415 4110 3503 4180 qui
3523 4111 3764 4179 pecunia:
3780 4127 3868 4168 aut

2269 4210 2555 4265 corporum
2575 4207 2762 4267 captus
2778 4208 2859 4252 est
2876 4197 3167 4255 desiderio?
3186 4214 3362 4255 annon
3384 4201 3465 4255 his
3480 4211 3563 4257 est
3588 4202 3867 4270 impurior.

2269 4288 2359 4358 qui
2406 4289 2583 4341 omnia
2611 4290 2780 4358 turpia
2812 4291 2922 4359 agit
2963 4300 3015 4346 et
3040 4292 3275 4361 patitur?
3304 4291 3443 4361 Quid
3483 4300 3567 4347 est
3586 4292 3731 4347 enim
3756 4294 3871 4349 vim

2272 4380 2478 4449 turpius
2516 4381 2605 4449 qui
2639 4389 2850 4436 tenetur
2879 4396 3062 4437 amore
3092 4383 3506 4452 pecuniteinam
3521 4398 3871 4453 quacumque

2271 4472 2606 4536 meretrices,
2638 4488 2991 4542 quaecumque
3020 4476 3247 4529 scenica:
3291 4475 3547 4529 mulieres
3573 4490 3683 4528 non
3710 4489 3871 4530 recu-

2270 4570 2390 4616 sant
2417 4562 2617 4627 lacere,
2645 4580 2708 4617 ea
2736 4578 2836 4619 nec
2862 4565 2961 4619 iste
2986 4582 2999 4629 ;
3036 4566 3142 4621 imo
3173 4581 3297 4621 vero
3353 4574 3436 4621 est
3462 4566 3773 4634 verisimile,
3806 4568 3868 4621 il-

2272 4653 2353 4708 las
2419 4656 2588 4723 magis
2638 4673 2797 4725 quam
2850 4658 2990 4712 hunc
3039 4674 3309 4715 recusare.
3362 4659 3498 4725 Quid
3550 4660 3713 4727 dico,
3764 4675 3875 4717 non

2271 4749 2517 4802 recusat?
2572 4766 2659 4803 res
2712 4751 2913 4820 patitur
2952 4753 3197 4818 serviles,
3244 4753 3467 4809 adulans
3513 4753 3707 4823 quibus
3764 4770 3874 4811 non

2274 4853 2504 4907 Oportet.
2534 4844 2705 4898 audax
2737 4860 2919 4899 rursus
2951 4854 3005 4899 et
3058 4846 3334 4900 conlidens
3368 4847 3454 4900 ubi
3499 4864 3603 4901 non
3635 4859 3873 4919 oportet,

2262 4932 2463 5002 ubique
2512 4934 2832 5002 inaequalis:
2865 4934 2992 4989 viris
3032 4948 3177 5004 sche
3218 4934 3515 4999 sceleratis,
3558 4942 3613 4989 et
3643 4938 3859 5004 praesti-

2261 5024 2556 5093 giatoribus
2582 5026 2853 5095 corruptis
2877 5041 2939 5079 ac
2966 5026 3164 5095 pravis,
3191 5026 3345 5095 longe
3368 5026 3484 5095 ipso
3508 5034 3562 5079 et
3582 5028 3871 5095 pauperio-

2265 5115 2413 5169 ribus
2436 5124 2489 5169 ct
2516 5115 2899 5185 abjectioribus
2925 5115 3129 5171 assidet
3150 5123 3453 5182 assentans,
3480 5126 3533 5170 et
3562 5116 3684 5171 aliis
3710 5117 3869 5173 bonis

2265 5218 2318 5262 et
2339 5207 2532 5262 virtute
2561 5208 2798 5279 praeditis
2828 5209 3090 5265 insultans
3135 5221 3188 5264 et
3214 5210 3557 5265 contumeliis
3579 5221 3869 5280 appetens.

2267 5302 2460 5356 Vidisti
2496 5304 2762 5372 utrimque
2804 5304 3057 5373 probrum
3081 5314 3135 5359 et
3184 5304 3608 5373 impudentiam?
3630 5315 3713 5358 est
3744 5322 3872 5375 per—

2267 5395 2389 5448 inde
2421 5395 2635 5449 humilis
2689 5405 2887 5465 prmtcr
2929 5397 3169 5463 modum,
3214 5408 3377 5468 atque
3422 5412 3708 5467 arrogans.
3762 5400 3872 5457 Sed

2267 5487 2414 5541 domi
2448 5496 2591 5541 stant
2634 5488 2971 5555 meretrices,
3020 5500 3076 5545 et
3123 5492 3224 5545 hoc
3268 5502 3351 5545 est
3403 5506 3589 5546 earum
3634 5494 3868 5561 crimen,

2270 5568 2408 5646 quod
2468 5593 2661 5647 corpus
2713 5580 2946 5633 vendant
2994 5582 3235 5650 pecuniis
3270 5602 3282 5638 :
3314 5597 3499 5638 verum
3557 5596 3870 5654 paupertas,

2272 5669 2467 5735 inquit,
2490 5671 2649 5738 cogit,
2683 5680 2737 5724 et
2768 5670 2931 5725 fames
2958 5672 3237 5742 cogit,etsi
3262 5675 3492 5729 maxime
3522 5691 3591 5729 ne
3623 5676 3725 5731 hoc
3750 5677 3872 5747 qui-

2269 5759 2391 5813 dem
2418 5759 2611 5816 sufﬁcit
2640 5760 2706 5816 ad
2738 5762 3134 5821 excusationem
3167 5781 3179 5818 :
3214 5774 3455 5833 poterant
3484 5766 3627 5821 enim
3650 5766 3720 5821 ali
3742 5785 3870 5839 ope-
