4060 6404
609 374 702 430 121

609 489 876 559 ἔγκλημα.
913 487 993 540 ὅτι
1030 488 1090 539 τὸ
1137 487 1294 555 σῶμα
1339 482 1575 536 πωλοῦσι
1624 482 1920 549 χρημάτων
1947 474 2129 526 ἕνεκεν
2156 479 2170 493 ⁸

609 576 722 628 ἀλλ’
748 575 931 646 ἐχουσί
959 594 1076 628 τινα
1104 574 1417 640 ἀπολογίαν,
1446 571 1541 638 τὴν
1571 567 1758 620 πενίαν
1793 565 1884 617 καὶ
1914 562 2004 615 τὴν
2046 574 2175 612 κατ-

610 664 986 732 αναγκάζοντα
1006 661 1179 733 λιμόνο
1208 662 1255 712 εί
1276 660 1369 713 καὶ
1383 660 1450 711 τά
1476 657 1709 727 μάλιστα
1730 652 1847 707 οὐδὲ
1879 647 2037 704 τοῦτο
2060 649 2175 700 ίκα-

611 753 701 806 νὺν
727 753 806 816 είς
832 751 1120 817 ἀπολογίαν
1144 767 1158 782 ο
1187 749 1316 820 ἐξῆν
1356 749 1464 820 γάρ
1498 741 1864 816 ἐργαζομένας
1891 736 2176 807 διατρέφε-

612 839 756 896 σθαι.
801 837 1060 892 Ἐνταῦθα
1101 837 1158 890 δέ
1195 837 1428 906 ἕστηκεν
1472 837 1500 888 6
1528 831 1895 898 πλεονέκτης,
1938 825 2038 878 οὐκ
2085 822 2178 876 ἐπὶ

610 927 926 995 οίκήματος,
968 925 1082 979 ἀλλ’
1112 924 1204 978 ἐπὶ
1238 924 1341 992 τῆς
1385 923 1594 985 πόλεως
1637 919 1845 989 μέσης,
1891 916 1950 968 οὗ
1998 912 2176 982 σῶμα,

611 1014 746 1067 ἀλλά
792 1014 889 1085 τὴν
930 1014 1107 1084 ψυχὴν
1155 1013 1437 1086 προδιδοὺς
1477 1009 1552 1081 τῷ
1599 1009 1866 1076 διαὸόλῳ,
1911 1003 2050 1058 ὥστε
2086 1003 2180 1056 καὶ

612 1101 960 1168 συγγίνεσθαι
984 1104 1078 1156 καὶ
1105 1099 1442 1172 είσέρχεσθαι
1464 1098 1601 1169 πρὸς
1619 1096 1778 1151 αὐτὸν
1803 1092 1991 1162 ὥσπερ
2014 1091 2180 1152 ὅντως

611 1188 747 1258 πρὸς
777 1188 1001 1260 πόρνην,
1037 1190 1134 1242 καὶ
1162 1190 1262 1258 τὴν
1303 1186 1595 1257 ἐπιθυμίαν
1632 1182 1798 1237 αὑτοῦ
1834 1181 2011 1234 πᾶσαν
2043 1178 2181 1246 πλη-

612 1273 793 1342 ρώσας
821 1274 1098 1345 ἐξέρχεται
1125 1291 1138 1303 ·
1182 1275 1275 1327 καὶ
1317 1274 1484 1345 ὁρῶσι
1517 1273 1667 1324 πᾶσα
1707 1272 1740 1336 ἡ
1791 1268 1967 1331 πόλις,
1999 1266 2059 1318 ού
2088 1264 2181 1318 δύο

611 1360 803 1431 ἄνδρες
847 1362 940 1414 καὶ
982 1364 1149 1432 τρεῖς.
1184 1363 1293 1414 Καὶ
1335 1360 1492 1414 τοῦτο
1535 1361 1589 1413 δὲ
1635 1357 1742 1412 τῶν
1792 1354 2009 1424 πορνῶν
2053 1351 2180 1405 ἴδιόν

612 1450 780 1510 ἐςτιν,
809 1450 888 1502 ὅτι
920 1448 1012 1502 τοῦ
1043 1450 1102 1502 τὸ
1132 1450 1349 1520 χρυσίον
1380 1448 1611 1510 διδόντος
1635 1445 1738 1499 είσί
1763 1463 1776 1476 ·
1810 1443 1912 1497 κᾶν
1937 1442 2043 1512 γάρ
2064 1440 2184 1492 δοῦ-

612 1536 702 1600 λος
828 1537 927 1591 κᾶν
960 1538 1260 1610 ἐλεύθερος,
1290 1537 1394 1592 κᾶν
1426 1537 1744 1607 μονομάχος,
1778 1534 1881 1588 κᾶν
1912 1531 2179 1592 ὁστισοῦν,

613 1625 870 1698 προτείνῃ
899 1626 954 1678 δὲ
983 1626 1073 1679 τὸν
1105 1627 1317 1697 μισθὸν,
1362 1625 1746 1694 καταδέχονται
1772 1640 1786 1654 ·
1832 1621 1956 1686 τοὺς
1986 1619 2041 1673 δέ
2075 1637 2181 1689 μη-

613 1712 700 1764 δὲν
718 1714 1117 1784 προτείνοντας,
1149 1715 1248 1768 κᾶν
1267 1715 1482 1769 πάντων
1501 1708 1632 1766 ὦσιν
1656 1711 2046 1781 εὐγενέστεροι,
2073 1727 2182 1779 χω-

621 1800 704 1869 ρὶς
730 1801 823 1855 τοῦ
851 1804 1114 1875 ἀργυρίου
1145 1805 1204 1857 ού
1244 1807 1580 1875 προσίενται.
1618 1803 1788 1857 Τοῦτο
1822 1801 1918 1855 καὶ
1950 1799 2185 1854 ἐνταῦθα

618 1883 762 1943 οῦτοι
798 1890 1042 1946 ποιοῦσι·
1074 1894 1193 1957 τοὺς
1228 1894 1326 1963 μὲν
1358 1893 1550 1965 ὀρθοὺς
1580 1893 1894 1963 λογισμοὺς,
1929 1892 2057 1944 ὅταν
2084 1891 2184 1958 ἀρα

617 1977 806 2050 γύριον
844 1981 916 2051 μὴ
948 1980 1143 2052 ἔχωσιν
1169 2023 1182 2043 ,
1221 1981 1683 2054 ἀποστρέφονται-
1726 1983 1837 2044 τοῖς
1881 1979 1938 2033 δὲ
1971 1982 2186 2051 μιαροῖς

620 2068 710 2120 καὶ
735 2067 899 2132 ὅντως
943 2069 1293 2142 θηριομάχοις
1334 2073 1676 2140 συγγίνονται
1716 2071 1803 2124 διὰ
1843 2071 1904 2124 16
1941 2070 2184 2142 χρυσίον,

619 2155 711 2207 κα)⁵
758 2155 1077 2226 ἀσχημόνως
1124 2159 1502 2226 συγγίνονται,
1543 2161 1638 2213 καὶ
1685 2160 1744 2213 16
1792 2158 1985 2221 κάλλος
2025 2159 2186 2210 ἀπολ-

620 2239 806 2295 λύουσι
842 2244 940 2312 τῆς
965 2245 1162 2315 ψνχῆς.
1209 2246 1475 2320 Καθάπερ
1504 2245 1847 2318 γὰρ’ἐκεῖναι
1893 2247 2051 2316 φύσει
2090 2245 2188 2315 μέν

620 2330 877 2401 ειδεχθεῖς
905 2335 996 2385 καὶ
1026 2335 1268 2404 μέλαιναι
1301 2339 1393 2390 καὶ
1414 2337 1721 2405 ἀγροικίδες
1741 2337 1834 2389 καὶ
1855 2338 2076 2405 παχεῖαι
2097 2334 2190 2387 καὶ

620 2420 857 2491 ἄμορφοι
907 2424 998 2476 καὶ
1041 2425 1405 2478 κακὸπλαστοι
1434 2466 1449 2490 ,
1488 2427 1582 2480 καὶ
1627 2427 1892 2481 πάντοθεν
1920 2423 2141 2496 αἰσχραί
2173 2442 2186 2455 ·

619 2506 760 2560 οὓτω
787 2509 877 2562 καὶ
911 2513 964 2563 αί
994 2511 1197 2564 τούτων
1229 2512 1472 2580 γίνονται
1517 2512 1686 2583 ψυχαὶ
1711 2553 1726 2575 ,
1765 2514 1887 2567 οὐδὲ
1916 2517 2028 2578 τοῖς
2057 2513 2188 2577 ἔξω·

620 2593 712 2645 θεν
742 2595 1103 2667 ἐπιτρίμμασι
1146 2597 1243 2669 τὴν
1275 2599 1548 2670 ἀμορφίαν
1575 2601 1914 2670 συγκαλύψαι
1958 2602 2191 2672 δυνάμε-

620 2701 732 2738 ναι.
757 2682 923 2736 Ὅταν
948 2683 1055 2754 γάρ
1082 2685 1286 2756 ἐσχάτη
1370 2687 1653 2752 δυσείδεια,
1677 2689 1775 2742 ὅσα
1803 2690 1868 2743 ἂν
1894 2690 2190 2758 ἐπινοήσω-

623 2790 705 2826 σιν
730 2815 745 2838 ,
798 2768 916 2828 οὐδὲ
971 2771 1372 2845 ὑποκρίνασθαι
1411 2775 1686 2829 δύνανται.
1731 2777 1852 2831 Ὅτι
1895 2777 2004 2846 γὰρ
2044 2779 2194 2830 ἀναι-

624 2863 843 2929 σχυντία
867 2865 1068 2935 πόρνας
1093 2864 1257 2934 ποιεῖ,
1277 2863 1407 2922 ἀκού
1417 2882 1504 2918 σον
1518 2865 1612 2918 τοῦ
1631 2869 1911 2936 προφήτου
1923 2866 2188 2933 λέγοντος·

635 2949 1234 3022 Ἀπηναισχύντησας
1248 2956 1398 3024 πρὸς
1413 2957 1655 3019 πάντας,
1672 2955 1810 3023 ὄψις
1830 2956 2046 3024 πόρνης
2071 2954 2194 3024 ἐγέ-

622 3039 764 3091 νετό
793 3055 911 3094 σοι.
948 3041 1117 3095 Τοῦτο
1152 3044 1245 3096 καὶ
1275 3045 1409 3116 πρὸς
1438 3049 1563 3110 τοὺς
1591 3045 1914 3106 πλεονέκτας
1940 3043 2084 3095 ἐστιν
2115 3045 2193 3095 εἰ-

626 3127 769 3187 πεῖν,
801 3127 1315 3199 ἀπηναισχύντησας
1339 3133 1478 3203 πρὸς,
1503 3134 1730 3197 πάντας,
1760 3135 1821 3187 ού
1848 3129 1983 3201 πρὸς
2007 3129 2194 3184 τούσδε

626 3214 719 3265 κα)⁵
746 3214 953 3278 τούσδε,
990 3217 1123 3270 ἀλλὰ
1169 3219 1303 3287 πρὸς
1345 3219 1572 3283 πάντας.
1626 3222 1784 3288 Πῶς;
1831 3224 1904 3275 Οὐ
1942 3217 2153 3291 πατέρα
2178 3259 2193 3284 ,

625 3303 723 3374 οὐχ
751 3305 884 3369 υίὺν,
925 3307 983 3359 ού
1026 3311 1289 3375 γυναῖκα,
1337 3309 1398 3364 οὐ
1449 3311 1620 3378 φίλον,
1661 3313 1760 3365 οὐκ
1809 3310 2052 3379 ἀδελφὸν,
2098 3309 2196 3362 οὐκ

627 3393 939 3462 εὐεργέτην,
972 3395 1160 3450 οὐδένα
1183 3398 1368 3461 ἁπλῶς
1399 3399 1627 3452 αἰδεῖται
1653 3401 1680 3452 6
1710 3398 1969 3461 τοιοῦτος.
2004 3399 2111 3450 Καὶ
2144 3397 2196 3450 τί

627 3478 768 3546 λέγω
798 3480 947 3549 φίλον
979 3485 1071 3535 καὶ
1099 3485 1324 3552 ἀδελφὺν
1358 3489 1451 3539 καὶ
1486 3487 1733 3557 πατέρας
1779 3485 1942 3540 αὑτὸν
1982 3487 2081 3539 οὐκ
2112 3485 2197 3539 αί-

629 3567 798 3621 δεῖται
829 3570 918 3621 τὸν
951 3570 1102 3634 Θεὸν,
1135 3571 1270 3625 ἀλλά
1299 3573 1473 3628 πάντα
1507 3574 1674 3644 μῦθος
1699 3574 1846 3646 αὐτῷ
1871 3571 2008 3628 εἶναι
2031 3575 2194 3636 δοκεῖ,

630 3657 726 3711 καὶ¹
760 3658 894 3729 γελᾷ
938 3656 1041 3710 ὑπὸ
1085 3665 1184 3731 τῆς
1240 3660 1440 3732 πολλῆς
1484 3662 1789 3731 ἐπιθυμίας·
1823 3663 2056 3733 μεθύων,
2105 3663 2199 3716 καὶ

631 3745 750 3798 οὐδὲ
783 3748 847 3816 τῇ
890 3747 1024 3818 ἀκοῇ
1061 3749 1499 3821 παραδεχόμενός
1546 3769 1597 3804 τι
1631 3750 1739 3804 τῶν
1773 3751 2001 3819 ὠφελεῖν
2041 3751 2200 3804 αὑτὸν

633 3920 770 3972 Οὐαί
806 3939 926 3984 σοι,
964 3926 1215 3994 μαμωνᾶ,
1246 3926 1441 3996 καὶτῷ
1482 3926 1555 3998 μὴ
1587 3927 1761 3997 ἔχοντί
1802 3929 1891 3980 de!
1937 3925 2201 3981 Ἐνταῦθα

633 4007 643 4028 ⁹
665 4008 783 4081 153]
811 4010 1128 4081 διαπρίομαι
1159 4014 1260 4066 ὑπὸ
1280 4013 1373 4067 τοῦ
1397 4014 1569 4085 θυμοῦ
1596 4033 1608 4047 ·
1633 4016 1753 4067 ούαὶ
1781 4016 1887 4086 γὰρ
1903 4017 2013 4079 τοῖς
2029 4015 2200 4069 ταῦτα

631 4095 868 4163 λέγουσι,
904 4097 1005 4151 κᾶν
1045 4099 1101 4152 ἐν
1133 4100 1324 4168 γέλωτι
1368 4102 1619 4170 λέγωσιν.
1665 4104 1798 4156 Είπέ
1841 4121 1931 4170 μοι
1978 4103 2108 4174 γὰρ,
2139 4105 2197 4157 ού

631 4183 888 4252 τοιαύτην
911 4185 1136 4256 ἀπειλὴν
1163 4187 1453 4258 ἠπείλησεν
1481 4190 1508 4241 6
1535 4189 1667 4255 Θεὸς
1697 4191 1891 4258 λέγων’
1920 4193 2001 4245 Οὐ
2023 4177 2202 4244 δύνα-

633 4275 744 4325 σθε
790 4273 932 4328 δυσὶ
970 4277 1197 4342 κυρίοις
1240 4276 1590 4344 δουλεύειν;
1638 4281 1700 4333 σὺ
1749 4281 1805 4334 δέ
1851 4281 2063 4344 ἐκλύεις
2103 4282 2202 4352 τὴν

633 4362 881 4432 ἀπειλὴν,
919 4363 1143 4418 τοιαῦτα
1175 4365 1387 4436 τολμῶν
1428 4367 1758 4437 φθέγγεσθαι
1800 4369 1891 4422 ἐπὶ
1935 4371 2090 4440 κακῷ
2127 4371 2204 4440 τῷ

635 4449 898 4516 σεαυτοῦ;
945 4452 1044 4504 ούκ
1088 4453 1532 4526 είδωλολατρείαν
1578 4457 1743 4526 αὐτὴν
1786 4453 1922 4510 εἷναί
1967 4476 2131 4528 φησιν
2177 4460 2206 4511 6

639 4536 866 4601 Παῦλος,
897 4539 990 4591 καὶ
1022 4539 1113 4592 τὸν
1148 4541 1474 4612 πλεονέκτην
1502 4544 1890 4615 είδωλολάτρην
1917 4545 2107 4612 καλεῖ;
2140 4546 2203 4598 σὺ

635 4623 690 4676 δέ
718 4624 954 4694 ἕστηκας
979 4627 1152 4694 γελῶν
1184 4630 1326 4683 κατὰ
1360 4630 1457 4694 τὰς
1502 4631 1758 4700 βιωτικάς
1791 4640 2074 4700 γυναῖκας,
2117 4652 2206 4702 γε-

635 4711 944 4764 λωτοποιῶν
975 4714 1113 4766 κατά
1145 4714 1239 4777 τὰς
1269 4717 1326 4768 ἐν
1350 4720 1416 4787 τῇ
1455 4723 1625 4790 σκηνῇ
1651 4732 1674 4760 ι
1700 4736 1713 4785 ;

706 4800 766 4854 δ’.
795 4800 962 4854 Τοῦτο
996 4803 1171 4857 πάντα
1202 4803 1482 4875 ἀνέτρεψε,
1505 4806 1658 4861 τοῦτο
1695 4809 1959 4862 κατέϐαλε
1985 4827 1996 4838 ·
2035 4811 2208 4878 γέλως

638 4888 824 4954 γέγονε
857 4889 924 4941 τὰ
957 4890 1199 4961 ἡμέτερα
1243 4893 1337 4945 καὶ
1384 4893 1700 4964 πολιτισμὸς
1744 4897 1838 4948 καὶ
1882 4880 2166 4968 ἀστειόέης
2193 4917 2205 4929 '

638 4974 788 5027 οὐδὲν
811 4976 1086 5039 εὐσταθὲς,
1115 4977 1266 5031 οὐδὲν
1301 4980 1573 5048 στιϐαρόν.
1613 4983 1684 5036 Οὺ
1718 4984 1851 5052 πρὸς
1877 4986 2002 5048 τοὺς
2032 4985 2211 5056 βιωτι-

641 5061 768 5120 κοὺς
807 5061 1002 5132 ἄνδρας
1040 5064 1198 5133 μόνον
1229 5065 1371 5135 λέγω
1395 5067 1588 5134 ταῦτα,
1623 5070 1734 5124 ἀλλ’
1765 5066 1879 5122 οἴδα
1919 5070 2012 5136 οὒς
2040 5071 2212 5125 αἰνίτ-

641 5163 802 5215 τομαι
827 5164 838 5178 ’
871 5150 1105 5216 γέλωτος
1132 5152 1238 5222 γὰρ
1265 5154 1644 5226 ἐμπέπλησται
1683 5158 1715 5227 ἡ
1765 5159 2082 5230 Ἐκκλησία.
2116 5161 2212 5212 ’Ἂν

643 5236 673 5287 6
699 5237 842 5291 δεῖνα
870 5239 1080 5293 ἀστεῖον
1111 5242 1260 5312 εἴπῃ,
1286 5243 1457 5311 γέλως
1498 5245 1699 5310 εὐθέως
1733 5249 1789 5299 ἐν
1823 5251 1934 5310 τοῖς
1967 5248 2214 5318 καθημέ-

645 5343 754 5387 νοις
781 5327 1024 5394 γίνεται·
1063 5330 1155 5382 καὶ
1195 5332 1254 5383 τὸ
1284 5331 1617 5404 θαυμαστὸν,
1661 5337 1717 5388 ἐν
1748 5335 1897 5406 αὐτῷ
1931 5336 2006 5406 τῷ
2036 5336 2212 5407 καιρῷ

643 5415 740 5482 τῆς
771 5414 935 5484 εὐχῆς
962 5417 1019 5468 06
1054 5417 1312 5472 παύονται
1345 5423 1528 5475 πολλοὶ
1575 5424 1666 5476 τοῦ
1701 5426 1884 5495 γελᾷν.
1933 5425 2212 5494 Πανταχοῦ

644 5502 908 5569 χορεύειὸ
937 5503 1198 5570 διάΰολος,
1245 5513 1448 5573 πάντας
1490 5511 1794 5572 ἐνεδύσατο,
1836 5513 2048 5564 πάντων
2087 5529 2214 5580 κρα-

644 5591 726 5641 τεῖ
753 5606 764 5617 ’
810 5592 1104 5661 ἡτίμασται
1147 5596 1173 5646 6
1220 5597 1471 5667 Χριστὸς,
1521 5599 1867 5670 παρέωσται,
1907 5603 1963 5652 ἐν
2002 5601 2213 5664 οὐδενός

706 5711 722 5730 ⁸
758 5709 917 5788 {'mtf"
945 5719 1092 5788 γελῷν
1117 5723 1194 5768 καὶ
1219 5722 1300 5778 τὰς
1349 5723 1572 5784 βιωτικάς
1614 5724 1834 5784 γυναῖκας
1882 5727 2210 5786 γελωτοπευῖιν

644 5789 729 5827 τας
753 5775 798 5820 ἐν
823 5780 878 5836 τῇ
909 5785 1073 5839 σκηνῇ,
1290 5775 1298 5778 ⁷
1349 5775 1358 5784 '
1562 5775 1572 5779 '
1625 5775 1634 5784 '
1825 5775 1833 5780 '
1891 5775 1900 5786 ‘

1272 371 1326 426 S.
1363 363 1640 424 δωδεκιὸ
1677 353 2161 415 (ιίιιιγςοςτοδιι
2199 348 2514 405 ΑΗΕΙΗΕΡ.
2551 345 3096 404 CONSTAN'TINOP.

3761 338 3862 394 1‘32

2281 465 2396 516 ἐστι
2435 467 2648 536 μέρειὴ
2689 463 2974 534 ἐκκλησία.
3006 461 3119 514 Ούκ
3161 454 3383 511 ἀκούετε
3426 454 3639 508 Παύλου
3679 452 3864 520 λέγον⁴

2281 571 2388 617 τος·
2411 557 2765 622 Αἱσχρότης,
2780 554 2876 607 καί
2897 550 3253 622 μωρολογία,
3267 546 3360 599 καὶ
3378 544 3745 612 εὐτραπελία
3758 543 3863 611 dp-

2281 643 2436 709 θήτω
2463 643 2564 711 ἀφ’
2583 643 2770 708 ὐμῶιιτ
2793 643 2944 694 Μετὰ
2969 640 3069 708 τῆς
3091 638 3444 707 αίσχρότητος
3469 633 3568 704 τὴν
3597 632 3866 695 εὐτραπε-

2280 732 2398 784 λίαν
2433 732 2648 798 τίθησι·
2703 731 2766 782 σὺ
2805 729 2861 781 δέ
2897 728 3098 798 γελᾷςς
3146 723 3474 795 Μωρο).ογία
3508 721 3562 774 τί
3595 722 3714 771 ἐστι
3747 735 3762 782 ;
3801 719 3866 771 τὰ

2284 821 2450 890 μηδὲν
2492 818 2683 890 ἔχοντα
2725 819 3014 888 χρήσιμον.
3053 814 3220 883 Γελᾷς
3258 813 3318 865 δὲ
3347 812 3504 873 ὅλως,
3537 808 3634 861 καὶ
3661 806 3865 876 διαχεῖς

2281 910 2341 962 τὺ
2364 908 2654 976 πρόσωπον
2677 908 2704 960 6
2737 905 2981 978 μονάζων
3009 923 3024 972 ;
3057 907 3086 958 6
3111 900 3546 973 ἐσταυρωμένος,
3569 899 3596 950 6
3624 894 3862 954 πενθῶν.

2282 996 2480 1068 γελᾷς,
2529 995 2650 1048 είπέ
2698 1011 2824 1064 μοις
2871 993 2978 1046 Ποῦ
3013 990 3105 1044 τοῦ
3149 988 3386 1060 Χριστοῦ
3420 987 3580 1040 τοῦτο
3627 985 3865 1054 ἤκουσας

2287 1085 2599 1149 ποιοῦντος;
2630 1082 2903 1153 Ούδαμοῦ,
2936 1081 3072 1135 άλλά
3103 1077 3478 1148 κατηφοῦντος
3516 1074 3619 1144 μὲν
3666 1070 3866 1125 πολλά·-

2285 1191 2394 1238 κις.
2426 1174 2537 1226 Καὶ
2563 1173 2672 1240 γὰρ
2714 1173 2802 1225 ὅτε
2839 1170 2938 1241 τὴν
2983 1165 3344 1238 Ἰερουσαλὴμ
3369 1160 3529 1226 εἶδεν,
3570 1161 3864 1232 ἐδάκρυσε,

2285 1263 2379 1315 καὶ
2411 1262 2500 1314 ὅτε
2525 1261 2615 1313 τὸν
2647 1259 2912 1328 προδότην
2945 1256 3228 1326 ἐνενόησεν
3252 1296 3267 1320 ,
3299 1249 3575 1323 ἐταράχθη
3595 1289 3611 1311 ,
3653 1249 3752 1302 καὶ
3779 1247 3868 1301 ὅτε

2283 1350 2376 1401 τὸν
2405 1349 2653 1417 Λάζαρον
2686 1345 2908 1414 ἔμελλεν
2932 1344 3190 1415 ἐγείρειν,
3220 1341 3446 1395 έκλαυσε
3465 1358 3478 1371 ·
3508 1339 3572 1391 σὺ
3593 1337 3650 1390 δὲ
3674 1336 3865 1406 γε).ᾷς;

2286 1438 2348 1490 Εί
2379 1439 2470 1491 ἐπὶ
2493 1439 2601 1498 τοῖς
2641 1434 2842 1505 ἐτέρων
2876 1435 3266 1502 ἁμαρτήμασιν
3305 1431 3333 1482 ό
3381 1427 3455 1500 μὴ
3497 1428 3704 1496 ἀλγῶν,
3735 1443 3870 1480 κατ⁴

2285 1527 2509 1600 ηγορίας
2538 1526 2686 1593 ἄξιος
2710 1544 2723 1558 ο
2752 1528 2781 1578 6
2811 1526 2903 1579 ἐπὶ
2932 1526 3042 1588 τοῖς
3058 1522 3224 1577 αὑτοῦ
3247 1521 3564 1587 ἀναλγήτως
3593 1515 3873 1585 διακείμε-

2285 1634 2375 1679 νος
2398 1618 2492 1670 καὶ
2517 1615 2710 1684 γελῶν,
2733 1614 2888 1678 ποίας
2909 1614 3060 1667 ἐσται
3082 1609 3409 1679 συγγνώμης
3433 1606 3601 1671 ἄξιοςς
3633 1605 3871 1665 Πένθους

2285 1706 2314 1758 6
2343 1703 2532 1775 παρὼν
2575 1705 2764 1772 καιρὸς
2803 1703 2899 1756 καὶ
2929 1689 3182 1770 θλίψεως,
3224 1693 3591 1764 ὑπωπιασμοῦ
3627 1694 3726 1746 καὶ
3756 1691 3874 1744 δουο

2288 1792 2584 1861 λαγωγίας,
2620 1791 2846 1860 ἀγώνων
2883 1790 2978 1842 καὶ⁵
3021 1787 3260 1859 ἱδρώτων
3288 1801 3302 1814 ·
3337 1784 3402 1837 σὺ
3432 1783 3488 1836 δὲ
3519 1781 3688 1851 γελᾷς
3715 1798 3730 1844 ;
3759 1781 3873 1846 Οὐχ

2287 1885 2417 1955 ὁρᾷς
2440 1884 2556 1946 πῶς
2586 1879 2888 1950 ἐπετιμήθη
2919 1879 3123 1950 Σάρρα;
3148 1877 3249 1930 οὐκ
3274 1872 3492 1932 ἀκούεις
3515 1870 3608 1924 τοῦ
3632 1866 3871 1939 Χριστοῦ

2287 1973 2554 2042 λέγοντοςο
2585 1971 2732 2026 Οὐαί
2763 1973 2817 2024 οι
2841 1967 3154 2040 γελῶντες,
3183 1966 3271 2019 ὅτι
3304 1963 3716 2020 autat-conm;
3740 1958 3876 2010 Ταῦ-

2289 2077 2356 2114 τα
2383 2058 2602 2128 ψάλλεις
2620 2057 2742 2110 καθ’
2760 2056 2995 2125 ἐκάστην
3019 2054 3254 2124 ἡμέραν.
3283 2051 3350 2104 Τί
3378 2049 3484 2118 γὰρ
3506 2047 3712 2114 λέγεις,
3751 2043 3871 2097 εἰπέ

2295 2165 2420 2216 μοι;
2452 2148 2530 2199 ὅτι
2576 2145 2870 2212 Ἑγέλασα;
2904 2141 3166 2211 Οὐδαμῶς
3189 2157 3203 2170 ·
3239 2138 3374 2193 ἀλλά
3399 2141 3451 2190 τί
3478 2154 3492 2202 ;
3537 2133 3874 2201 Ἒκοπίασα

2289 2235 2360 2288 ἐν
2388 2233 2465 2299 τῷ
2493 2231 2803 2301 στεναγμῷ
2838 2248 2978 2300 μου.
3015 2229 3177 2282 Ἀλλά
3207 2227 3348 2297 τάχα
3388 2225 3530 2287 τινές
3559 2225 3701 2277 εἰσιν
3727 2220 3871 2274 οῦτω

2290 2322 2670 2391 διακεχυμένοι
2706 2321 2797 2374 καὶ
2829 2318 3017 2388 χαῦνοι
3041 2360 3054 2378 ,
3088 2317 3163 2379 ὡς
3203 2315 3295 2369 καὶ
3330 2317 3388 2367 ἐν
3436 2315 3502 2382 τῇ
3552 2312 3872 2378 ἐπιτιμήσει

2293 2411 2459 2482 ταύτῃ
2482 2410 2666 2480 γελᾷν,
2690 2409 2771 2462 ὅτι
2798 2408 2860 2478 δὴ
2885 2407 3012 2476 περὶ
3032 2406 3266 2473 γέλωτος
3289 2401 3462 2456 ταῦτα
3483 2397 3870 2468 διαλεγόμεθα.

2292 2501 2402 2554 Καὶ
2430 2503 2535 2568 γὰρ
2563 2497 2800 2552 τοιοῦτόν
2832 2499 2978 2549 ἐστιν
3017 2497 3050 2566 ὴ
3092 2491 3405 2564 παραφορὰ,
3435 2489 3662 2558 τοιαύτη
3693 2489 3728 2558 ἠ
3775 2505 3872 2541 πα·

2298 2586 2590 2657 ραττληξία,
2623 2585 2742 2638 οὑδέ
2769 2583 3084 2638 αἰσθάνεται
3117 2581 3213 2651 τῆς
3244 2579 3643 2648 ἐπιτιμήσεως.

2366 2674 2515 2748 [156]
2547 2676 2816 2744 Ἔστηκεν
2844 2674 2871 2725 6
2905 2673 3083 2742 ἱερεὺς
3108 2671 3200 2722 τοῦ
3231 2666 3367 2722 Θεοῦ
3401 2669 3498 2735 τὴν
3530 2667 3749 2718 πάντων
3780 2663 3872 2715 εὐ-

2297 2766 2394 2836 χὴν
2426 2765 2709 2835 ἀναφέρων
2737 2780 2748 2792 ·
2789 2763 2851 2815 σὺ
2894 2762 2947 2814 δὲ
2992 2760 3156 2831 γελᾷς
3181 2800 3194 2820 ,
3242 2757 3395 2811 οῦδὲν
3443 2753 3741 2816 δεδοικώς;
3783 2751 3874 2805 καὶ

2301 2855 2504 2914 ἐκεῖνος
2550 2850 2648 2920 μὲν
2690 2849 2906 2920 τρέμων
2942 2849 3083 2918 ὑπὲρ
3114 2844 3207 2899 σοῦ
3243 2845 3342 2906 τὰς
3380 2842 3546 2913 εὐχὰς
3587 2839 3870 2910 ἀναφέρει,

2300 2942 2364 2995 σὺ
2394 2940 2450 2993 δὲ
2478 2941 2834 3008 καταφρονεῖς
2861 2955 2874 3002 ;
2914 2937 3026 2989 Οὐκ
3051 2933 3268 2996 ἀκούεις
3300 2935 3399 3002 τῆς
3427 2929 3651 3000 Γραφῆς
3685 2926 3873 2995 λεγού-

2299 3048 2430 3102 σης·
2467 3029 2610 3083 Οὐαὶ
2649 3031 2702 3081 οἱ
2744 3023 3184 3092 καταφρονηταί
3201 3037 3219 3085 ;
3252 3021 3311 3074 οὐ
3357 3019 3639 3088 φρίττεις;
3686 3016 3748 3068 ού
3781 3031 3876 3068 συ-

2301 3117 2538 3179 στέλλεις
2573 3114 2800 3179 σαυτόν;
2832 3113 2942 3165 Καὶ
2984 3111 3064 3173 είς
3100 3109 3199 3178 μὲν
3243 3106 3490 3177 βασίλεια
3533 3103 3743 3169 εἰσιὼν,
3784 3102 3878 3155 καὶ

2302 3205 2538 3278 σχήματι
2569 3203 2661 3254 καὶ
2697 3199 2968 3270 βλέμματι
2999 3199 3095 3250 καὶ
3137 3194 3430 3265 βαδίσματι
3468 3192 3563 3246 καὶ
3601 3193 3737 3245 πᾶσι
3767 3191 3880 3251 τοῖς

2299 3276 2475 3355 ἄλλοις
2505 3291 2728 3360 κοσμεῖς
2761 3285 2988 3340 σαυτόν·
3036 3281 3270 3336 ἐνταῦθα
3306 3281 3392 3343 δὲ,
3437 3277 3566 3331 ἔνθα
3610 3276 3681 3329 τὰ
3709 3276 3878 3335 δντως

2300 3386 2417 3437 ἐστ)⁸
2449 3382 2710 3453 βασίλεια,
2739 3380 2833 3433 καὶ
2866 3374 3090 3431 τοιαῦτα
3129 3369 3218 3429 οἵα
3258 3371 3328 3428 τὰ
3368 3370 3597 3441 οὐράνια
3618 3405 3633 3430 ,
3666 3369 3764 3420 καί
3791 3382 3881 3434 γε-

2300 3473 2430 3545 λᾷς;
2464 3471 2533 3524 Σὺ
2560 3471 2657 3541 μὲν
2685 3464 2776 3520 οῦν
2804 3463 2918 3518 οἶδα
2947 3466 3026 3518 ὅτι
3050 3464 3149 3533 οὐχ
3187 3462 3319 3533 ὁρᾷς
3344 3475 3356 3489 ·
3391 3459 3555 3513 ἄκουε
3585 3455 3642 3509 δέ
3677 3456 3762 3508 ὅτι
3789 3453 3885 3522 άγο

2301 3563 2447 3631 γελοι
2473 3561 2694 3631 πάρεισι
2723 3555 3016 3625 πανταχοῦ,
3050 3554 3143 3607 καὶ
3173 3551 3406 3622 μάλιστα
3433 3549 3491 3601 ἐν
3521 3546 3597 3616 τῷ
3626 3545 3763 3614 οἴκῳ
3788 3543 3881 3596 τοῦ

2301 3651 2435 3706 Θεοῦ
2467 3650 2844 3720 παρεστήκασι
2879 3645 2956 3716 τῷ
3002 3642 3232 3714 βασιλεῖ,
3263 3641 3357 3695 καὶ
3387 3638 3563 3691 πάντα
3594 3634 3884 3720 ἐμπέπλη-

2304 3758 2423 3794 σται
2452 3739 2560 3792 τῶν
2603 3734 2908 3805 ἀσωμάτων
2949 3731 3172 3785 ἐκείνων
3214 3727 3517 3797 δυνάμεων.
3563 3717 3734 3784 Οῦτος
3765 3721 3888 3789 ἐμοὶ

2305 3830 2394 3884 καὶ
2430 3827 2568 3898 πρὸς
2613 3826 2875 3893 γυναῖκας
2907 3823 2934 3874 ὀ
2961 3820 3138 3886 λόγος,
3173 3815 3229 3870 αἳ
3272 3816 3363 3868 ἐπὶ
3395 3812 3496 3882 μέν
3535 3809 3644 3898 τῶν
3677 3807 3886 3877 ἀνδρῶν

2304 3919 2363 3972 οὐ
2393 3915 2634 3986 τολμῶσι
2663 3911 2821 3966 τοῦτο
2857 3909 3033 3960 ποιεῖν
3061 3905 3291 3975 ταχέως,
3325 3901 3430 3955 κᾶν
3461 3896 3658 3951 ποιῶσι
3683 3896 3763 3956 δὲ,
3789 3896 3887 3948 οὐκ

2305 4007 2411 4068 ἀεὶ,
2441 3980 2574 4056 ἀλλά
2606 3999 2754 4067 παρά
2781 3996 2884 4062 τὸν,
2907 3993 3098 4062 καιρὸν
3123 3990 3222 4060 τῆς
3251 3986 3488 4046 ἀνέσεως
3514 4000 3526 4011 ·
3561 3980 3805 4036 ἐνταῦθα
3835 3981 3888 4032 δὲ

2307 4097 2411 4150 ἀεί.
2443 4089 2916 4151 Κατακαλύπτεις,
2948 4084 3068 4138 εἰπέ
3099 4099 3211 4153 μοι,
3241 4078 3340 4150 τὴν
3370 4075 3635 4145 κεφαλὴν,
3672 4073 3770 4128 καὶ
3799 4089 3889 4140 γεο

2305 4186 2423 4255 λᾷς,
2457 4177 2502 4235 ὦ
2530 4181 2710 4249 γύναι,
2739 4179 2796 4230 ἐν
2838 4172 3104 4243 ἐκκλησίᾳ
3145 4167 3428 4239 καθημένη
3458 4182 3471 4231 ;
3520 4162 3780 4255 εἰσῆλθες
3808 4157 3891 4255 ἐς·

2306 4248 2741 4342 ομολογήίσασθαι
2771 4266 2837 4318 τὰ
2868 4263 3265 4334 ἁμαρτήματα,
3285 4254 3616 4342 προσπεσεῖν
3635 4251 3715 4320 τῷ
3745 4248 3884 4320 Θεῷ,

2305 4339 2557 4429 δεηθῆναι
2587 4356 2679 4408 καὶ
2710 4351 2983 4406 ἱκετεῦσαι
3007 4349 3148 4417 ὑπὲρ
3178 4345 3286 4399 τῶν
3317 4341 3502 4396 κακῶς
3534 4355 3617 4392 σοι
3638 4339 3890 4408 πεπλημ-

2312 4420 2647 4518 μελημένων,
2685 4441 2777 4494 καὶ
2814 4438 2950 4508 μετὰ
2970 4436 3202 4504 γέλωτος
3234 4430 3390 4485 τοῦτο
3413 4430 3614 4492 ποιεῖς;
3644 4425 3772 4487 Πῶς
3799 4420 3892 4480 οὖν

2309 4514 2469 4588 αὑτὸν
2506 4526 2894 4598 ἐξιλεώσασθαι
2922 4525 3126 4594 δυνήσῃ
3155 4541 3171 4583 ;
3215 4520 3324 4574 Καὶ
3348 4519 3399 4572 τί
3430 4517 3600 4571 κακὸν
3631 4517 3660 4568 6
3691 4514 3890 4582 γέλως,

2312 4622 2473 4694 φησίν
2505 4640 2518 4687 ;
2549 4619 2623 4673 Οὐ
2653 4617 2819 4671 κακὸν
2844 4617 2872 4668 6
2899 4613 3090 4681 γέλως,
3129 4609 3266 4663 ἀλλὰ
3291 4608 3461 4661 κακὸν
3495 4605 3557 4658 τὸ
3597 4604 3754 4674 παρὰ
3798 4607 3894 4674 μέ-

2310 4691 2458 4783 τρον,
2488 4708 2546 4760 τὸ
2571 4704 2892 4776 ἄκαιρον.’0
2914 4700 3085 4769 γέλως
3114 4697 3354 4766 ἔγκειται
3377 4697 3434 4748 ἐν
3455 4694 3609 4764 ἡμῖν,
3649 4691 3739 4758 ἵν’,
3767 4692 3896 4746 ὃταν

2313 4779 2497 4869 φίλους
2532 4798 2729 4866 ἴδωμεν
2760 4793 2847 4846 διὰ
2898 4787 3110 4860 μακροῦ
3154 4787 3346 4857 χρόνου
3373 4824 3385 4846 ,
3416 4781 3577 4836 τοῦτο
3620 4779 3893 4851 ποιῶμεν.

2313 4891 2438 4943 ὅταν
2475 4885 2629 4948 τινὰς
2673 4876 3234 4948 καταπεπληγμένους
3276 4874 3370 4928 καὶ
3415 4870 3722 4934 δεδοικότας
3750 4911 3768 4935 ,
3815 4870 3902 4923 ἀν-

2314 4978 2460 5048 ῶμεν
2486 4976 2682 5036 αὐτοὺς
2702 4971 2777 5042 τῷ
2805 4969 3138 5041 μειδιάματι,
3168 4966 3265 5035 οὐχ
3291 4965 3377 5016 ἵνα
3393 4959 3898 5030 ἀνακαγχάζωμεν,

2315 5070 2404 5122 καὶ
2427 5067 2512 5118 ἀεὶ
2538 5063 2782 5133 γελῶμεν
2801 5078 2814 5090 ο
2861 5061 2890 5112 6
2922 5057 3094 5126 γέλως
3122 5055 3365 5122 ἔγκειται
3389 5053 3455 5122 τῇ
3481 5050 3626 5120 ψυχῇ
3659 5053 3730 5120 τῇ
3756 5052 3901 5119 ἠμε-

2314 5156 2468 5226 τέρᾳ,
2499 5153 2584 5205 ἵνα
2630 5147 2822 5220 ἁνῆταί
2853 5163 2982 5200 ποτε
3029 5145 3061 5216 ἡ
3099 5142 3284 5214 ψυχὴ,
3322 5139 3421 5210 οὐχ
3463 5139 3546 5192 ῖνα
3587 5137 3902 5208 διαχέηται.

2329 5224 2479 5297 Ἐπεὶ
2515 5241 2608 5296 καὶ
2642 5236 2905 5307 ἐπιθυμία
2932 5236 3067 5306 ἡμῖν
3103 5232 3346 5300 ἔγκειται
3384 5224 3678 5296 σωμάτων.
3713 5227 3812 5277 καὶ
3842 5226 3902 5278 0i.

2318 5332 2530 5392 πάντως
2557 5327 2768 5398 ἀνάγκη
2799 5323 2886 5378 διὰ
2914 5324 2974 5376 τὸ
3017 5318 3298 5391 ἐγκεῖσθαι
3334 5316 3427 5369 καὶ
3469 5315 3607 5382 αὐτῇ
3638 5312 3903 5382 χρῆσθαι,

2315 5423 2348 5493 ἢ
2388 5419 2688 5491 κεχρῆσθαι
2718 5416 2971 5488 ἀμέτρως
3000 5431 3013 5445 ο
3060 5411 3196 5466 ἀλλά
3242 5409 3333 5464 καὶ
3362 5403 3674 5476 κρατοῦμεν
3705 5404 3903 5473 αὐτῆς,

2317 5492 2412 5565 καὶ
2437 5512 2498 5563 ού
2524 5509 2776 5579 λέγομεν,
2809 5503 3027 5573 Ἐπειδὴ
3058 5501 3322 5570 ἔγκειται,
3358 5493 3719 5568 χρησώμεθα.
3749 5492 3907 5546 Μετά

2317 5599 2568 5669 δακρύων
2605 5596 2822 5649 δούλευε
2850 5593 2928 5663 τῷ
2959 5590 3099 5660 Θεῷ,
3143 5590 3230 5641 ἵνα
3263 5583 3496 5655 δυνηθῇς
3535 5581 3907 5650 ἀπονίψασθαι

2315 5689 2384 5741 τὰ
2420 5686 2805 5758 ἡμαρτημένα.
2839 5679 2966 5737 Οἶδα
3004 5683 3084 5732 ὅτι
3116 5678 3300 5732 πολλοὶ
3340 5672 3730 5741 διαμωκῶνται
3761 5673 3903 5742 ἡμῖν

2320 5779 2590 5843 λέγοντες,
2611 5772 2827 5834 Εὐθέως
2855 5769 3085 5840 δάκρυα.
3109 5767 3207 5820 Διὰ
3234 5763 3392 5818 τοῦτο
3413 5759 3668 5830 δακρύων
3691 5759 3901 5830 καιρός.
