4060 6466
254 338 354 395 1⁵31

247 450 470 499 rantes.
493 438 595 495 Hic
620 442 804 494 autem
834 440 943 491 stat
974 445 1198 498 avarus,
1223 446 1338 487 non
1363 429 1536 496 domi,
1560 429 1654 487 sed
1678 430 1732 485 in
1757 444 1867 486 me-

247 540 349 594 dia
381 538 631 599 civitate,
654 548 762 589 non
786 544 1014 601 corpus,
1034 526 1130 585 sed
1152 527 1396 583 animam
1418 525 1640 583 diabolo
1661 529 1863 598 prosti—

253 644 445 695 tuens,
472 640 534 686 ιιι
565 636 619 685 ει
652 632 810 683 coeat
835 634 889 681 ct
914 624 982 678 ad
1016 623 1196 695 ipsum
1228 622 1543 678 meretricis
1577 621 1756 677 instar
1780 620 1862 677 in-

248 726 543 794 grediatur
567 764 583 789 ,
617 730 673 778 et
703 718 853 775 omni
892 716 1015 789 ejus
1045 715 1271 787 impleta
1288 714 1547 771 Jibidine
1588 726 1783 783 exeat;
1812 725 1867 771 et

252 820 406 875 videt
450 825 562 873 tota
602 815 829 879 civitas,
872 826 984 867 non
1025 810 1137 867 duo
1170 816 1269 865 aut
1308 817 1419 865 tres
1458 807 1585 863 viri.
1634 807 1748 863 Hoc
1779 818 1866 863 est

247 913 423 967 etiam
455 908 739 981 proprium
768 905 1149 969 meretricum,
1175 902 1321 972 quod
1353 901 1476 973 ejus
1509 901 1620 956 sint
1654 900 1745 971 qui
1772 900 1865 956 dat

250 1017 487 1059 aurum:
513 1009 568 1057 ει
592 1001 716 1057 licet
738 999 809 1055 sit
832 1012 1049 1064 servus,
1071 996 1200 1053 licet
1225 996 1387 1061 liber,
1411 995 1542 1050 licet
1567 994 1861 1068 gladiator,

248 1097 387 1153 licet
404 1094 657 1167 quilibet,
678 1094 723 1150 si
748 1091 996 1163 porrigat
1018 1090 1355 1152 mercedem,
1379 1089 1534 1144 illum
1555 1089 1862 1160 excipiunt;

248 1188 461 1243 liberos
483 1194 692 1252 autem,
712 1184 879 1240 etiam
902 1183 947 1239 si
964 1181 1076 1239 sint
1095 1183 1346 1238 omnium
1368 1182 1725 1249 nobilissimi,
1746 1182 1865 1237 sine

246 1279 490 1349 pecunia
514 1294 622 1333 non
643 1276 960 1331 admittunt.
986 1274 1103 1330 Hoc
1128 1275 1219 1330 isti
1253 1289 1475 1345 quoque
1506 1272 1715 1329 faciunt
1741 1290 1754 1327 :
1785 1289 1865 1329 re-

244 1381 376 1429 ctas
391 1370 613 1442 quidem
638 1370 1027 1440 cogitationes,
1046 1384 1173 1423 cum
1197 1369 1491 1441 pecuniam
1514 1384 1619 1421 non
1636 1368 1860 1432 habent,

245 1471 616 1530 aversantur;
640 1478 765 1518 cum
789 1462 1077 1518 sceleratis
1096 1472 1279 1518 autem
1297 1469 1351 1517 et
1367 1460 1764 1517 bestiariorum
1790 1460 1866 1515 di-

244 1557 379 1629 gnis
403 1566 601 1612 coeunt
634 1565 856 1627 prepter
887 1569 1109 1621 aurum,
1135 1555 1542 1625 inhonestaque
1567 1564 1788 1619 coeunt,
1810 1561 1865 1608 et

248 1650 494 1722 perdunt
515 1652 715 1705 animae
736 1645 1235 1719 pulchritudinem.
1265 1647 1401 1703 Nam
1429 1655 1489 1702 ut
1523 1648 1629 1703 illa:
1662 1655 1863 1702 natura

242 1742 476 1811 quidem
504 1740 789 1797 deformes
810 1748 866 1796 et
898 1740 1088 1812 nigrm,
1106 1748 1467 1813 agrestesque
1500 1748 1554 1796 et
1576 1755 1782 1797 crassa:
1810 1748 1865 1795 et

242 1832 547 1902 informes,
571 1844 626 1890 et
652 1849 762 1889 non
793 1841 960 1891 recta:
984 1833 1196 1907 figurae,
1222 1843 1275 1891 et
1297 1835 1448 1890 omni
1473 1852 1538 1891 ex
1567 1842 1725 1906 parte
1749 1841 1865 1889 tur-

245 1942 348 1996 pes
372 1944 385 1979 :
408 1927 482 1981 ita
506 1926 705 1982 horum
734 1941 956 1998 quoque
978 1927 1117 1983 fiunt
1140 1928 1363 1997 animae,
1386 1944 1509 1999 quae
1528 1944 1600 1985 ne
1619 1927 1865 1985 externis

244 2019 476 2090 quidem
498 2019 650 2076 illitis
675 2019 822 2076 fucis
846 2020 1260 2076 deformitatem
1289 2029 1524 2091 possunt
1541 2031 1863 2092 contegere.

242 2111 391 2167 Nam
414 2113 641 2184 quando
658 2120 904 2170 extrema
932 2113 1097 2170 fuerit
1114 2113 1462 2181 deformitas,
1484 2115 1752 2186 quidquid
1776 2132 1867 2171 ex-

244 2202 572 2274 cogitarint,
588 2219 690 2260 nec
715 2212 946 2275 possunt
970 2214 1151 2262 tamen
1177 2207 1458 2277 obtegere.
1480 2206 1693 2263 Etenim
1716 2207 1865 2279 quod

244 2296 597 2366 impudentia
622 2299 820 2354 efliciat
863 2298 1217 2365 meretrices,
1248 2299 1378 2355 audi
1421 2299 1745 2371 prephetam
1784 2299 1839 2354 di

242 2395 503 2442 Gentem:
539 2384 821 2455 [mpudens
848 2387 984 2454 facta
1012 2403 1063 2440 es
1090 2388 1156 2438 ad
1187 2402 1359 2440 omnes
1383 2428 1397 2452 ,
1445 2387 1535 2439 tibi
1565 2388 1661 2456 fuit
1691 2385 1848 2456 facies

244 2477 532 2531 meretricis
562 2476 695 2545 (Jcr.
732 2480 784 2534 5.
818 2478 895 2546 '5).
927 2476 1040 2531 Hoc
1077 2477 1237 2531 etiam
1272 2476 1378 2531 dici
1415 2485 1594 2546 potest
1624 2476 1841 2529 avaris:

241 2568 539 2636 [mpudens
568 2568 741 2624 factus
788 2584 846 2623 es
893 2569 959 2622 ad
988 2583 1198 2633 omnes,
1243 2582 1349 2621 non
1390 2566 1457 2621 ad
1490 2566 1590 2621 hos
1615 2576 1670 2621 et
1701 2566 1841 2633 illos,

240 2659 342 2715 sed
371 2660 437 2713 ad
486 2675 693 2715 omnes.
723 2659 1048 2729 Quomodo?
1083 2658 1196 2713 Non
1238 2667 1465 2729 patrem,
1515 2673 1622 2712 non
1652 2658 1840 2722 filium,

237 2766 353 2806 non
389 2767 633 2819 uxorem,
654 2766 762 2806 non
801 2752 1057 2817 amicum,
1108 2767 1213 2805 non
1242 2752 1483 2817 fratrem,
1515 2765 1619 2805 non
1671 2750 1841 2805 bene-

238 2842 433 2917 ficum,
459 2844 732 2898 neminem
764 2854 1045 2897 reveretur
1070 2845 1159 2913 qui
1191 2852 1274 2897 est
1299 2831 1585 2912 ejusmodi.
1619 2842 1684 2897 Et
1712 2841 1838 2911 quid

235 2932 366 2989 dico
393 2933 624 2987 amicum
642 2942 697 2989 et
719 2934 934 2989 fratrem
965 2942 1021 2989 et
1047 2934 1293 3003 patrem?
1323 2950 1390 2989 ne
1423 2934 1597 3004 ipsum
1620 2933 1835 3003 quidem

233 3034 461 3078 veretur
493 3024 681 3091 Deum,
715 3023 1020 3079 sed-omnia
1050 3028 1098 3079 ei
1130 3023 1380 3080 videntur
1407 3039 1529 3081 esse
1552 3024 1748 3091 fabula,
1782 3035 1835 3079 et

231 3114 380 3168 ridet
406 3129 436 3167 a
466 3116 631 3168 multa
671 3114 964 3184 cupiditate
994 3114 1198 3178 ebrius,
1248 3130 1316 3169 ne
1350 3116 1571 3170 auribus
1615 3115 1831 3186 quidem

227 3205 527 3275 quidquam
558 3205 851 3261 admittens
867 3221 1052 3262 eorum
1075 3222 1197 3276 qua:
1220 3215 1444 3276 possunt
1470 3207 1518 3263 ei
1552 3206 1829 3276 prodesse.

229 3295 367 3358 Sed,
418 3312 450 3350 ο
492 3296 905 3363 absurditatem,
953 3311 1202 3367 quamam
1236 3297 1563 3367 loquuntur!
1598 3297 1689 3353 Vm
1735 3298 1829 3353 tibi

227 3401 515 3453 mamona,
572 3398 626 3443 ct
678 3390 726 3443 ei
780 3390 870 3459 qui
925 3400 976 3445 te
1013 3404 1117 3449 non
1175 3389 1357 3444 habet.
1413 3390 1491 3444 lra
1541 3390 1825 3446 dissecor:

227 3477 324 3532 Va:
346 3478 508 3532 etiam
533 3479 598 3533 iis
621 3480 711 3549 qui
744 3478 859 3535 haec
886 3480 1092 3547 dicunt,
1121 3479 1332 3536 etiamsi
1366 3480 1593 3537 ridendo
1618 3481 1826 3542 dicant.

223 3568 361 3622 Nam
416 3569 503 3624 die
558 3570 725 3636 mihi,
774 3586 955 3627 annon
1005 3572 1139 3627 tales
1192 3572 1365 3627 minas
1406 3572 1549 3627 Deus
1594 3574 1826 3629 intenta-

222 3663 322 3727 vit,
379 3661 565 3717 dicens
620 3681 633 3717 :
692 3662 817 3716 Non
872 3664 1079 3734 potestis
1124 3662 1325 3719 duobus
1370 3663 1590 3718 dominis
1638 3665 1827 3719 servire

221 3751 443 3822 (Matth.
500 3752 556 3807 6.
615 3750 742 3824 ειν
794 3761 850 3807 tu
904 3760 1085 3809 autem
1131 3754 1305 3809 minas
1334 3748 1588 3811 dissolvis
1609 3754 1732 3809 dum
1760 3769 1821 3811 ea

220 3844 275 3897 in
328 3842 583 3896 damnum
642 3853 788 3897 tuum
836 3844 1003 3898 audes
1052 3843 1270 3900 dicere?
1310 3860 1490 3901 annon
1535 3862 1651 3902 eam
1694 3846 1825 3900 dicit

219 3932 423 3989 Paulus
467 3948 587 3989 esse
641 3933 1019 4002 idololatriam,
1060 3944 1115 3990 et
1140 3951 1360 3991 avarum
1407 3948 1557 3993 vocat
1602 3938 1821 3994 idolola.

1088 323 1154 379 IN
1194 320 1413 380 EPIST.
1454 318 1549 375 AD
1588 313 1956 373 "Elim-EOS.
1999 315 2155 372 CAP.
2199 315 2292 372 IX.
2339 314 2568 372 ιιοιιιι.
2612 314 2732 373 XV.

3471 310 3574 368 1‘23

1966 422 2109 476 enim
2136 422 2352 492 quando
2382 420 2512 475 vidit
2547 418 2879 484 Jerusalem,
2926 414 3113 480 ﬂevit;
3144 422 3200 469 et
3228 412 3445 485 quando
3495 422 3564 465 ue

1966 512 2242 583 proditore
2268 512 2541 582 cogitavit,
2571 509 2670 566 fuit
2696 509 2976 572 turbatus;
3004 504 3286 577 etquando
3300 502 3563 558 Lazarum

1962 604 2319 660 suscitaturus
2357 612 2494 666 erat,
2533 602 2861 673 lacrymatus
2908 607 3030 654 est:
3059 604 3113 651 tu
3146 604 3328 651 autem
3376 588 3561 647 rides?

1961 695 2017 749 Si
2040 695 2126 765 qui
2156 702 2375 765 propter
2398 694 2626 748 aliorum
2656 698 2878 761 peccata
2906 703 3013 743 non
3054 686 3225 751 dolet,
3250 686 3444 756 dignus
3474 691 3558 737 est

1958 788 2049 857 qui
2100 785 2544 853 accusetur:qui
2579 798 2677 852 pro
2723 783 2837 838 suis
2870 782 3017 836 nullo
3064 779 3297 849 tangitur
3339 777 3552 842 dolore,

1959 878 2053 933 sed
2078 877 2239 939 ridet,
2263 890 2498 947 quanam
2528 875 2633 931 erit
2654 873 2847 945 dignus
2877 873 3028 930 venia
3050 872 3073 925 ?
3094 872 3293 926 Luctus
3310 879 3392 924 est
3423 878 3559 923 tem-

1961 984 2060 1039 pus
2086 978 2140 1025 et
2169 966 2496 1032 afﬂictionis,
2516 967 2884 1035 castigationis
2901 976 2955 1022 et
2979 964 3252 1022 servitutis
3268 960 3555 1027 obeundae,

1957 1061 2312 1118 certaminum
2340 1068 2395 1116 et
2420 1058 2681 1116 sudorum
2709 1076 2722 1113 :
2755 1067 2812 1113 tu
2833 1066 3013 1113 autem
3037 1056 3224 1112 rides?
3252 1054 3368 1109 Non
3401 1054 3556 1110 vides

1956 1152 2231 1225 quomodo
2276 1153 2553 1222 increpata
2604 1149 2705 1205 fuit
2733 1148 2898 1206 Sara?
2956 1162 3065 1203 non
3092 1145 3247 1202 audis
3274 1143 3553 1200 Christum

1954 1250 2225 1301 dicentem
2261 1263 2275 1300 :
2322 1243 2408 1299 γω
2435 1244 2523 1313 qui
2542 1243 2732 1309 rident,
2759 1241 3001 1312 quoniam
3035 1239 3306 1310 plorabant
3336 1236 3549 1309 (Luc.5.

1955 1338 2078 1409 25)?
2091 1338 2215 1393 Hzec
2232 1336 2416 1407 psallis
2433 1334 2693 1404 quotidie.
2711 1333 2848 1402 Quid
2866 1334 3010 1388 enim
3031 1330 3186 1395 dicis,
3213 1330 3298 1385 die
3328 1344 3511 1398 quaeso
3530 1328 3553 1381 ?

1955 1430 2185 1495 dieisue,
2216 1429 2367 1485 Bisi?
2411 1427 2801 1497 Nequaquam;
2857 1424 2954 1480 sed
3005 1422 3173 1494 quid?
3209 1420 3459 1475 Labor-avi
3502 1422 3554 1475 in

1954 1526 2145 1596 gemitu
2171 1541 2301 1579 meo.
2326 1522 2431 1578 Sed
2462 1523 2695 1576 fortasse
2720 1518 2936 1590 quidam
2987 1525 3106 1572 sunt
3147 1516 3285 1571 adeo
3306 1514 3553 1570 dissoluti

1956 1620 2271 1690 mollesque,
2298 1628 2353 1671 ut
2379 1618 2539 1671 etiam
2568 1617 2619 1669 in
2640 1616 2739 1669 hac
2767 1612 3136 1682 increpatione
3158 1610 3389 1675 rideant,
3414 1624 3549 1680 quo-

1952 1713 2098 1765 niam
2127 1708 2194 1764 de
2222 1709 2331 1763 risu
2379 1707 2491 1761 ha-c
2534 1706 2782 1761 dicimus.
2820 1704 3033 1759 Etenim
3060 1702 3322 1771 ejusmodi
3349 1717 3435 1757 res
3468 1701 3547 1757 fur

1952 1818 2067 1865 ror,
2102 1801 2222 1856 talis
2276 1799 2471 1855 mentis
2506 1809 2714 1869 stupor,
2750 1812 2817 1852 ne
2840 1796 3007 1852 sentit
3053 1794 3271 1866 quidem
3307 1794 3552 1866 increpa-

1954 1892 2178 1947 tionem.

2027 1983 2183 2039 Risus
2216 1982 2271 2037 in
2308 1982 2519 2039 ecclesia
2558 1979 2867 2052 prohibitus.
2898 2009 2967 2022 —
2999 1977 3118 2039 Stat
3155 1980 3409 2035 sacerdos
3456 1980 3548 2033 θυι

1947 2074 2189 2127 omnium
2217 2072 2455 2129 offerens
2494 2076 2901 2145 precationem:
2932 2085 2985 2130 tu
3012 2085 3193 2131 autem
3226 2074 3391 2139 rides,
3430 2075 3563 2129 nihil

1940 2166 2181 2221 veritus?
2203 2177 2258 2222 et
2289 2167 2380 2221 ille
2404 2167 2624 2238 quidem
2659 2178 2899 2223 tremens
2931 2185 3029 2239 pro
3060 2178 3110 2223 te
3138 2166 3299 2222 offert
3333 2184 3521 2239 preces
3549 2186 3562 2223 :

1945 2268 2001 2312 tu
2028 2266 2208 2313 autem
2235 2258 2507 2329 despicis?
2535 2259 2653 2315 Non
2685 2260 2838 2315 audis
2870 2260 3207 2332 Scripturam
3240 2260 3512 2316 dicentem
3548 2279 3560 2313 :

1948 2350 2035 2405 νω
2064 2352 2221 2417 vobis,
2257 2353 2667 2421 contemptores?
2696 2369 2804 2408 non
2834 2352 3147 2409 horrescis?
3178 2369 3285 2408 non
3326 2354 3561 2423 teipsunt

1933 2443 2252 2499 contrahis?
2276 2444 2343 2498 Et
2366 2445 2569 2514 regiam
2603 2443 2823 2515 quidem
2851 2444 3181 2517 ingrediens,
3214 2456 3268 2500 et
3298 2445 3485 2500 habitu
3508 2453 3563 2501 et

1930 2525 2157 2606 aSpectu
2191 2542 2247 2591 et
2284 2534 2499 2591 incessu
2531 2545 2586 2591 et
2615 2536 2867 2592 omnibus
2893 2536 3014 2591 aliis
3042 2545 3096 2593 te
3126 2551 3293 2592 ornas
3320 2547 3375 2592 et
3405 2552 3557 2593 com-

1930 2627 2124 2697 ponis;
2154 2627 2243 2683 hic
2268 2628 2578 2695 autem,ubi
2607 2644 2734 2683 vere
2748 2638 2831 2684 est
2850 2629 3019 2701 regia,
3038 2639 3093 2684 et
3122 2630 3279 2700 plane
3310 2630 3400 2687 hic
3427 2642 3556 2687 sunt

1932 2721 2062 2775 talia
2095 2719 2279 2791 qualia
2305 2720 2570 2788 caelestia,
2594 2722 2759 2777 etiam
2784 2721 2970 2777 rides?
2995 2723 3174 2793 Atque
3200 2723 3314 2778 scio
3336 2724 3556 2794 quidem

1927 2814 2072 2885 quod
2091 2824 2267 2870 tunon
2292 2815 2465 2881 vides;
2488 2815 2616 2872 audi
2632 2826 2815 2872 autem
2841 2816 2984 2889 quod
3015 2818 3215 2889 ubique
3238 2816 3436 2874 adsunt
3462 2835 3557 2876 an-

1928 2908 2053 2980 geli,
2082 2918 2138 2965 et
2158 2909 2400 2964 maxime
2425 2909 2479 2963 in
2506 2908 2671 2965 domo
2702 2908 2797 2965 Dei
2827 2909 3090 2964 assistunt
3121 2910 3258 2981 regi,
3288 2920 3344 2967 et
3372 2912 3555 2966 omnia

1927 3014 2054 3058 sunt
2075 3003 2296 3075 impleta
2321 3004 2659 3073 incorporeis
2676 3003 2784 3059 illis
2803 3004 3403 3075 potestatibus.Eadem
3422 3020 3449 3059 a
3470 3023 3556 3063 me

1927 3096 1993 3151 ad
2034 3096 2291 3153 mulieres
2326 3112 2545 3167 quoque
2579 3097 2810 3153 habetur
2835 3101 3013 3155 oratio
3039 3102 3409 3157 :cumadsuut
3436 3104 3556 3173 qui-

1924 3186 2049 3241 dem
2066 3189 2188 3256 viri,
2210 3202 2317 3241 non
2333 3196 2438 3242 tam
2452 3190 2560 3244 cito
2578 3187 2628 3243 id
2643 3191 2842 3245 audent
2862 3188 3062 3256 facere;
3083 3200 3136 3245 et
3148 3192 3190 3246 si
3210 3190 3429 3259 faciant,
3443 3210 3551 3250 non

1924 3295 2164 3352 semper,
2183 3280 2281 3336 sed
2317 3291 2562 3350 tempore
2577 3282 2930 3337 recreationis
2958 3297 3022 3337 ac
3039 3282 3390 3340 relaxationis
3420 3303 3432 3338 :
3468 3285 3554 3343 hic

1922 3382 2105 3428 autem
2120 3389 2356 3444 semper.
2377 3374 2591 3443 Operis,
2611 3374 2698 3430 dic
2725 3374 2877 3442 mihi,
2898 3387 3085 3447 caput,
3111 3386 3165 3434 et
3189 3378 3357 3447 rides,
3377 3394 3411 3435 ο
3429 3397 3550 3437 mu-

1924 3466 2045 3530 lier,
2063 3463 2261 3520 sedens
2276 3463 2328 3519 in
2348 3465 2601 3533 ecclesia?
2616 3468 2859 3537 ingressa
2873 3484 2933 3523 es
2952 3478 3007 3523 ut
3023 3480 3243 3541 peccata
3257 3471 3548 3529 conﬁtere-

1923 3558 2020 3622 ris,
2053 3566 2110 3610 ut
2142 3556 2253 3612 Deo
2282 3556 2621 3627 procideres,
2656 3567 2715 3612 ut
2746 3544 2970 3630 rogares
2997 3569 3053 3615 ct
3082 3562 3422 3633 supplicares
3452 3579 3549 3635 pro

1919 3649 2135 3704 delictis
2160 3662 2283 3719 qua:
2310 3664 2340 3703 a
2371 3659 2423 3704 te
2451 3648 2592 3705 male
2622 3660 2749 3705 sunt
2772 3650 3032 3718 admissa,
3062 3662 3118 3709 et
3147 3668 3272 3709 cum
3302 3655 3416 3711 risu
3446 3656 3549 3712 hoc

1921 3743 2091 3798 facis?
2117 3743 2394 3813 quomodo
2420 3759 2552 3815 ergo
2591 3758 2716 3799 eum
2767 3744 2973 3814 poteris
3017 3746 3273 3816 placare?
3306 3748 3374 3804 Et
3402 3752 3546 3821 quod

1921 3835 2120 3890 malum
2146 3842 2251 3903 est,
2283 3834 2515 3906 inquies,
2541 3834 2724 3889 risus?
2754 3835 2870 3890 Non
2903 3836 3105 3892 malum
3136 3849 3217 3893 est
3250 3840 3413 3906 risus,
3448 3844 3543 3897 sed

1917 3930 2119 3983 malum
2156 3938 2241 3985 est
2282 3930 2332 3984 id
2372 3930 2521 4001 quod
2545 3940 2629 3986 est
2668 3940 2867 4001 prmter
2909 3934 3128 3989 modum
3151 3977 3166 4001 ,
3200 3934 3252 3991 id
3282 3938 3426 4008 quod
3459 3949 3545 3994 est

218 4025 401 4080 πεπῃῖ
429 4035 483 4079 ιιι
508 4037 687 4081 autem
716 4035 829 4080 stas
860 4025 1042 4081 ridens
1072 4027 1239 4081 instar
1258 4030 1597 4084 maculat-ium
1628 4032 1819 4086 mulio-
1916 4024 2385 4093 intempestivum.
2415 4022 2619 4079 lnsitus
2648 4034 2732 4081 est
2757 4025 2914 4081 nobis
2942 4027 3104 4095 risus,
3134 4038 3189 4083 ut
3219 4030 3438 4099 quando
3462 4032 3544 4087 \‘i-

217 4132 361 4181 rum,
394 4119 565 4171 instar
608 4132 792 4173 earum
851 4134 971 4188 quae.
1014 4128 1139 4173 sunt
1183 4120 1235 4173 in
1283 4134 1445 4177 scena
1498 4123 1663 4178 risum
1706 4141 1820 4178 ιηο-
1913 4116 2153 4172 derimus
2180 4115 2388 4172 amicos
2414 4127 2537 4187 post
2564 4117 2785 4189 longum
2818 4127 3068 4189 tempus,
3101 4118 3206 4178 hoc
3238 4122 3537 4179 faciamus:

216 4222 373 4263 vens.
1912 4208 2135 4280 quando
2164 4210 2378 4281 aliquos
2420 4210 2705 4279 perculsos
2744 4222 2798 4265 et
2837 4213 3089 4281 territos,
3119 4223 3177 4268 ut
3204 4214 3541 4273 subridendo

289 4302 349 4355 4.
392 4298 504 4353 Hoc
520 4299 696 4354 omnia
720 4300 936 4365 evertit,
966 4299 1069 4355 hoc
1090 4299 1277 4371 dejieit
1297 4320 1310 4355 :
1334 4303 1441 4359 Res
1473 4316 1669 4361 nostrrc
1697 4306 1817 4362 effe-

1936 4316 2005 4356 :os
2035 4316 2366 4368 recreemus,
2400 4316 2507 4356 non
2542 4312 2600 4356 ut
2625 4302 2924 4359 cachinnos
2954 4304 3201 4373 edamus,
3238 4317 3291 4362 et
3320 4321 3541 4380 semper

216 4400 320 4448 ctu:
351 4400 478 4446 sunt
500 4391 663 4455 risus,
679 4391 914 4446 civilitas
940 4402 994 4447 et
1013 4394 1309 4451 urbanitas.
1328 4396 1473 4452 Nihil
1496 4400 1709 4463 stabile,
1737 4403 1815 4455 ni-
1909 4395 2186 4451 rideamus
2210 4412 2224 4461 ;
2253 4396 2439 4451 animo
2467 4410 2657 4451 nostro
2690 4396 2885 4453 insitus
2911 4407 2997 4452 est
3020 4399 3183 4463 risus,
3210 4408 3268 4454 ut
3292 4399 3538 4472 aliquan-

217 4485 292 4541 bil
322 4483 639 4553 grave.Non
658 4483 757 4539 hoc
776 4484 949 4538 solum
984 4484 1105 4541 dico
1138 4487 1263 4543 viris
1294 4487 1452 4558 hujus
1483 4492 1605 4547 vine
1634 4493 1814 4549 studio
1904 4491 1976 4546 do
2006 4491 2282 4547 relaxetur
2307 4492 2543 4555 animus,
2578 4506 2685 4547 nou
2725 4504 2779 4547 ut
2808 4492 3164 4551 diffundatur.
3195 4495 3331 4552 Nam
3360 4508 3417 4554 et
3451 4498 3537 4555 in-

214 4572 551 4636 deditis,scd
591 4573 872 4649 sciooquos
918 4575 1117 4629 innuo:
1150 4578 1262 4631 risu
1305 4581 1448 4633 enim
1487 4582 1703 4651 impleta
1732 4594 1815 4639 est

216 4663 483 4720 Ecclesia.
511 4660 567 4718 Si
600 4663 866 4733 quispiam
891 4665 1123 4721 facetum
1154 4669 1279 4738 quid
1312 4669 1532 4739 dixerit,
1562 4674 1699 4729 inter
1729 4690 1814 4731 sc-

212 4758 413 4815 dentes
434 4757 614 4811 statim
638 4759 877 4812 nascitur
902 4760 1077 4815 risus:
1101 4770 1155 4816 ct
1176 4763 1317 4832 quod
1345 4773 1427 4819 est
1446 4766 1713 4833 mirabile,
1745 4784 1812 4823 ne

214 4850 268 4904 in
293 4849 412 4920 ipso
439 4848 651 4918 quidem
686 4864 903 4919 precum
933 4860 1175 4923 tempore
1195 4858 1577 4910 cessantmulti
1610 4859 1807 4914 ridere.

214 4935 424 5005 Ubique
443 4937 639 4991 choros
665 4939 811 4993 ducit
840 4941 1099 5006 diabolus,
1121 4958 1312 4998 omnes
1330 4946 1604 5012 ingressus
1624 4950 1724 5001 est,
1753 4943 1803 4995 in

202 5042 397 5082 omnes
412 5027 741 5085 dominatum
772 5032 980 5089 obtinet
1015 5054 1027 5089 :
1057 5034 1308 5090 Christus
1338 5036 1672 5105 contemptui
1708 5033 1803 5088 ha—

204 5116 359 5171 betur
379 5158 393 5177 .
426 5120 747 5175 extruditur.
786 5123 936 5178 nihili
963 5125 1173 5180 ducitur
1187 5126 1577 5181 Ecclesia.Non
1601 5126 1797 5181 auditis

201 5208 424 5265 Paulum
448 5212 712 5268 dicentem
738 5216 1076 5283 :Turpitudo,
1099 5229 1144 5271 et
1162 5219 1556 5287 stultiloquium,
1590 5229 1636 5271 et
1653 5236 1794 5272 scur-

198 5299 365 5354 rilitas
408 5304 621 5357 tollatur
650 5323 679 5358 η
702 5308 840 5361 vobis
865 5307 1083 5378 (Ep/tes.
1114 5311 1167 5365 5.
1194 5312 1284 5379 4)?
1304 5311 1435 5365 Cum
1468 5313 1793 5381 turpitudine

199 5392 348 5457 ponit
378 5394 759 5451 seurriiitatem
786 5415 801 5449 :
832 5409 883 5451 tu
924 5410 1099 5453 autem
1148 5402 1332 5454 rides?
1374 5403 1510 5468 Quid
1555 5403 1784 5456 stultilo.

195 5484 553 5552 quium?qu
572 5486 701 5539 nihil
729 5487 925 5542 habent
950 5490 1193 5547 utile.'l'u
1216 5500 1392 5547 tamen
1413 5494 1641 5557 rides,et
1670 5498 1785 5545 vul-

194 5582 299 5625 tum
317 5573 593 5639 dili‘umlis,
612 5579 697 5643 qui
718 5595 774 5632 es
801 5582 1133 5635 monachus?
1158 5584 1244 5653 qui
1272 5586 1577 5649 crucifixus,
1598 5585 1685 5655 qui
1710 5584 1785 5637 lu-

191 5664 547 5733 ctuminduis,
577 5668 740 5736 rides,
762 5670 847 5723 die
870 5672 1033 5725 mihi“!
1058 5674 1151 5728 [th
1186 5676 1359 5729 vidisti
1381 5676 1651 5729 Christum
1684 5675 1782 5729 hoc

193 5754 520 5813 facientem?
553 5760 822 5831 Nusquam
854 5782 864 5827 ;
892 5766 986 5819 sed
1014 5782 1155 5835 sa'pe
1181 5766 1397 5836 quidem
1433 5768 1661 5823 tristem.
1690 5768 1779 5822 Ει⁴

1926 4578 2026 4633 sita
2057 4588 2140 4634 est
2169 4579 2324 4634 nobis
2350 4594 2637 4650 corporum
2679 4580 2948 4651 cupiditas
2969 4625 2983 4648 ,
3015 4592 3070 4637 et
3108 4598 3217 4638 non
3262 4595 3551 4655 propterea

1925 4671 2151 4727 omnin
2180 4686 2241 4726 ea
2273 4671 2347 4725 uti
2376 4686 2603 4727 necesse
2633 4680 2749 4738 cst,
2779 4682 2874 4727 aut
2913 4673 2987 4728 uti
3020 4674 3379 4731 immoderate
3405 4717 3419 4741 ,
3452 4676 3548 4731 sed

1922 4763 1972 4818 ei
2001 4764 2352 4835 imperamus,
2384 4779 2484 4820 nec
2511 4764 2744 4820 dicimus
2769 4783 2783 4821 :
2813 4766 3082 4834 Quoniam
3117 4770 3278 4838 inest,
3304 4778 3541 4826 utamur.

1924 4855 2037 4911 Deo
2079 4858 2220 4912 servi
2257 4872 2377 4911 cum
2420 4857 2705 4929 lacrymis,
2735 4868 2794 4913 ut
2836 4860 3011 4930 possis
3038 4859 3260 4918 abluere
3302 4873 3546 4933 peccata.

1921 4950 2047 5006 Scio
2074 4951 2215 5022 quod
2249 4953 2402 5007 multi
2436 4969 2535 5008 nos
2563 4954 2866 5023 irrideant,
2910 4956 3158 5015 dicentes
3191 4975 3204 5013 :
3236 4959 3433 5016 Statim
3464 4961 3545 5017 la—

1922 5060 2141 5115 crynize.
2170 5046 2464 5118 Propterea
2489 5057 2702 5119 tempus
2719 5059 2802 5105 est
2821 5050 3208 5123 lacrymarum.
3233 5053 3361 5110 Scio
3380 5055 3544 5111 etiam

1920 5138 2063 5208 quod
2090 5140 2406 5194 ominantur
2429 5140 2463 5195 ii
2490 5142 2580 5211 qui
2604 5140 2792 5197 dicunt
2818 5159 2831 5198 :
2856 5142 3197 5199 Comedamus
3218 5155 3265 5201 et
3292 5146 3541 5215 bibamus,

1921 5249 2035 5285 cras
2068 5233 2199 5285 enim
2237 5231 2750 5301 ntoriemur(i.Cor.
2789 5237 2873 5294 15.
2908 5236 3023 5309 ὗῖ).
3059 5239 3164 5295 Sed
3193 5242 3369 5312 cogita
3398 5243 3542 5312 quod

1936 5324 2143 5380 Vanitas
2175 5330 2482 5395 vanitatum,
2512 5340 2559 5382 ct
2587 5331 2759 5383 omnia
2787 5333 2985 5386 vanitas
3019 5332 3207 5405 (Eccli.
3238 5338 3285 5391 l.
3315 5338 3399 5408 2).
3427 5339 3544 5394 Non

1922 5434 2021 5488 ego
2052 5418 2205 5484 dico,
2243 5421 2336 5475 sed
2386 5422 2500 5491 ipse
2540 5424 2627 5493 qui
2672 5439 2853 5480 rerum
2883 5428 3125 5483 omnium
3160 5428 3347 5485 habuit
3374 5447 3539 5502 expe-

1921 5511 2202 5575 rientiam,
2238 5514 2351 5567 haec.
2380 5516 2503 5568 dicit
2541 5534 2552 5567 :
2585 5515 2869 5585 .Ediﬁcavi
2918 5520 3046 5573 mihi
3080 5523 3279 5584 domos,
3316 5525 3540 5594 plaulavi

1921 5606 2047 5658 milii
2076 5608 2263 5669 vineas,
2302 5611 2397 5678 feci
2426 5610 2549 5661 milii
2580 5628 2830 5679 aquarum
2863 5614 3108 5683 piscinas,
3142 5620 3467 5684 pocillatorcs
3494 5634 3542 5675 rt

1923 5699 2263 5759 porillutriccs
2292 5700 2477 5763 (Ereti.
2508 5702 2562 5755 ‘2.
2594 5705 2645 5757 εί.
2677 5705 2755 5773 5).
2786 5704 2849 5761 Ει
2873 5708 2996 5777 quid
3029 5710 3240 5765 tandem
3268 5712 3397 5766 dicit
3425 5726 3541 5781 post

1924 5791 2034 5845 hau;
2069 5796 2288 5846 omnia?
2331 5794 2537 5848 l'mzitns
2572 5798 2871 5865 vmtitatum,
2904 5810 2946 5854 ct
2978 5804 3149 5855 omnia
3183 5806 3401 5859 vanitas.
3438 5808 3539 5861 Lu-
