  <div class='ocr_page' id='page_1' title='image "/cluster/home/n/w/nwhite01/storage/ocr_20150623/63/ien.35556001660919/131.png"; bbox 0 0 4060 6402; ppageno 0'>
   <div class='ocr_carea' id='block_1_1' title="bbox 618 226 720 282">
    <p class='ocr_par' dir='ltr' id='par_1_1' title="bbox 618 226 720 282">
     <span class='ocr_line' id='line_1_1' title="bbox 618 226 720 282; baseline 0.039 -4"><span class='ocrx_word' id='word_1_1' title='bbox 618 226 720 282; x_wconf 68' lang='lat' dir='ltr'><strong>H3</strong></span> 
     </span>
    </p>
   </div>
   <div class='ocr_carea' id='block_1_2' title="bbox 612 349 2174 422">
    <p class='ocr_par' dir='ltr' id='par_1_2' title="bbox 612 349 2174 422">
     <span class='ocr_line' id='line_1_2' title="bbox 612 349 2174 422; baseline 0.013 -26"><span class='ocrx_word' id='word_1_2' title='bbox 612 360 831 411; x_wconf 77' lang='lat' dir='ltr'><strong>geamus</strong></span> <span class='ocrx_word' id='word_1_3' title='bbox 857 362 1007 419; x_wconf 84' lang='lat' dir='ltr'><strong>ergo,</strong></span> <span class='ocrx_word' id='word_1_4' title='bbox 1041 364 1074 401; x_wconf 86' lang='grc' dir='ltr'>ο</span> <span class='ocrx_word' id='word_1_5' title='bbox 1098 349 1297 415; x_wconf 87' lang='lat' dir='ltr'><strong>dilecti,</strong></span> <span class='ocrx_word' id='word_1_6' title='bbox 1340 352 1630 422; x_wconf 82' lang='lat' dir='ltr'><strong>lugeamus,</strong></span> <span class='ocrx_word' id='word_1_7' title='bbox 1664 364 1721 409; x_wconf 92' lang='lat' dir='ltr'><strong>ut</strong></span> <span class='ocrx_word' id='word_1_8' title='bbox 1751 372 1876 412; x_wconf 75' lang='lat' dir='ltr'><strong>vere</strong></span> <span class='ocrx_word' id='word_1_9' title='bbox 1908 359 2174 416; x_wconf 78' lang='lat' dir='ltr'><strong>rideamus</strong></span> 
     </span>
    </p>
   </div>
   <div class='ocr_carea' id='block_1_3' title="bbox 612 441 2195 513">
    <p class='ocr_par' dir='ltr' id='par_1_3' title="bbox 612 441 2195 513">
     <span class='ocr_line' id='line_1_3' title="bbox 612 441 2195 513; baseline 0.015 -25"><span class='ocrx_word' id='word_1_10' title='bbox 612 450 669 491; x_wconf 89' lang='lat' dir='ltr'><strong>nt</strong></span> <span class='ocrx_word' id='word_1_11' title='bbox 714 455 836 495; x_wconf 80' lang='lat' dir='ltr'><strong>rere</strong></span> <span class='ocrx_word' id='word_1_12' title='bbox 881 441 1123 497; x_wconf 69' lang='lat' dir='ltr'><strong>laetemur</strong></span> <span class='ocrx_word' id='word_1_13' title='bbox 1165 444 1216 497; x_wconf 92' lang='lat' dir='ltr'><strong>in</strong></span> <span class='ocrx_word' id='word_1_14' title='bbox 1262 452 1504 513; x_wconf 88' lang='lat' dir='ltr'><strong>tempore</strong></span> <span class='ocrx_word' id='word_1_15' title='bbox 1546 446 1769 504; x_wconf 61' lang='lat' dir='ltr'><strong>sincerae</strong></span> <span class='ocrx_word' id='word_1_16' title='bbox 1806 450 2027 507; x_wconf 68' lang='lat' dir='ltr'><strong>lmtitite.</strong></span> <span class='ocrx_word' id='word_1_17' title='bbox 2064 453 2195 511; x_wconf 80' lang='lat' dir='ltr'><strong>Nam</strong></span> 
     </span>
    </p>
   </div>
   <div class='ocr_carea' id='block_1_4' title="bbox 612 529 2199 608">
    <p class='ocr_par' dir='ltr' id='par_1_4' title="bbox 612 529 2199 608">
     <span class='ocr_line' id='line_1_4' title="bbox 612 529 2199 608; baseline 0.014 -27"><span class='ocrx_word' id='word_1_18' title='bbox 612 529 727 584; x_wconf 67' lang='lat' dir='ltr'><strong>haec</strong></span> <span class='ocrx_word' id='word_1_19' title='bbox 751 531 967 599; x_wconf 82' lang='lat' dir='ltr'><strong>quidem</strong></span> <span class='ocrx_word' id='word_1_20' title='bbox 998 534 1178 587; x_wconf 67' lang='lat' dir='ltr'><strong>laetitia</strong></span> <span class='ocrx_word' id='word_1_21' title='bbox 1209 542 1291 589; x_wconf 87' lang='lat' dir='ltr'><strong>est</strong></span> <span class='ocrx_word' id='word_1_22' title='bbox 1315 536 1535 590; x_wconf 89' lang='lat' dir='ltr'><strong>omnino</strong></span> <span class='ocrx_word' id='word_1_23' title='bbox 1559 538 1785 595; x_wconf 89' lang='lat' dir='ltr'><strong>admista</strong></span> <span class='ocrx_word' id='word_1_24' title='bbox 1821 542 2069 608; x_wconf 69' lang='lat' dir='ltr'><strong>tristitite,</strong></span> <span class='ocrx_word' id='word_1_25' title='bbox 2100 563 2199 605; x_wconf 90' lang='lat' dir='ltr'><strong>nec</strong></span> 
     </span>
    </p>
   </div>
   <div class='ocr_carea' id='block_1_5' title="bbox 608 626 2193 708">
    <p class='ocr_par' dir='ltr' id='par_1_5' title="bbox 608 626 2193 708">
     <span class='ocr_line' id='line_1_5' title="bbox 608 626 2193 708; baseline 0.01 -31"><span class='ocrx_word' id='word_1_26' title='bbox 608 639 727 678; x_wconf 87' lang='lat' dir='ltr'><strong>eam</strong></span> <span class='ocrx_word' id='word_1_27' title='bbox 772 626 897 680; x_wconf 89' lang='lat' dir='ltr'><strong>licet</strong></span> <span class='ocrx_word' id='word_1_28' title='bbox 942 627 1180 682; x_wconf 77' lang='lat' dir='ltr'><strong>invenire</strong></span> <span class='ocrx_word' id='word_1_29' title='bbox 1221 643 1444 696; x_wconf 85' lang='lat' dir='ltr'><strong>puram;</strong></span> <span class='ocrx_word' id='word_1_30' title='bbox 1488 630 1575 684; x_wconf 90' lang='lat' dir='ltr'><strong>illa</strong></span> <span class='ocrx_word' id='word_1_31' title='bbox 1618 640 1795 687; x_wconf 88' lang='lat' dir='ltr'><strong>autem</strong></span> <span class='ocrx_word' id='word_1_32' title='bbox 1827 645 1909 690; x_wconf 87' lang='lat' dir='ltr'><strong>est</strong></span> <span class='ocrx_word' id='word_1_33' title='bbox 1946 637 2193 708; x_wconf 83' lang='lat' dir='ltr'><strong>sincera,</strong></span> 
     </span>
    </p>
   </div>
   <div class='ocr_carea' id='block_1_6' title="bbox 608 713 2195 792">
    <p class='ocr_par' dir='ltr' id='par_1_6' title="bbox 608 713 2195 792">
     <span class='ocr_line' id='line_1_6' title="bbox 608 713 2195 792; baseline 0.013 -25"><span class='ocrx_word' id='word_1_34' title='bbox 608 713 811 770; x_wconf 76' lang='lat' dir='ltr'><strong>fraudis</strong></span> <span class='ocrx_word' id='word_1_35' title='bbox 831 726 884 771; x_wconf 91' lang='lat' dir='ltr'><strong>et</strong></span> <span class='ocrx_word' id='word_1_36' title='bbox 907 715 1014 770; x_wconf 87' lang='lat' dir='ltr'><strong>doli</strong></span> <span class='ocrx_word' id='word_1_37' title='bbox 1047 733 1263 787; x_wconf 84' lang='lat' dir='ltr'><strong>expers,</strong></span> <span class='ocrx_word' id='word_1_38' title='bbox 1284 735 1385 775; x_wconf 90' lang='lat' dir='ltr'><strong>nec</strong></span> <span class='ocrx_word' id='word_1_39' title='bbox 1405 721 1695 792; x_wconf 81' lang='lat' dir='ltr'><strong>quidquam</strong></span> <span class='ocrx_word' id='word_1_40' title='bbox 1733 725 1936 782; x_wconf 97' lang='lat' dir='ltr'><strong>habens</strong></span> <span class='ocrx_word' id='word_1_41' title='bbox 1969 729 2195 786; x_wconf 68' lang='lat' dir='ltr'><strong>insidia.</strong></span> 
     </span>
    </p>
   </div>
   <div class='ocr_carea' id='block_1_7' title="bbox 606 810 2194 885">
    <p class='ocr_par' dir='ltr' id='par_1_7' title="bbox 606 810 2194 885">
     <span class='ocr_line' id='line_1_7' title="bbox 606 810 2194 885; baseline 0.007 -20"><span class='ocrx_word' id='word_1_42' title='bbox 606 824 747 874; x_wconf 87' lang='lat' dir='ltr'><strong>rum,</strong></span> <span class='ocrx_word' id='word_1_43' title='bbox 766 824 935 877; x_wconf 83' lang='lat' dir='ltr'><strong>neque</strong></span> <span class='ocrx_word' id='word_1_44' title='bbox 951 810 1243 880; x_wconf 77' lang='lat' dir='ltr'><strong>quidquam</strong></span> <span class='ocrx_word' id='word_1_45' title='bbox 1262 812 1553 869; x_wconf 90' lang='lat' dir='ltr'><strong>admistnm</strong></span> <span class='ocrx_word' id='word_1_46' title='bbox 1576 833 1590 869; x_wconf 89' lang='lat'><strong><em>:</em></strong></span> <span class='ocrx_word' id='word_1_47' title='bbox 1611 816 1701 869; x_wconf 86' lang='lat' dir='ltr'><strong>illa</strong></span> <span class='ocrx_word' id='word_1_48' title='bbox 1726 816 1970 874; x_wconf 68' lang='lat' dir='ltr'><strong>laetemur</strong></span> <span class='ocrx_word' id='word_1_49' title='bbox 1986 821 2194 885; x_wconf 68' lang='lat' dir='ltr'><strong>lmtitia,</strong></span> 
     </span>
    </p>
   </div>
   <div class='ocr_carea' id='block_1_8' title="bbox 1361 248 3167 312">
    <p class='ocr_par' dir='ltr' id='par_1_8' title="bbox 1361 248 3167 312">
     <span class='ocr_line' id='line_1_8' title="bbox 1361 248 3167 312; baseline 0.003 -9"><span class='ocrx_word' id='word_1_50' title='bbox 1361 248 1417 304; x_wconf 74' lang='lat' dir='ltr'><strong>S.</strong></span> <span class='ocrx_word' id='word_1_51' title='bbox 1457 250 1732 307; x_wconf 68' lang='lat' dir='ltr'><strong>JOANNlS</strong></span> <span class='ocrx_word' id='word_1_52' title='bbox 1765 250 2241 309; x_wconf 66' lang='lat' dir='ltr'><strong>CHRYSOSTOW</strong></span> <span class='ocrx_word' id='word_1_53' title='bbox 2278 252 2596 312; x_wconf 77' lang='lat' dir='ltr'><strong>ARCHIEP.</strong></span> <span class='ocrx_word' id='word_1_54' title='bbox 2636 254 3167 312; x_wconf 74' lang='lat' dir='ltr'><strong>CONSTA‘NTINOP.</strong></span> 
     </span>
    </p>
   </div>
   <div class='ocr_carea' id='block_1_9' title="bbox 3797 256 3889 317">
    <p class='ocr_par' dir='ltr' id='par_1_9' title="bbox 3797 256 3889 317">
     <span class='ocr_line' id='line_1_9' title="bbox 3797 256 3889 317; baseline 0.065 -6"><span class='ocrx_word' id='word_1_55' title='bbox 3797 256 3889 317; x_wconf 63' lang='grc'><strong>121</strong></span> 
     </span>
    </p>
   </div>
   <div class='ocr_carea' id='block_1_10' title="bbox 2285 350 3887 424">
    <p class='ocr_par' dir='ltr' id='par_1_10' title="bbox 2285 350 3887 424">
     <span class='ocr_line' id='line_1_10' title="bbox 2285 350 3887 424; baseline -0.002 -14"><span class='ocrx_word' id='word_1_56' title='bbox 2285 356 2430 410; x_wconf 79' lang='lat' dir='ltr'><strong>illaut</strong></span> <span class='ocrx_word' id='word_1_57' title='bbox 2451 369 2855 424; x_wconf 89' lang='lat' dir='ltr'><strong>persequamur.</strong></span> <span class='ocrx_word' id='word_1_58' title='bbox 2887 354 3001 407; x_wconf 88' lang='lat' dir='ltr'><strong>Atia</strong></span> <span class='ocrx_word' id='word_1_59' title='bbox 3030 362 3206 406; x_wconf 89' lang='lat' dir='ltr'><strong>autem</strong></span> <span class='ocrx_word' id='word_1_60' title='bbox 3238 350 3446 406; x_wconf 75' lang='lat' dir='ltr'><strong>ratione</strong></span> <span class='ocrx_word' id='word_1_61' title='bbox 3472 366 3578 406; x_wconf 91' lang='lat' dir='ltr'><strong>non</strong></span> <span class='ocrx_word' id='word_1_62' title='bbox 3613 353 3740 409; x_wconf 74' lang='lat' dir='ltr'><strong>lii-et</strong></span> <span class='ocrx_word' id='word_1_63' title='bbox 3772 370 3887 407; x_wconf 83' lang='lat' dir='ltr'><strong>eam</strong></span> 
     </span>
    </p>
   </div>
   <div class='ocr_carea' id='block_1_11' title="bbox 2281 446 3891 521">
    <p class='ocr_par' dir='ltr' id='par_1_11' title="bbox 2281 446 3891 521">
     <span class='ocr_line' id='line_1_11' title="bbox 2281 446 3891 521; baseline -0.001 -18"><span class='ocrx_word' id='word_1_64' title='bbox 2281 452 2524 521; x_wconf 85' lang='lat' dir='ltr'><strong>assequi,</strong></span> <span class='ocrx_word' id='word_1_65' title='bbox 2556 464 2717 521; x_wconf 91' lang='lat' dir='ltr'><strong>quam</strong></span> <span class='ocrx_word' id='word_1_66' title='bbox 2746 464 2812 504; x_wconf 87' lang='lat' dir='ltr'><strong>eo</strong></span> <span class='ocrx_word' id='word_1_67' title='bbox 2846 447 2991 518; x_wconf 89' lang='lat' dir='ltr'><strong>quod</strong></span> <span class='ocrx_word' id='word_1_68' title='bbox 3034 446 3121 502; x_wconf 89' lang='lat' dir='ltr'><strong>hic</strong></span> <span class='ocrx_word' id='word_1_69' title='bbox 3148 447 3442 517; x_wconf 84' lang='lat' dir='ltr'><strong>eligamus,</strong></span> <span class='ocrx_word' id='word_1_70' title='bbox 3469 460 3578 499; x_wconf 92' lang='lat' dir='ltr'><strong>non</strong></span> <span class='ocrx_word' id='word_1_71' title='bbox 3604 461 3735 516; x_wconf 68' lang='lat' dir='ltr'><strong>quas</strong></span> <span class='ocrx_word' id='word_1_72' title='bbox 3770 458 3891 501; x_wconf 80' lang='lat' dir='ltr'><strong>sunt</strong></span> 
     </span>
    </p>
   </div>
   <div class='ocr_carea' id='block_1_12' title="bbox 2277 534 3889 612">
    <p class='ocr_par' dir='ltr' id='par_1_12' title="bbox 2277 534 3889 612">
     <span class='ocr_line' id='line_1_12' title="bbox 2277 534 3889 612; baseline -0.002 -17"><span class='ocrx_word' id='word_1_73' title='bbox 2277 541 2509 612; x_wconf 86' lang='lat' dir='ltr'><strong>jucunda</strong></span> <span class='ocrx_word' id='word_1_74' title='bbox 2534 583 2547 608; x_wconf 94' lang='lat'><strong>,</strong></span> <span class='ocrx_word' id='word_1_75' title='bbox 2574 540 2671 596; x_wconf 88' lang='lat' dir='ltr'><strong>sed</strong></span> <span class='ocrx_word' id='word_1_76' title='bbox 2693 554 2815 611; x_wconf 67' lang='lat' dir='ltr'><strong>quae</strong></span> <span class='ocrx_word' id='word_1_77' title='bbox 2841 538 2994 592; x_wconf 85' lang='lat' dir='ltr'><strong>utilia</strong></span> <span class='ocrx_word' id='word_1_78' title='bbox 3016 580 3030 603; x_wconf 94' lang='lat'><strong>,</strong></span> <span class='ocrx_word' id='word_1_79' title='bbox 3059 547 3115 592; x_wconf 89' lang='lat' dir='ltr'><strong>et</strong></span> <span class='ocrx_word' id='word_1_80' title='bbox 3142 553 3328 608; x_wconf 88' lang='lat' dir='ltr'><strong>parum</strong></span> <span class='ocrx_word' id='word_1_81' title='bbox 3359 534 3662 607; x_wconf 78' lang='lat' dir='ltr'><strong>afﬂigantur</strong></span> <span class='ocrx_word' id='word_1_82' title='bbox 3690 537 3889 592; x_wconf 80' lang='lat' dir='ltr'><strong>luben-</strong></span> 
     </span>
    </p>
   </div>
   <div class='ocr_carea' id='block_1_13' title="bbox 2282 631 3891 703">
    <p class='ocr_par' dir='ltr' id='par_1_13' title="bbox 2282 631 3891 703">
     <span class='ocr_line' id='line_1_13' title="bbox 2282 631 3891 703; baseline -0.001 -14"><span class='ocrx_word' id='word_1_83' title='bbox 2282 643 2397 701; x_wconf 88' lang='lat' dir='ltr'><strong>tcs,</strong></span> <span class='ocrx_word' id='word_1_84' title='bbox 2436 644 2491 690; x_wconf 88' lang='lat' dir='ltr'><strong>et</strong></span> <span class='ocrx_word' id='word_1_85' title='bbox 2528 650 2650 690; x_wconf 90' lang='lat' dir='ltr'><strong>cum</strong></span> <span class='ocrx_word' id='word_1_86' title='bbox 2690 633 2987 703; x_wconf 73' lang='lat' dir='ltr'><strong>gratiarum</strong></span> <span class='ocrx_word' id='word_1_87' title='bbox 3026 632 3241 686; x_wconf 86' lang='lat' dir='ltr'><strong>actione</strong></span> <span class='ocrx_word' id='word_1_88' title='bbox 3274 631 3513 686; x_wconf 80' lang='lat' dir='ltr'><strong>ieranms</strong></span> <span class='ocrx_word' id='word_1_89' title='bbox 3547 632 3739 686; x_wconf 85' lang='lat' dir='ltr'><strong>omnia</strong></span> <span class='ocrx_word' id='word_1_90' title='bbox 3772 648 3891 701; x_wconf 77' lang='lat' dir='ltr'><strong>qua:</strong></span> 
     </span>
    </p>
   </div>
   <div class='ocr_carea' id='block_1_14' title="bbox 2277 730 3890 801">
    <p class='ocr_par' dir='ltr' id='par_1_14' title="bbox 2277 730 3890 801">
     <span class='ocr_line' id='line_1_14' title="bbox 2277 730 3890 801; baseline -0.001 -13"><span class='ocrx_word' id='word_1_91' title='bbox 2277 730 2544 788; x_wconf 76' lang='lat' dir='ltr'><strong>accidunt.</strong></span> <span class='ocrx_word' id='word_1_92' title='bbox 2576 731 2664 787; x_wconf 88' lang='lat' dir='ltr'><strong>Sic</strong></span> <span class='ocrx_word' id='word_1_93' title='bbox 2690 731 2834 785; x_wconf 90' lang='lat' dir='ltr'><strong>enim</strong></span> <span class='ocrx_word' id='word_1_94' title='bbox 2866 732 3164 801; x_wconf 77' lang='lat' dir='ltr'><strong>poterimus</strong></span> <span class='ocrx_word' id='word_1_95' title='bbox 3196 746 3420 801; x_wconf 83' lang='lat' dir='ltr'><strong>regnum</strong></span> <span class='ocrx_word' id='word_1_96' title='bbox 3447 731 3709 786; x_wconf 60' lang='lat' dir='ltr'><strong>calorum</strong></span> <span class='ocrx_word' id='word_1_97' title='bbox 3739 744 3890 787; x_wconf 81' lang='lat' dir='ltr'><strong>asse-</strong></span> 
     </span>
    </p>
   </div>
   <div class='ocr_carea' id='block_1_15' title="bbox 2278 825 3174 897">
    <p class='ocr_par' dir='ltr' id='par_1_15' title="bbox 2278 825 3174 897">
     <span class='ocr_line' id='line_1_15' title="bbox 2278 825 3174 897; baseline -0.009 -16"><span class='ocrx_word' id='word_1_98' title='bbox 2278 827 2391 897; x_wconf 88' lang='lat' dir='ltr'><strong>qui,</strong></span> <span class='ocrx_word' id='word_1_99' title='bbox 2417 826 2583 896; x_wconf 77' lang='lat' dir='ltr'><strong>gratia</strong></span> <span class='ocrx_word' id='word_1_100' title='bbox 2607 836 2653 879; x_wconf 87' lang='lat' dir='ltr'><strong>et</strong></span> <span class='ocrx_word' id='word_1_101' title='bbox 2685 825 3038 896; x_wconf 73' lang='lat' dir='ltr'><strong>benignitate.</strong></span> <span class='ocrx_word' id='word_1_102' title='bbox 3069 832 3174 878; x_wconf 84' lang='lat' dir='ltr'><strong>etc.</strong></span> 
     </span>
    </p>
   </div>
   <div class='ocr_carea' id='block_1_16' title="bbox 613 900 2691 931">
    <p class='ocr_par' dir='ltr' id='par_1_16' title="bbox 613 900 2691 931">
     <span class='ocr_line' id='line_1_16' title="bbox 613 900 2691 931; baseline 0.006 -22"><span class='ocrx_word' id='word_1_103' title='bbox 613 900 2691 931; x_wconf 75' lang='lat'><strong>___—_______________________</strong></span> 
     </span>
    </p>
   </div>
   <div class='ocr_carea' id='block_1_17' title="bbox 2043 969 2596 1033">
    <p class='ocr_par' dir='ltr' id='par_1_17' title="bbox 2043 969 2596 1033">
     <span class='ocr_line' id='line_1_17' title="bbox 2043 969 2596 1033; baseline -0.005 -2"><span class='ocrx_word' id='word_1_104' title='bbox 2043 971 2379 1033; x_wconf 66' lang='lat' dir='ltr'><strong>HOMILIA</strong></span> <span class='ocrx_word' id='word_1_105' title='bbox 2430 969 2569 1030; x_wconf 71' lang='lat' dir='ltr'><strong>XVI</strong></span> <span class='ocrx_word' id='word_1_106' title='bbox 2582 1014 2596 1028; x_wconf 94' lang='lat'><strong>.</strong></span> 
     </span>
    </p>
   </div>
   <div class='ocr_carea' id='block_1_18' title="bbox 597 1043 2192 1137">
    <p class='ocr_par' dir='ltr' id='par_1_18' title="bbox 597 1043 2192 1137">
     <span class='ocr_line' id='line_1_18' title="bbox 597 1043 2192 1137; baseline 0.014 -39"><span class='ocrx_word' id='word_1_107' title='bbox 597 1043 731 1099; x_wconf 70' lang='lat' dir='ltr'><strong>Car.</strong></span> <span class='ocrx_word' id='word_1_108' title='bbox 761 1047 814 1103; x_wconf 89' lang='lat'><strong>9.</strong></span> <span class='ocrx_word' id='word_1_109' title='bbox 848 1066 897 1102; x_wconf 72' lang='grc' dir='ltr'><strong>ι’.</strong></span> <span class='ocrx_word' id='word_1_110' title='bbox 933 1050 1015 1106; x_wconf 76' lang='grc'><strong>15.</strong></span> <span class='ocrx_word' id='word_1_111' title='bbox 1050 1052 1116 1107; x_wconf 85' lang='lat' dir='ltr'><strong>Et</strong></span> <span class='ocrx_word' id='word_1_112' title='bbox 1145 1055 1259 1110; x_wconf 82' lang='lat' dir='ltr'><strong>ideo</strong></span> <span class='ocrx_word' id='word_1_113' title='bbox 1289 1055 1402 1112; x_wconf 83' lang='lat' dir='ltr'><strong>novi</strong></span> <span class='ocrx_word' id='word_1_114' title='bbox 1433 1061 1717 1115; x_wconf 70' lang='lat' dir='ltr'><strong>testamenti</strong></span> <span class='ocrx_word' id='word_1_115' title='bbox 1743 1065 1990 1119; x_wconf 74' lang='lat' dir='ltr'><strong>mediator</strong></span> <span class='ocrx_word' id='word_1_116' title='bbox 2016 1076 2118 1137; x_wconf 55' lang='lat' dir='ltr'><strong>est,</strong></span> <span class='ocrx_word' id='word_1_117' title='bbox 2136 1076 2192 1120; x_wconf 87' lang='lat' dir='ltr'><strong>ut</strong></span> 
     </span>
    </p>
   </div>
   <div class='ocr_carea' id='block_1_19' title="bbox 670 1140 2193 1225">
    <p class='ocr_par' dir='ltr' id='par_1_19' title="bbox 670 1140 2193 1225">
     <span class='ocr_line' id='line_1_19' title="bbox 670 1140 2193 1225; baseline 0.019 -37"><span class='ocrx_word' id='word_1_118' title='bbox 670 1140 1195 1210; x_wconf 79' lang='lat' dir='ltr'><strong>morteintercedente</strong></span> <span class='ocrx_word' id='word_1_119' title='bbox 1233 1157 1279 1202; x_wconf 84' lang='lat' dir='ltr'><strong>et</strong></span> <span class='ocrx_word' id='word_1_120' title='bbox 1318 1150 1711 1219; x_wconf 69' lang='lat' dir='ltr'><strong>redemptione»:</strong></span> <span class='ocrx_word' id='word_1_121' title='bbox 1749 1172 1922 1209; x_wconf 85' lang='lat' dir='ltr'><strong>eorum</strong></span> <span class='ocrx_word' id='word_1_122' title='bbox 1951 1159 2193 1225; x_wconf 64' lang='lat' dir='ltr'><strong>praeeri-</strong></span> 
     </span>
    </p>
   </div>
   <div class='ocr_carea' id='block_1_20' title="bbox 668 1226 2192 1317">
    <p class='ocr_par' dir='ltr' id='par_1_20' title="bbox 668 1226 2192 1317">
     <span class='ocr_line' id='line_1_20' title="bbox 668 1226 2192 1317; baseline 0.016 -37"><span class='ocrx_word' id='word_1_123' title='bbox 668 1229 947 1299; x_wconf 87' lang='lat' dir='ltr'><strong>cationum,</strong></span> <span class='ocrx_word' id='word_1_124' title='bbox 975 1240 1253 1300; x_wconf 15' lang='lat' dir='ltr'><strong>quteteranl</strong></span> <span class='ocrx_word' id='word_1_125' title='bbox 1278 1240 1367 1292; x_wconf 83' lang='lat' dir='ltr'><strong>sub</strong></span> <span class='ocrx_word' id='word_1_126' title='bbox 1391 1239 1551 1311; x_wconf 86' lang='lat' dir='ltr'><strong>priori</strong></span> <span class='ocrx_word' id='word_1_127' title='bbox 1574 1252 1884 1313; x_wconf 86' lang='lat' dir='ltr'><strong>testamento,</strong></span> <span class='ocrx_word' id='word_1_128' title='bbox 1918 1226 2192 1317; x_wconf 46' lang='lat' dir='ltr'><strong>reprontisl</strong></span> 
     </span>
    </p>
   </div>
   <div class='ocr_carea' id='block_1_21' title="bbox 668 1321 2207 1406">
    <p class='ocr_par' dir='ltr' id='par_1_21' title="bbox 668 1321 2207 1406">
     <span class='ocr_line' id='line_1_21' title="bbox 668 1321 2207 1406; baseline 0.016 -33"><span class='ocrx_word' id='word_1_129' title='bbox 668 1321 861 1376; x_wconf 82' lang='lat' dir='ltr'><strong>sionem</strong></span> <span class='ocrx_word' id='word_1_130' title='bbox 890 1324 1144 1394; x_wconf 83' lang='lat' dir='ltr'><strong>accipiant</strong></span> <span class='ocrx_word' id='word_1_131' title='bbox 1177 1331 1262 1399; x_wconf 87' lang='lat' dir='ltr'><strong>qui</strong></span> <span class='ocrx_word' id='word_1_132' title='bbox 1300 1337 1464 1386; x_wconf 74' lang='lat' dir='ltr'><strong>uocati</strong></span> <span class='ocrx_word' id='word_1_133' title='bbox 1499 1346 1616 1389; x_wconf 87' lang='lat' dir='ltr'><strong>sunt</strong></span> <span class='ocrx_word' id='word_1_134' title='bbox 1645 1347 1847 1394; x_wconf 66' lang='lat' dir='ltr'><strong>arteriae</strong></span> <span class='ocrx_word' id='word_1_135' title='bbox 1874 1341 2207 1406; x_wconf 77' lang='lat' dir='ltr'><strong>hereditatis._</strong></span> 
     </span>
    </p>
   </div>
   <div class='ocr_carea' id='block_1_22' title="bbox 672 1413 2189 1491">
    <p class='ocr_par' dir='ltr' id='par_1_22' title="bbox 672 1413 2189 1491">
     <span class='ocr_line' id='line_1_22' title="bbox 672 1413 2189 1491; baseline 0.016 -25"><span class='ocrx_word' id='word_1_136' title='bbox 672 1413 755 1473; x_wconf 81' lang='lat' dir='ltr'><strong>l6.</strong></span> <span class='ocrx_word' id='word_1_137' title='bbox 791 1413 890 1468; x_wconf 82' lang='lat' dir='ltr'><strong>Ubi</strong></span> <span class='ocrx_word' id='word_1_138' title='bbox 931 1416 1065 1472; x_wconf 87' lang='lat' dir='ltr'><strong>enim</strong></span> <span class='ocrx_word' id='word_1_139' title='bbox 1108 1430 1457 1479; x_wconf 82' lang='lat' dir='ltr'><strong>testamentum</strong></span> <span class='ocrx_word' id='word_1_140' title='bbox 1481 1438 1584 1491; x_wconf 90' lang='lat' dir='ltr'><strong>est,</strong></span> <span class='ocrx_word' id='word_1_141' title='bbox 1616 1447 1751 1485; x_wconf 87' lang='lat' dir='ltr'><strong>mors</strong></span> <span class='ocrx_word' id='word_1_142' title='bbox 1780 1449 1980 1489; x_wconf 79' lang='lat' dir='ltr'><strong>necesse</strong></span> <span class='ocrx_word' id='word_1_143' title='bbox 2004 1445 2075 1489; x_wconf 87' lang='lat' dir='ltr'><strong>est</strong></span> <span class='ocrx_word' id='word_1_144' title='bbox 2106 1438 2189 1489; x_wconf 87' lang='lat' dir='ltr'><strong>in-</strong></span> 
     </span>
    </p>
   </div>
   <div class='ocr_carea' id='block_1_23' title="bbox 666 1504 2189 1581">
    <p class='ocr_par' dir='ltr' id='par_1_23' title="bbox 666 1504 2189 1581">
     <span class='ocr_line' id='line_1_23' title="bbox 666 1504 2189 1581; baseline 0.018 -27"><span class='ocrx_word' id='word_1_145' title='bbox 666 1504 886 1558; x_wconf 82' lang='lat' dir='ltr'><strong>tercedat</strong></span> <span class='ocrx_word' id='word_1_146' title='bbox 920 1511 1171 1564; x_wconf 56' lang='lat' dir='ltr'><strong>testatoris</strong></span> <span class='ocrx_word' id='word_1_147' title='bbox 1196 1514 1321 1567; x_wconf 75' lang='lat'><strong>:17.</strong></span> <span class='ocrx_word' id='word_1_148' title='bbox 1355 1520 1704 1574; x_wconf 85' lang='lat' dir='ltr'><strong>testamentum</strong></span> <span class='ocrx_word' id='word_1_149' title='bbox 1732 1524 1864 1575; x_wconf 87' lang='lat' dir='ltr'><strong>enim</strong></span> <span class='ocrx_word' id='word_1_150' title='bbox 1892 1524 1945 1578; x_wconf 87' lang='lat' dir='ltr'><strong>in</strong></span> <span class='ocrx_word' id='word_1_151' title='bbox 1973 1528 2189 1581; x_wconf 88' lang='lat' dir='ltr'><strong>mortuis</strong></span> 
     </span>
    </p>
   </div>
   <div class='ocr_carea' id='block_1_24' title="bbox 665 1781 1255 1848">
    <p class='ocr_par' dir='ltr' id='par_1_24' title="bbox 665 1781 1255 1848">
     <span class='ocr_line' id='line_1_24' title="bbox 665 1781 1255 1848; baseline 0.02 -16"><span class='ocrx_word' id='word_1_152' title='bbox 665 1781 818 1848; x_wconf 83' lang='lat' dir='ltr'><strong>guine</strong></span> <span class='ocrx_word' id='word_1_153' title='bbox 846 1784 1134 1842; x_wconf 85' lang='lat' dir='ltr'><strong>dedicatum</strong></span> <span class='ocrx_word' id='word_1_154' title='bbox 1161 1799 1255 1844; x_wconf 84' lang='lat' dir='ltr'><strong>est.</strong></span> 
     </span>
    </p>
   </div>
   <div class='ocr_carea' id='block_1_25' title="bbox 667 1874 2188 1960">
    <p class='ocr_par' dir='ltr' id='par_1_25' title="bbox 667 1874 2188 1960">
     <span class='ocr_line' id='line_1_25' title="bbox 667 1874 2188 1960; baseline 0.016 -35"><span class='ocrx_word' id='word_1_155' title='bbox 667 1874 716 1925; x_wconf 79' lang='grc' dir='ltr'>ι.</span> <span class='ocrx_word' id='word_1_156' title='bbox 756 1874 881 1927; x_wconf 82' lang='lat' dir='ltr'><strong>Erat</strong></span> <span class='ocrx_word' id='word_1_157' title='bbox 910 1878 1196 1934; x_wconf 84' lang='lat' dir='ltr'><strong>verisimile</strong></span> <span class='ocrx_word' id='word_1_158' title='bbox 1234 1882 1432 1940; x_wconf 88' lang='lat' dir='ltr'><strong>multos</strong></span> <span class='ocrx_word' id='word_1_159' title='bbox 1471 1899 1535 1940; x_wconf 88' lang='lat' dir='ltr'><strong>ex</strong></span> <span class='ocrx_word' id='word_1_160' title='bbox 1578 1887 1996 1960; x_wconf 89' lang='lat' dir='ltr'><strong>inﬁrmioribus,</strong></span> <span class='ocrx_word' id='word_1_161' title='bbox 2026 1908 2090 1949; x_wconf 88' lang='lat' dir='ltr'><strong>ex</strong></span> <span class='ocrx_word' id='word_1_162' title='bbox 2120 1908 2188 1950; x_wconf 85' lang='lat' dir='ltr'><strong>eo</strong></span> 
     </span>
    </p>
   </div>
   <div class='ocr_carea' id='block_1_26' title="bbox 593 1962 2186 2046">
    <p class='ocr_par' dir='ltr' id='par_1_26' title="bbox 593 1962 2186 2046">
     <span class='ocr_line' id='line_1_26' title="bbox 593 1962 2186 2046; baseline 0.017 -31"><span class='ocrx_word' id='word_1_163' title='bbox 593 1962 753 2016; x_wconf 87' lang='lat' dir='ltr'><strong>etiam</strong></span> <span class='ocrx_word' id='word_1_164' title='bbox 797 1966 1029 2023; x_wconf 79' lang='lat' dir='ltr'><strong>maxime</strong></span> <span class='ocrx_word' id='word_1_165' title='bbox 1066 1971 1207 2039; x_wconf 90' lang='lat' dir='ltr'><strong>quod</strong></span> <span class='ocrx_word' id='word_1_166' title='bbox 1247 1984 1488 2031; x_wconf 86' lang='lat' dir='ltr'><strong>mortuus</strong></span> <span class='ocrx_word' id='word_1_167' title='bbox 1532 1991 1672 2033; x_wconf 83' lang='lat' dir='ltr'><strong>esset</strong></span> <span class='ocrx_word' id='word_1_168' title='bbox 1712 1979 1991 2046; x_wconf 85' lang='lat' dir='ltr'><strong>Christus,</strong></span> <span class='ocrx_word' id='word_1_169' title='bbox 2027 1985 2186 2041; x_wconf 86' lang='lat' dir='ltr'><strong>ﬁdem</strong></span> 
     </span>
    </p>
   </div>
   <div class='ocr_carea' id='block_1_27' title="bbox 594 2053 2187 2138">
    <p class='ocr_par' dir='ltr' id='par_1_27' title="bbox 594 2053 2187 2138">
     <span class='ocr_line' id='line_1_27' title="bbox 594 2053 2187 2138; baseline 0.018 -34"><span class='ocrx_word' id='word_1_170' title='bbox 594 2065 698 2107; x_wconf 92' lang='lat' dir='ltr'><strong>non</strong></span> <span class='ocrx_word' id='word_1_171' title='bbox 728 2053 925 2112; x_wconf 86' lang='lat' dir='ltr'><strong>habere</strong></span> <span class='ocrx_word' id='word_1_172' title='bbox 955 2062 1254 2128; x_wconf 87' lang='lat' dir='ltr'><strong>promissis.</strong></span> <span class='ocrx_word' id='word_1_173' title='bbox 1284 2064 1480 2120; x_wconf 86' lang='lat' dir='ltr'><strong>Paulus</strong></span> <span class='ocrx_word' id='word_1_174' title='bbox 1500 2082 1731 2138; x_wconf 88' lang='lat' dir='ltr'><strong>ergo,ex</strong></span> <span class='ocrx_word' id='word_1_175' title='bbox 1759 2072 2080 2129; x_wconf 80' lang='lat' dir='ltr'><strong>abundantia</strong></span> <span class='ocrx_word' id='word_1_176' title='bbox 2107 2087 2187 2131; x_wconf 80' lang='lat' dir='ltr'><strong>ta-</strong></span> 
     </span>
    </p>
   </div>
   <div class='ocr_carea' id='block_1_28' title="bbox 593 2146 2189 2228">
    <p class='ocr_par' dir='ltr' id='par_1_28' title="bbox 593 2146 2189 2228">
     <span class='ocr_line' id='line_1_28' title="bbox 593 2146 2189 2228; baseline 0.018 -32"><span class='ocrx_word' id='word_1_177' title='bbox 593 2146 697 2200; x_wconf 91' lang='lat' dir='ltr'><strong>lem</strong></span> <span class='ocrx_word' id='word_1_178' title='bbox 720 2148 1004 2207; x_wconf 86' lang='lat' dir='ltr'><strong>conl&#39;utans</strong></span> <span class='ocrx_word' id='word_1_179' title='bbox 1022 2153 1354 2223; x_wconf 85' lang='lat' dir='ltr'><strong>Opinionem,</strong></span> <span class='ocrx_word' id='word_1_180' title='bbox 1382 2160 1482 2214; x_wconf 89' lang='lat' dir='ltr'><strong>hoc</strong></span> <span class='ocrx_word' id='word_1_181' title='bbox 1506 2163 1648 2228; x_wconf 83' lang='lat' dir='ltr'><strong>ponit</strong></span> <span class='ocrx_word' id='word_1_182' title='bbox 1673 2180 1735 2217; x_wconf 86' lang='lat' dir='ltr'><strong>ex</strong></span> <span class='ocrx_word' id='word_1_183' title='bbox 1759 2170 2029 2222; x_wconf 89' lang='lat' dir='ltr'><strong>communi</strong></span> <span class='ocrx_word' id='word_1_184' title='bbox 2048 2184 2189 2225; x_wconf 79' lang='lat' dir='ltr'><strong>sum-</strong></span> 
     </span>
    </p>
   </div>
   <div class='ocr_carea' id='block_1_29' title="bbox 595 2241 2182 2330">
    <p class='ocr_par' dir='ltr' id='par_1_29' title="bbox 595 2241 2182 2330">
     <span class='ocr_line' id='line_1_29' title="bbox 595 2241 2182 2330; baseline 0.017 -40"><span class='ocrx_word' id='word_1_185' title='bbox 595 2246 743 2304; x_wconf 86' lang='lat' dir='ltr'><strong>ptum</strong></span> <span class='ocrx_word' id='word_1_186' title='bbox 774 2241 1180 2300; x_wconf 86' lang='lat' dir='ltr'><strong>consuetudine.</strong></span> <span class='ocrx_word' id='word_1_187' title='bbox 1212 2248 1535 2314; x_wconf 89' lang='lat' dir='ltr'><strong>Quodnam?</strong></span> <span class='ocrx_word' id='word_1_188' title='bbox 1573 2253 1795 2324; x_wconf 87' lang='lat' dir='ltr'><strong>Propter</strong></span> <span class='ocrx_word' id='word_1_189' title='bbox 1836 2257 1938 2313; x_wconf 91' lang='lat' dir='ltr'><strong>hoc</strong></span> <span class='ocrx_word' id='word_1_190' title='bbox 1971 2260 2182 2330; x_wconf 90' lang='lat' dir='ltr'><strong>ipsum,</strong></span> 
     </span>
    </p>
   </div>
   <div class='ocr_carea' id='block_1_30' title="bbox 594 2328 2184 2421">
    <p class='ocr_par' dir='ltr' id='par_1_30' title="bbox 594 2328 2184 2421">
     <span class='ocr_line' id='line_1_30' title="bbox 594 2328 2184 2421; baseline 0.018 -41"><span class='ocrx_word' id='word_1_191' title='bbox 594 2328 797 2399; x_wconf 88' lang='lat' dir='ltr'><strong>inquit,</strong></span> <span class='ocrx_word' id='word_1_192' title='bbox 830 2344 1046 2401; x_wconf 85' lang='lat' dir='ltr'><strong>oportet</strong></span> <span class='ocrx_word' id='word_1_193' title='bbox 1076 2336 1350 2395; x_wconf 84' lang='lat' dir='ltr'><strong>conﬁdere</strong></span> <span class='ocrx_word' id='word_1_194' title='bbox 1385 2352 1439 2395; x_wconf 86' lang='lat' dir='ltr'><strong>et</strong></span> <span class='ocrx_word' id='word_1_195' title='bbox 1477 2342 1618 2399; x_wconf 79' lang='lat' dir='ltr'><strong>iIOIiO</strong></span> <span class='ocrx_word' id='word_1_196' title='bbox 1647 2361 1767 2401; x_wconf 80' lang='lat' dir='ltr'><strong>esse</strong></span> <span class='ocrx_word' id='word_1_197' title='bbox 1795 2328 2009 2415; x_wconf 68' lang='lat' dir='ltr'><strong>animo,</strong></span> <span class='ocrx_word' id='word_1_198' title='bbox 2041 2353 2184 2421; x_wconf 90' lang='lat' dir='ltr'><strong>quod</strong></span> 
     </span>
    </p>
   </div>
   <div class='ocr_carea' id='block_1_31' title="bbox 594 2423 2185 2504">
    <p class='ocr_par' dir='ltr' id='par_1_31' title="bbox 594 2423 2185 2504">
     <span class='ocr_line' id='line_1_31' title="bbox 594 2423 2185 2504; baseline 0.018 -33"><span class='ocrx_word' id='word_1_199' title='bbox 594 2436 698 2473; x_wconf 91' lang='lat' dir='ltr'><strong>non</strong></span> <span class='ocrx_word' id='word_1_200' title='bbox 731 2423 1053 2491; x_wconf 79' lang='lat' dir='ltr'><strong>viventibus,</strong></span> <span class='ocrx_word' id='word_1_201' title='bbox 1088 2428 1183 2481; x_wconf 90' lang='lat' dir='ltr'><strong>sed</strong></span> <span class='ocrx_word' id='word_1_202' title='bbox 1216 2433 1439 2484; x_wconf 82' lang='lat' dir='ltr'><strong>mortuis</strong></span> <span class='ocrx_word' id='word_1_203' title='bbox 1471 2433 1534 2487; x_wconf 88' lang='lat' dir='ltr'><strong>iis</strong></span> <span class='ocrx_word' id='word_1_204' title='bbox 1559 2437 1646 2504; x_wconf 88' lang='lat' dir='ltr'><strong>qui</strong></span> <span class='ocrx_word' id='word_1_205' title='bbox 1678 2449 1800 2493; x_wconf 92' lang='lat' dir='ltr'><strong>sunt</strong></span> <span class='ocrx_word' id='word_1_206' title='bbox 1828 2443 2025 2503; x_wconf 87' lang='lat' dir='ltr'><strong>testati,</strong></span> <span class='ocrx_word' id='word_1_207' title='bbox 2058 2452 2185 2500; x_wconf 93' lang='lat' dir='ltr'><strong>tunc</strong></span> 
     </span>
    </p>
   </div>
   <div class='ocr_carea' id='block_1_32' title="bbox 595 2510 2181 2605">
    <p class='ocr_par' dir='ltr' id='par_1_32' title="bbox 595 2510 2181 2605">
     <span class='ocr_line' id='line_1_32' title="bbox 595 2510 2181 2605; baseline 0.018 -43"><span class='ocrx_word' id='word_1_208' title='bbox 595 2510 743 2565; x_wconf 88' lang='lat' dir='ltr'><strong>lirma</strong></span> <span class='ocrx_word' id='word_1_209' title='bbox 774 2524 827 2567; x_wconf 91' lang='lat' dir='ltr'><strong>et</strong></span> <span class='ocrx_word' id='word_1_210' title='bbox 858 2514 1027 2570; x_wconf 77' lang='lat' dir='ltr'><strong>valida</strong></span> <span class='ocrx_word' id='word_1_211' title='bbox 1068 2514 1176 2573; x_wconf 87' lang='lat' dir='ltr'><strong>sint</strong></span> <span class='ocrx_word' id='word_1_212' title='bbox 1217 2530 1535 2579; x_wconf 86' lang='lat' dir='ltr'><strong>testamenta</strong></span> <span class='ocrx_word' id='word_1_213' title='bbox 1557 2568 1571 2592; x_wconf 93' lang='lat'><strong>,</strong></span> <span class='ocrx_word' id='word_1_214' title='bbox 1604 2537 1656 2581; x_wconf 89' lang='lat' dir='ltr'><strong>et</strong></span> <span class='ocrx_word' id='word_1_215' title='bbox 1697 2531 1860 2585; x_wconf 87' lang='lat' dir='ltr'><strong>robur</strong></span> <span class='ocrx_word' id='word_1_216' title='bbox 1895 2535 2181 2605; x_wconf 82' lang='lat' dir='ltr'><strong>accipiant.</strong></span> 
     </span>
    </p>
   </div>
   <div class='ocr_carea' id='block_1_33' title="bbox 591 2600 2185 2682">
    <p class='ocr_par' dir='ltr' id='par_1_33' title="bbox 591 2600 2185 2682">
     <span class='ocr_line' id='line_1_33' title="bbox 591 2600 2185 2682; baseline 0.015 -25"><span class='ocrx_word' id='word_1_217' title='bbox 591 2600 657 2657; x_wconf 87' lang='lat' dir='ltr'><strong>Et</strong></span> <span class='ocrx_word' id='word_1_218' title='bbox 705 2604 826 2659; x_wconf 89' lang='lat' dir='ltr'><strong>ideo</strong></span> <span class='ocrx_word' id='word_1_219' title='bbox 868 2607 947 2662; x_wconf 92' lang='lat' dir='ltr'><strong>sic</strong></span> <span class='ocrx_word' id='word_1_220' title='bbox 991 2610 1177 2680; x_wconf 85' lang='lat' dir='ltr'><strong>incipit</strong></span> <span class='ocrx_word' id='word_1_221' title='bbox 1215 2612 1439 2679; x_wconf 90' lang='lat' dir='ltr'><strong>dicens,</strong></span> <span class='ocrx_word' id='word_1_222' title='bbox 1480 2624 1535 2671; x_wconf 92' lang='lat' dir='ltr'><strong>et</strong></span> <span class='ocrx_word' id='word_1_223' title='bbox 1577 2617 1650 2671; x_wconf 87' lang='lat' dir='ltr'><strong>ait</strong></span> <span class='ocrx_word' id='word_1_224' title='bbox 1684 2637 1697 2672; x_wconf 91' lang='lat'>:</span> <span class='ocrx_word' id='word_1_225' title='bbox 1732 2618 1867 2675; x_wconf 87' lang='lat' dir='ltr'><strong>Novi</strong></span> <span class='ocrx_word' id='word_1_226' title='bbox 1904 2600 2185 2682; x_wconf 77' lang='lat' dir='ltr'><strong>testamenti</strong></span> 
     </span>
    </p>
   </div>
   <div class='ocr_carea' id='block_1_34' title="bbox 591 2694 2182 2777">
    <p class='ocr_par' dir='ltr' id='par_1_34' title="bbox 591 2694 2182 2777">
     <span class='ocr_line' id='line_1_34' title="bbox 591 2694 2182 2777; baseline 0.019 -34"><span class='ocrx_word' id='word_1_227' title='bbox 591 2694 841 2749; x_wconf 77' lang='lat' dir='ltr'><strong>mediator</strong></span> <span class='ocrx_word' id='word_1_228' title='bbox 884 2708 978 2756; x_wconf 87' lang='lat' dir='ltr'><strong>est.</strong></span> <span class='ocrx_word' id='word_1_229' title='bbox 1021 2699 1421 2758; x_wconf 83' lang='lat' dir='ltr'><strong>Testamentum</strong></span> <span class='ocrx_word' id='word_1_230' title='bbox 1451 2706 1508 2760; x_wconf 89' lang='lat' dir='ltr'><strong>ﬁt</strong></span> <span class='ocrx_word' id='word_1_231' title='bbox 1539 2708 1591 2762; x_wconf 91' lang='lat' dir='ltr'><strong>in</strong></span> <span class='ocrx_word' id='word_1_232' title='bbox 1624 2710 1812 2765; x_wconf 90' lang='lat' dir='ltr'><strong>ultimo</strong></span> <span class='ocrx_word' id='word_1_233' title='bbox 1845 2713 1931 2769; x_wconf 89' lang='lat' dir='ltr'><strong>die</strong></span> <span class='ocrx_word' id='word_1_234' title='bbox 1973 2722 2182 2777; x_wconf 91' lang='lat' dir='ltr'><strong>mortis.</strong></span> 
     </span>
    </p>
   </div>
   <div class='ocr_carea' id='block_1_35' title="bbox 591 2779 2185 2877">
    <p class='ocr_par' dir='ltr' id='par_1_35' title="bbox 591 2779 2185 2877">
     <span class='ocr_line' id='line_1_35' title="bbox 591 2779 2185 2877; baseline 0.019 -39"><span class='ocrx_word' id='word_1_235' title='bbox 591 2779 721 2843; x_wconf 79' lang='lat' dir='ltr'><strong>&#39;i‘ale</strong></span> <span class='ocrx_word' id='word_1_236' title='bbox 748 2797 831 2843; x_wconf 79' lang='lat' dir='ltr'><strong>est</strong></span> <span class='ocrx_word' id='word_1_237' title='bbox 857 2802 1033 2846; x_wconf 89' lang='lat' dir='ltr'><strong>autem</strong></span> <span class='ocrx_word' id='word_1_238' title='bbox 1066 2810 1079 2847; x_wconf 74' lang='grc' dir='ltr'><strong>ε</strong></span> <span class='ocrx_word' id='word_1_239' title='bbox 1110 2789 1244 2850; x_wconf 87' lang='lat' dir='ltr'><strong>alios</strong></span> <span class='ocrx_word' id='word_1_240' title='bbox 1287 2799 1501 2868; x_wconf 90' lang='lat' dir='ltr'><strong>quidem</strong></span> <span class='ocrx_word' id='word_1_241' title='bbox 1547 2802 1708 2859; x_wconf 82' lang='lat' dir='ltr'><strong>habet</strong></span> <span class='ocrx_word' id='word_1_242' title='bbox 1755 2805 2013 2877; x_wconf 85' lang='lat' dir='ltr'><strong>heredes,</strong></span> <span class='ocrx_word' id='word_1_243' title='bbox 2051 2814 2185 2869; x_wconf 82' lang='lat' dir='ltr'><strong>alios</strong></span> 
     </span>
    </p>
   </div>
   <div class='ocr_carea' id='block_1_36' title="bbox 591 2881 2184 2965">
    <p class='ocr_par' dir='ltr' id='par_1_36' title="bbox 591 2881 2184 2965">
     <span class='ocr_line' id='line_1_36' title="bbox 591 2881 2184 2965; baseline 0.019 -37"><span class='ocrx_word' id='word_1_244' title='bbox 591 2890 719 2933; x_wconf 60' lang='lat' dir='ltr'><strong>Vero</strong></span> <span class='ocrx_word' id='word_1_245' title='bbox 776 2884 1152 2941; x_wconf 82' lang='lat' dir='ltr'><strong>exheredatos.</strong></span> <span class='ocrx_word' id='word_1_246' title='bbox 1219 2881 1295 2943; x_wconf 90' lang='lat' dir='ltr'><strong>lta</strong></span> <span class='ocrx_word' id='word_1_247' title='bbox 1355 2889 1441 2946; x_wconf 91' lang='lat' dir='ltr'><strong>hic</strong></span> <span class='ocrx_word' id='word_1_248' title='bbox 1494 2908 1708 2965; x_wconf 85' lang='lat' dir='ltr'><strong>quoque</strong></span> <span class='ocrx_word' id='word_1_249' title='bbox 1770 2897 1838 2953; x_wconf 90' lang='lat' dir='ltr'><strong>de</strong></span> <span class='ocrx_word' id='word_1_250' title='bbox 1898 2902 2184 2958; x_wconf 81' lang='lat' dir='ltr'><strong>heredibus</strong></span> 
     </span>
    </p>
   </div>
   <div class='ocr_carea' id='block_1_37' title="bbox 591 2971 2183 3059">
    <p class='ocr_par' dir='ltr' id='par_1_37' title="bbox 591 2971 2183 3059">
     <span class='ocr_line' id='line_1_37' title="bbox 591 2971 2183 3059; baseline 0.019 -39"><span class='ocrx_word' id='word_1_251' title='bbox 591 2971 763 3026; x_wconf 88' lang='lat' dir='ltr'><strong>dicit:</strong></span> <span class='ocrx_word' id='word_1_252' title='bbox 804 2971 931 3027; x_wconf 78' lang='lat' dir='ltr'><strong>Volo</strong></span> <span class='ocrx_word' id='word_1_253' title='bbox 989 2986 1039 3027; x_wconf 85' lang='lat' dir='ltr'><strong>ut</strong></span> <span class='ocrx_word' id='word_1_254' title='bbox 1091 2978 1173 3030; x_wconf 85' lang='lat' dir='ltr'><strong>ubi</strong></span> <span class='ocrx_word' id='word_1_255' title='bbox 1221 2996 1311 3050; x_wconf 83' lang='lat' dir='ltr'><strong>ego</strong></span> <span class='ocrx_word' id='word_1_256' title='bbox 1347 2997 1478 3050; x_wconf 79' lang='lat' dir='ltr'><strong>sunt,</strong></span> <span class='ocrx_word' id='word_1_257' title='bbox 1520 2985 1690 3055; x_wconf 85' lang='lat' dir='ltr'><strong>inquit</strong></span> <span class='ocrx_word' id='word_1_258' title='bbox 1742 2987 2009 3059; x_wconf 87' lang='lat' dir='ltr'><strong>Christus,</strong></span> <span class='ocrx_word' id='word_1_259' title='bbox 2056 3003 2101 3048; x_wconf 84' lang='lat' dir='ltr'><strong>et</strong></span> <span class='ocrx_word' id='word_1_260' title='bbox 2132 2995 2183 3049; x_wconf 82' lang='lat' dir='ltr'><strong>hi</strong></span> 
     </span>
    </p>
   </div>
   <div class='ocr_carea' id='block_1_38' title="bbox 591 3061 2183 3142">
    <p class='ocr_par' dir='ltr' id='par_1_38' title="bbox 591 3061 2183 3142">
     <span class='ocr_line' id='line_1_38' title="bbox 591 3061 2183 3142; baseline 0.017 -29"><span class='ocrx_word' id='word_1_261' title='bbox 591 3063 689 3114; x_wconf 89' lang='lat' dir='ltr'><strong>sint</strong></span> <span class='ocrx_word' id='word_1_262' title='bbox 722 3062 899 3131; x_wconf 86' lang='lat' dir='ltr'><strong>(Joan.</strong></span> <span class='ocrx_word' id='word_1_263' title='bbox 934 3061 1020 3121; x_wconf 88' lang='lat' dir='ltr'><strong>l7.</strong></span> <span class='ocrx_word' id='word_1_264' title='bbox 1061 3068 1176 3138; x_wconf 73' lang='lat' dir='ltr'><strong>2t).</strong></span> <span class='ocrx_word' id='word_1_265' title='bbox 1223 3067 1292 3123; x_wconf 80' lang='lat' dir='ltr'><strong>Et</strong></span> <span class='ocrx_word' id='word_1_266' title='bbox 1337 3088 1525 3129; x_wconf 86' lang='lat' dir='ltr'><strong>rursus</strong></span> <span class='ocrx_word' id='word_1_267' title='bbox 1569 3076 1636 3131; x_wconf 87' lang='lat' dir='ltr'><strong>de</strong></span> <span class='ocrx_word' id='word_1_268' title='bbox 1679 3080 2019 3137; x_wconf 89' lang='lat' dir='ltr'><strong>exheredatis</strong></span> <span class='ocrx_word' id='word_1_269' title='bbox 2060 3086 2183 3142; x_wconf 90' lang='lat' dir='ltr'><strong>audi</strong></span> 
     </span>
    </p>
   </div>
   <div class='ocr_carea' id='block_1_39' title="bbox 589 3153 2185 3247">
    <p class='ocr_par' dir='ltr' id='par_1_39' title="bbox 589 3153 2185 3247">
     <span class='ocr_line' id='line_1_39' title="bbox 589 3153 2185 3247; baseline 0.016 -43"><span class='ocrx_word' id='word_1_270' title='bbox 589 3168 710 3206; x_wconf 89' lang='lat' dir='ltr'><strong>eum</strong></span> <span class='ocrx_word' id='word_1_271' title='bbox 743 3153 1011 3210; x_wconf 89' lang='lat' dir='ltr'><strong>dicentem</strong></span> <span class='ocrx_word' id='word_1_272' title='bbox 1043 3176 1056 3212; x_wconf 89' lang='lat'>:</span> <span class='ocrx_word' id='word_1_273' title='bbox 1086 3156 1205 3213; x_wconf 83' lang='lat' dir='ltr'><strong>Non</strong></span> <span class='ocrx_word' id='word_1_274' title='bbox 1236 3178 1327 3231; x_wconf 86' lang='lat' dir='ltr'><strong>pro</strong></span> <span class='ocrx_word' id='word_1_275' title='bbox 1357 3166 1586 3220; x_wconf 83' lang='lat' dir='ltr'><strong>omnibus</strong></span> <span class='ocrx_word' id='word_1_276' title='bbox 1615 3184 1759 3237; x_wconf 79' lang='lat' dir='ltr'><strong>rogo,</strong></span> <span class='ocrx_word' id='word_1_277' title='bbox 1787 3172 1877 3224; x_wconf 84' lang='lat' dir='ltr'><strong>sed</strong></span> <span class='ocrx_word' id='word_1_278' title='bbox 1896 3189 1987 3242; x_wconf 88' lang='lat' dir='ltr'><strong>pro</strong></span> <span class='ocrx_word' id='word_1_279' title='bbox 2013 3176 2074 3229; x_wconf 87' lang='lat' dir='ltr'><strong>iis</strong></span> <span class='ocrx_word' id='word_1_280' title='bbox 2098 3179 2185 3247; x_wconf 82' lang='lat' dir='ltr'><strong>qui</strong></span> 
     </span>
    </p>
   </div>
   <div class='ocr_carea' id='block_1_40' title="bbox 590 3246 2182 3334">
    <p class='ocr_par' dir='ltr' id='par_1_40' title="bbox 590 3246 2182 3334">
     <span class='ocr_line' id='line_1_40' title="bbox 590 3246 2182 3334; baseline 0.017 -39"><span class='ocrx_word' id='word_1_281' title='bbox 590 3246 796 3299; x_wconf 82' lang='lat' dir='ltr'><strong>rredunt</strong></span> <span class='ocrx_word' id='word_1_282' title='bbox 830 3265 919 3316; x_wconf 87' lang='lat' dir='ltr'><strong>per</strong></span> <span class='ocrx_word' id='word_1_283' title='bbox 947 3250 1149 3304; x_wconf 79' lang='lat' dir='ltr'><strong>uerbum</strong></span> <span class='ocrx_word' id='word_1_284' title='bbox 1177 3270 1347 3308; x_wconf 88' lang='lat' dir='ltr'><strong>eorum</strong></span> <span class='ocrx_word' id='word_1_285' title='bbox 1373 3258 1424 3309; x_wconf 89' lang='lat' dir='ltr'><strong>in</strong></span> <span class='ocrx_word' id='word_1_286' title='bbox 1455 3274 1534 3311; x_wconf 87' lang='lat' dir='ltr'><strong>me</strong></span> <span class='ocrx_word' id='word_1_287' title='bbox 1560 3258 1607 3327; x_wconf 84' lang='grc' dir='ltr'><strong>(Ι</strong></span> <span class='ocrx_word' id='word_1_288' title='bbox 1617 3257 1719 3314; x_wconf 80' lang='lat' dir='ltr'><strong>bid.</strong></span> <span class='ocrx_word' id='word_1_289' title='bbox 1752 3277 1798 3315; x_wconf 84' lang='grc' dir='ltr'><strong>υ.</strong></span> <span class='ocrx_word' id='word_1_290' title='bbox 1832 3263 1947 3334; x_wconf 72' lang='grc'><strong>20).</strong></span> <span class='ocrx_word' id='word_1_291' title='bbox 1976 3264 2182 3323; x_wconf 85' lang='lat' dir='ltr'><strong>Rursus</strong></span> 
     </span>
    </p>
   </div>
   <div class='ocr_carea' id='block_1_41' title="bbox 591 3344 2179 3429">
    <p class='ocr_par' dir='ltr' id='par_1_41' title="bbox 591 3344 2179 3429">
     <span class='ocr_line' id='line_1_41' title="bbox 591 3344 2179 3429; baseline 0.016 -38"><span class='ocrx_word' id='word_1_292' title='bbox 591 3348 968 3397; x_wconf 85' lang='lat' dir='ltr'><strong>testamentum</strong></span> <span class='ocrx_word' id='word_1_293' title='bbox 992 3344 1096 3399; x_wconf 88' lang='lat' dir='ltr'><strong>alia</strong></span> <span class='ocrx_word' id='word_1_294' title='bbox 1123 3346 1337 3416; x_wconf 89' lang='lat' dir='ltr'><strong>quidem</strong></span> <span class='ocrx_word' id='word_1_295' title='bbox 1372 3348 1533 3406; x_wconf 82' lang='lat' dir='ltr'><strong>habet</strong></span> <span class='ocrx_word' id='word_1_296' title='bbox 1561 3352 1679 3422; x_wconf 91' lang='lat' dir='ltr'><strong>ejus</strong></span> <span class='ocrx_word' id='word_1_297' title='bbox 1705 3356 1793 3425; x_wconf 93' lang='lat' dir='ltr'><strong>qui</strong></span> <span class='ocrx_word' id='word_1_298' title='bbox 1822 3367 1903 3411; x_wconf 88' lang='lat' dir='ltr'><strong>est</strong></span> <span class='ocrx_word' id='word_1_299' title='bbox 1935 3368 2179 3429; x_wconf 86' lang='lat' dir='ltr'><strong>testatus,</strong></span> 
     </span>
    </p>
   </div>
   <div class='ocr_carea' id='block_1_42' title="bbox 590 3431 2181 3521">
    <p class='ocr_par' dir='ltr' id='par_1_42' title="bbox 590 3431 2181 3521">
     <span class='ocr_line' id='line_1_42' title="bbox 590 3431 2181 3521; baseline 0.018 -39"><span class='ocrx_word' id='word_1_300' title='bbox 590 3431 690 3486; x_wconf 82' lang='lat' dir='ltr'><strong>alia</strong></span> <span class='ocrx_word' id='word_1_301' title='bbox 731 3448 856 3489; x_wconf 76' lang='lat' dir='ltr'><strong>vero</strong></span> <span class='ocrx_word' id='word_1_302' title='bbox 899 3450 1085 3492; x_wconf 90' lang='lat' dir='ltr'><strong>eorum</strong></span> <span class='ocrx_word' id='word_1_303' title='bbox 1127 3440 1216 3508; x_wconf 92' lang='lat' dir='ltr'><strong>qui</strong></span> <span class='ocrx_word' id='word_1_304' title='bbox 1262 3441 1595 3512; x_wconf 88' lang='lat' dir='ltr'><strong>suscipiunt;</strong></span> <span class='ocrx_word' id='word_1_305' title='bbox 1630 3445 1701 3501; x_wconf 88' lang='lat' dir='ltr'><strong>ita</strong></span> <span class='ocrx_word' id='word_1_306' title='bbox 1744 3458 1802 3503; x_wconf 91' lang='lat' dir='ltr'><strong>ut</strong></span> <span class='ocrx_word' id='word_1_307' title='bbox 1836 3451 1938 3504; x_wconf 88' lang='lat' dir='ltr'><strong>alia</strong></span> <span class='ocrx_word' id='word_1_308' title='bbox 1966 3454 2181 3521; x_wconf 89' lang='lat' dir='ltr'><strong>quidem</strong></span> 
     </span>
    </p>
   </div>
   <div class='ocr_carea' id='block_1_43' title="bbox 586 3522 2177 3609">
    <p class='ocr_par' dir='ltr' id='par_1_43' title="bbox 586 3522 2177 3609">
     <span class='ocr_line' id='line_1_43' title="bbox 586 3522 2177 3609; baseline 0.014 -35"><span class='ocrx_word' id='word_1_309' title='bbox 586 3522 818 3590; x_wconf 84' lang='lat' dir='ltr'><strong>capiant,</strong></span> <span class='ocrx_word' id='word_1_310' title='bbox 850 3523 952 3605; x_wconf 81' lang='lat' dir='ltr'><strong>alia</strong></span> <span class='ocrx_word' id='word_1_311' title='bbox 984 3537 1114 3578; x_wconf 84' lang='lat' dir='ltr'><strong>vero</strong></span> <span class='ocrx_word' id='word_1_312' title='bbox 1141 3523 1358 3581; x_wconf 82' lang='lat' dir='ltr'><strong>iaciant.</strong></span> <span class='ocrx_word' id='word_1_313' title='bbox 1389 3528 1463 3583; x_wconf 90' lang='lat' dir='ltr'><strong>lta</strong></span> <span class='ocrx_word' id='word_1_314' title='bbox 1493 3530 1578 3585; x_wconf 90' lang='lat' dir='ltr'><strong>hic</strong></span> <span class='ocrx_word' id='word_1_315' title='bbox 1607 3547 1820 3603; x_wconf 87' lang='lat' dir='ltr'><strong>quoque</strong></span> <span class='ocrx_word' id='word_1_316' title='bbox 1854 3554 1867 3590; x_wconf 93' lang='lat'>:</span> <span class='ocrx_word' id='word_1_317' title='bbox 1898 3548 2177 3609; x_wconf 80' lang='lat' dir='ltr'><strong>postquam</strong></span> 
     </span>
    </p>
   </div>
   <div class='ocr_carea' id='block_1_44' title="bbox 586 3612 2183 3698">
    <p class='ocr_par' dir='ltr' id='par_1_44' title="bbox 586 3612 2183 3698">
     <span class='ocr_line' id='line_1_44' title="bbox 586 3612 2183 3698; baseline 0.016 -32"><span class='ocrx_word' id='word_1_318' title='bbox 586 3614 728 3668; x_wconf 89' lang='lat' dir='ltr'><strong>enim</strong></span> <span class='ocrx_word' id='word_1_319' title='bbox 761 3612 1081 3684; x_wconf 85' lang='lat' dir='ltr'><strong>promiserat</strong></span> <span class='ocrx_word' id='word_1_320' title='bbox 1118 3617 1549 3687; x_wconf 87' lang='lat' dir='ltr'><strong>innumerabilia,</strong></span> <span class='ocrx_word' id='word_1_321' title='bbox 1579 3624 1646 3677; x_wconf 89' lang='lat' dir='ltr'><strong>ab</strong></span> <span class='ocrx_word' id='word_1_322' title='bbox 1676 3628 1755 3682; x_wconf 90' lang='lat' dir='ltr'><strong>eis</strong></span> <span class='ocrx_word' id='word_1_323' title='bbox 1783 3630 2027 3698; x_wconf 72' lang='lat' dir='ltr'><strong>qumdam</strong></span> <span class='ocrx_word' id='word_1_324' title='bbox 2062 3638 2183 3691; x_wconf 86' lang='lat' dir='ltr'><strong>exi-</strong></span> 
     </span>
    </p>
   </div>
   <div class='ocr_carea' id='block_1_45' title="bbox 583 3703 2178 3800">
    <p class='ocr_par' dir='ltr' id='par_1_45' title="bbox 583 3703 2178 3800">
     <span class='ocr_line' id='line_1_45' title="bbox 583 3703 2178 3800; baseline 0.016 -43"><span class='ocrx_word' id='word_1_325' title='bbox 583 3706 681 3800; x_wconf 78' lang='lat' dir='ltr'><strong>git,</strong></span> <span class='ocrx_word' id='word_1_326' title='bbox 712 3706 897 3762; x_wconf 89' lang='lat' dir='ltr'><strong>dicens</strong></span> <span class='ocrx_word' id='word_1_327' title='bbox 923 3724 937 3761; x_wconf 88' lang='lat'><strong>:</strong></span> <span class='ocrx_word' id='word_1_328' title='bbox 963 3703 1266 3764; x_wconf 68' lang='lat' dir='ltr'><strong>Mandatum</strong></span> <span class='ocrx_word' id='word_1_329' title='bbox 1291 3729 1474 3767; x_wconf 81' lang='lat' dir='ltr'><strong>novum</strong></span> <span class='ocrx_word' id='word_1_330' title='bbox 1500 3716 1564 3768; x_wconf 93' lang='lat' dir='ltr'><strong>do</strong></span> <span class='ocrx_word' id='word_1_331' title='bbox 1589 3717 1723 3771; x_wconf 75' lang='lat' dir='ltr'><strong>vobis</strong></span> <span class='ocrx_word' id='word_1_332' title='bbox 1746 3719 1923 3788; x_wconf 84' lang='lat' dir='ltr'><strong>(Joan.</strong></span> <span class='ocrx_word' id='word_1_333' title='bbox 1954 3725 2041 3779; x_wconf 81' lang='lat' dir='ltr'><strong>l7.</strong></span> <span class='ocrx_word' id='word_1_334' title='bbox 2067 3726 2178 3800; x_wconf 79' lang='lat' dir='ltr'><strong>l5).</strong></span> 
     </span>
    </p>
   </div>
   <div class='ocr_carea' id='block_1_46' title="bbox 586 3792 2177 3885">
    <p class='ocr_par' dir='ltr' id='par_1_46' title="bbox 586 3792 2177 3885">
     <span class='ocr_line' id='line_1_46' title="bbox 586 3792 2177 3885; baseline 0.015 -36"><span class='ocrx_word' id='word_1_335' title='bbox 586 3792 791 3853; x_wconf 81' lang='lat' dir='ltr'><strong>Rursus</strong></span> <span class='ocrx_word' id='word_1_336' title='bbox 820 3808 1195 3855; x_wconf 83' lang='lat' dir='ltr'><strong>testamentum</strong></span> <span class='ocrx_word' id='word_1_337' title='bbox 1222 3800 1381 3858; x_wconf 86' lang='lat' dir='ltr'><strong>debet</strong></span> <span class='ocrx_word' id='word_1_338' title='bbox 1408 3805 1605 3861; x_wconf 89' lang='lat' dir='ltr'><strong>habere</strong></span> <span class='ocrx_word' id='word_1_339' title='bbox 1638 3817 1832 3876; x_wconf 88' lang='lat' dir='ltr'><strong>testes;</strong></span> <span class='ocrx_word' id='word_1_340' title='bbox 1858 3813 1977 3868; x_wconf 89' lang='lat' dir='ltr'><strong>audi</strong></span> <span class='ocrx_word' id='word_1_341' title='bbox 2005 3792 2177 3885; x_wconf 80' lang='lat' dir='ltr'><strong>ipsum</strong></span> 
     </span>
    </p>
   </div>
   <div class='ocr_carea' id='block_1_47' title="bbox 584 3888 2179 3975">
    <p class='ocr_par' dir='ltr' id='par_1_47' title="bbox 584 3888 2179 3975">
     <span class='ocr_line' id='line_1_47' title="bbox 584 3888 2179 3975; baseline 0.013 -33"><span class='ocrx_word' id='word_1_342' title='bbox 584 3905 774 3944; x_wconf 87' lang='lat' dir='ltr'><strong>rursus</strong></span> <span class='ocrx_word' id='word_1_343' title='bbox 803 3888 1069 3947; x_wconf 80' lang='lat' dir='ltr'><strong>dicentem</strong></span> <span class='ocrx_word' id='word_1_344' title='bbox 1102 3911 1114 3946; x_wconf 95' lang='lat'>:</span> <span class='ocrx_word' id='word_1_345' title='bbox 1145 3888 1255 3964; x_wconf 76' lang='lat' dir='ltr'><strong>Ego</strong></span> <span class='ocrx_word' id='word_1_346' title='bbox 1286 3912 1395 3975; x_wconf 84' lang='lat' dir='ltr'><strong>sum</strong></span> <span class='ocrx_word' id='word_1_347' title='bbox 1437 3898 1525 3967; x_wconf 86' lang='lat' dir='ltr'><strong>qui</strong></span> <span class='ocrx_word' id='word_1_348' title='bbox 1567 3901 1903 3957; x_wconf 85' lang='lat' dir='ltr'><strong>testimonium</strong></span> <span class='ocrx_word' id='word_1_349' title='bbox 1945 3908 2179 3975; x_wconf 63' lang='lat' dir='ltr'><strong>per/tilica</strong></span> 
     </span>
    </p>
   </div>
   <div class='ocr_carea' id='block_1_48' title="bbox 585 3972 2181 4065">
    <p class='ocr_par' dir='ltr' id='par_1_48' title="bbox 585 3972 2181 4065">
     <span class='ocr_line' id='line_1_48' title="bbox 585 3972 2181 4065; baseline 0.013 -32"><span class='ocrx_word' id='word_1_350' title='bbox 585 3983 647 4035; x_wconf 82' lang='lat' dir='ltr'><strong>de</strong></span> <span class='ocrx_word' id='word_1_351' title='bbox 675 3982 864 4053; x_wconf 84' lang='lat' dir='ltr'><strong>meipso</strong></span> <span class='ocrx_word' id='word_1_352' title='bbox 885 4025 898 4047; x_wconf 89' lang='lat'><strong>,</strong></span> <span class='ocrx_word' id='word_1_353' title='bbox 932 3995 976 4037; x_wconf 85' lang='lat' dir='ltr'><strong>et</strong></span> <span class='ocrx_word' id='word_1_354' title='bbox 1004 3972 1340 4040; x_wconf 74' lang='lat' dir='ltr'><strong>testimonium</strong></span> <span class='ocrx_word' id='word_1_355' title='bbox 1370 3991 1595 4057; x_wconf 79' lang='lat' dir='ltr'><strong>perhibet</strong></span> <span class='ocrx_word' id='word_1_356' title='bbox 1625 3991 1687 4045; x_wconf 87' lang='lat' dir='ltr'><strong>de</strong></span> <span class='ocrx_word' id='word_1_357' title='bbox 1713 4010 1789 4047; x_wconf 88' lang='lat' dir='ltr'><strong>me</strong></span> <span class='ocrx_word' id='word_1_358' title='bbox 1808 3998 1895 4065; x_wconf 84' lang='lat' dir='ltr'><strong>qui</strong></span> <span class='ocrx_word' id='word_1_359' title='bbox 1919 3972 2053 4052; x_wconf 84' lang='lat' dir='ltr'><strong>misit</strong></span> <span class='ocrx_word' id='word_1_360' title='bbox 2082 3998 2181 4052; x_wconf 82' lang='lat' dir='ltr'><strong>Pa-</strong></span> 
     </span>
    </p>
   </div>
   <div class='ocr_carea' id='block_1_49' title="bbox 586 4074 2181 4158">
    <p class='ocr_par' dir='ltr' id='par_1_49' title="bbox 586 4074 2181 4158">
     <span class='ocr_line' id='line_1_49' title="bbox 586 4074 2181 4158; baseline 0.013 -35"><span class='ocrx_word' id='word_1_361' title='bbox 586 4083 659 4125; x_wconf 80' lang='lat' dir='ltr'><strong>ter</strong></span> <span class='ocrx_word' id='word_1_362' title='bbox 681 4074 862 4141; x_wconf 83' lang='lat' dir='ltr'><strong>(.lotm.</strong></span> <span class='ocrx_word' id='word_1_363' title='bbox 901 4077 954 4129; x_wconf 87' lang='lat'><strong>8.</strong></span> <span class='ocrx_word' id='word_1_364' title='bbox 990 4075 1114 4148; x_wconf 74' lang='lat'><strong>18);</strong></span> <span class='ocrx_word' id='word_1_365' title='bbox 1143 4087 1196 4129; x_wconf 88' lang='lat' dir='ltr'><strong>et</strong></span> <span class='ocrx_word' id='word_1_366' title='bbox 1222 4093 1428 4140; x_wconf 85' lang='lat' dir='ltr'><strong>rursus,</strong></span> <span class='ocrx_word' id='word_1_367' title='bbox 1456 4074 1558 4133; x_wconf 86' lang='lat' dir='ltr'><strong>Ille</strong></span> <span class='ocrx_word' id='word_1_368' title='bbox 1588 4084 1927 4140; x_wconf 84' lang='lat' dir='ltr'><strong>testimonium</strong></span> <span class='ocrx_word' id='word_1_369' title='bbox 1956 4092 2181 4158; x_wconf 81' lang='lat' dir='ltr'><strong>perhibe-</strong></span> 
     </span>
    </p>
   </div>
   <div class='ocr_carea' id='block_1_50' title="bbox 587 4162 2182 4239">
    <p class='ocr_par' dir='ltr' id='par_1_50' title="bbox 587 4162 2182 4239">
     <span class='ocr_line' id='line_1_50' title="bbox 587 4162 2182 4239; baseline 0.012 -25"><span class='ocrx_word' id='word_1_370' title='bbox 587 4164 655 4215; x_wconf 70' lang='lat' dir='ltr'><strong>lvit</strong></span> <span class='ocrx_word' id='word_1_371' title='bbox 684 4163 745 4216; x_wconf 84' lang='lat' dir='ltr'><strong>de</strong></span> <span class='ocrx_word' id='word_1_372' title='bbox 770 4180 850 4217; x_wconf 86' lang='lat' dir='ltr'><strong>me</strong></span> <span class='ocrx_word' id='word_1_373' title='bbox 872 4162 1049 4236; x_wconf 86' lang='lat' dir='ltr'><strong>(Joan.</strong></span> <span class='ocrx_word' id='word_1_374' title='bbox 1082 4165 1169 4219; x_wconf 79' lang='grc'><strong>15.</strong></span> <span class='ocrx_word' id='word_1_375' title='bbox 1198 4163 1313 4237; x_wconf 76' lang='grc'><strong>26),</strong></span> <span class='ocrx_word' id='word_1_376' title='bbox 1340 4169 1525 4225; x_wconf 89' lang='lat' dir='ltr'><strong>dicens</strong></span> <span class='ocrx_word' id='word_1_377' title='bbox 1547 4171 1612 4226; x_wconf 92' lang='lat' dir='ltr'><strong>de</strong></span> <span class='ocrx_word' id='word_1_378' title='bbox 1636 4173 1950 4239; x_wconf 87' lang='lat' dir='ltr'><strong>Paracleto;</strong></span> <span class='ocrx_word' id='word_1_379' title='bbox 1978 4189 2029 4234; x_wconf 89' lang='lat' dir='ltr'><strong>et</strong></span> <span class='ocrx_word' id='word_1_380' title='bbox 2052 4180 2182 4233; x_wconf 84' lang='lat' dir='ltr'><strong>duo-</strong></span> 
     </span>
    </p>
   </div>
   <div class='ocr_carea' id='block_1_51' title="bbox 586 4255 2185 4334">
    <p class='ocr_par' dir='ltr' id='par_1_51' title="bbox 586 4255 2185 4334">
     <span class='ocr_line' id='line_1_51' title="bbox 586 4255 2185 4334; baseline 0.015 -31"><span class='ocrx_word' id='word_1_381' title='bbox 586 4255 759 4308; x_wconf 64' lang='lat' dir='ltr'><strong>decim</strong></span> <span class='ocrx_word' id='word_1_382' title='bbox 804 4257 1076 4324; x_wconf 79' lang='lat' dir='ltr'><strong>apostolos</strong></span> <span class='ocrx_word' id='word_1_383' title='bbox 1125 4258 1302 4325; x_wconf 88' lang='lat' dir='ltr'><strong>misit,</strong></span> <span class='ocrx_word' id='word_1_384' title='bbox 1345 4257 1529 4316; x_wconf 77' lang='lat' dir='ltr'><strong>dicens</strong></span> <span class='ocrx_word' id='word_1_385' title='bbox 1562 4282 1574 4317; x_wconf 88' lang='lat'><strong>:</strong></span> <span class='ocrx_word' id='word_1_386' title='bbox 1614 4258 1975 4334; x_wconf 84' lang='lat' dir='ltr'><strong>Testi/icamini</strong></span> <span class='ocrx_word' id='word_1_387' title='bbox 2013 4288 2185 4328; x_wconf 87' lang='lat' dir='ltr'><strong>coram</strong></span> 
     </span>
    </p>
   </div>
   <div class='ocr_carea' id='block_1_52' title="bbox 587 4344 2182 4421">
    <p class='ocr_par' dir='ltr' id='par_1_52' title="bbox 587 4344 2182 4421">
     <span class='ocr_line' id='line_1_52' title="bbox 587 4344 2182 4421; baseline 0.016 -25"><span class='ocrx_word' id='word_1_388' title='bbox 587 4344 711 4400; x_wconf 66' lang='lat' dir='ltr'><strong>Dro.</strong></span> <span class='ocrx_word' id='word_1_389' title='bbox 747 4346 810 4399; x_wconf 87' lang='lat' dir='ltr'><strong>Et</strong></span> <span class='ocrx_word' id='word_1_390' title='bbox 844 4356 1123 4415; x_wconf 83' lang='lat' dir='ltr'><strong>propterea</strong></span> <span class='ocrx_word' id='word_1_391' title='bbox 1155 4348 1321 4404; x_wconf 86' lang='lat' dir='ltr'><strong>dicit:</strong></span> <span class='ocrx_word' id='word_1_392' title='bbox 1354 4350 1489 4405; x_wconf 83' lang='lat' dir='ltr'><strong>Novi</strong></span> <span class='ocrx_word' id='word_1_393' title='bbox 1514 4359 1796 4411; x_wconf 87' lang='lat' dir='ltr'><strong>testamenti</strong></span> <span class='ocrx_word' id='word_1_394' title='bbox 1822 4361 2066 4416; x_wconf 83' lang='lat' dir='ltr'><strong>mediator</strong></span> <span class='ocrx_word' id='word_1_395' title='bbox 2089 4377 2182 4421; x_wconf 88' lang='lat' dir='ltr'><strong>est.</strong></span> 
     </span>
    </p>
   </div>
   <div class='ocr_carea' id='block_1_53' title="bbox 587 4438 2181 4511">
    <p class='ocr_par' dir='ltr' id='par_1_53' title="bbox 587 4438 2181 4511">
     <span class='ocr_line' id='line_1_53' title="bbox 587 4438 2181 4511; baseline 0.014 -22"><span class='ocrx_word' id='word_1_396' title='bbox 587 4438 721 4502; x_wconf 90' lang='lat' dir='ltr'><strong>Quid</strong></span> <span class='ocrx_word' id='word_1_397' title='bbox 773 4448 854 4491; x_wconf 87' lang='lat' dir='ltr'><strong>est</strong></span> <span class='ocrx_word' id='word_1_398' title='bbox 899 4451 1076 4493; x_wconf 87' lang='lat' dir='ltr'><strong>autem</strong></span> <span class='ocrx_word' id='word_1_399' title='bbox 1132 4442 1439 4497; x_wconf 79' lang='lat' dir='ltr'><strong>mediator?</strong></span> <span class='ocrx_word' id='word_1_400' title='bbox 1476 4444 1735 4503; x_wconf 80' lang='lat' dir='ltr'><strong>Mediator</strong></span> <span class='ocrx_word' id='word_1_401' title='bbox 1779 4467 1881 4505; x_wconf 91' lang='lat' dir='ltr'><strong>non</strong></span> <span class='ocrx_word' id='word_1_402' title='bbox 1924 4453 2082 4510; x_wconf 84' lang='lat' dir='ltr'><strong>habet</strong></span> <span class='ocrx_word' id='word_1_403' title='bbox 2131 4459 2181 4511; x_wconf 79' lang='lat' dir='ltr'><strong>in</strong></span> 
     </span>
    </p>
   </div>
   <div class='ocr_carea' id='block_1_54' title="bbox 590 4533 2183 4616">
    <p class='ocr_par' dir='ltr' id='par_1_54' title="bbox 590 4533 2183 4616">
     <span class='ocr_line' id='line_1_54' title="bbox 590 4533 2183 4616; baseline 0.016 -36"><span class='ocrx_word' id='word_1_404' title='bbox 590 4540 855 4596; x_wconf 83' lang='lat' dir='ltr'><strong>potestate</strong></span> <span class='ocrx_word' id='word_1_405' title='bbox 885 4547 997 4585; x_wconf 88' lang='lat' dir='ltr'><strong>rem</strong></span> <span class='ocrx_word' id='word_1_406' title='bbox 1031 4533 1187 4601; x_wconf 86' lang='lat' dir='ltr'><strong>cujus</strong></span> <span class='ocrx_word' id='word_1_407' title='bbox 1216 4546 1297 4588; x_wconf 61' lang='grc' dir='ltr'>ενι</span> <span class='ocrx_word' id='word_1_408' title='bbox 1328 4537 1686 4605; x_wconf 87' lang='lat' dir='ltr'><strong>intercessor;</strong></span> <span class='ocrx_word' id='word_1_409' title='bbox 1721 4544 1812 4597; x_wconf 90' lang='lat' dir='ltr'><strong>scd</strong></span> <span class='ocrx_word' id='word_1_410' title='bbox 1842 4544 1940 4598; x_wconf 81' lang='lat' dir='ltr'><strong>alia</strong></span> <span class='ocrx_word' id='word_1_411' title='bbox 1969 4549 2183 4616; x_wconf 88' lang='lat' dir='ltr'><strong>quidem</strong></span> 
     </span>
    </p>
   </div>
   <div class='ocr_carea' id='block_1_55' title="bbox 590 4623 2185 4699">
    <p class='ocr_par' dir='ltr' id='par_1_55' title="bbox 590 4623 2185 4699">
     <span class='ocr_line' id='line_1_55' title="bbox 590 4623 2185 4699; baseline 0.017 -27"><span class='ocrx_word' id='word_1_412' title='bbox 590 4636 675 4675; x_wconf 88' lang='lat' dir='ltr'><strong>res</strong></span> <span class='ocrx_word' id='word_1_413' title='bbox 706 4631 788 4676; x_wconf 90' lang='lat' dir='ltr'><strong>est</strong></span> <span class='ocrx_word' id='word_1_414' title='bbox 809 4664 822 4685; x_wconf 92' lang='lat'><strong>,</strong></span> <span class='ocrx_word' id='word_1_415' title='bbox 852 4623 987 4677; x_wconf 88' lang='lat' dir='ltr'><strong>alius</strong></span> <span class='ocrx_word' id='word_1_416' title='bbox 1015 4639 1141 4679; x_wconf 78' lang='lat' dir='ltr'><strong>vero</strong></span> <span class='ocrx_word' id='word_1_417' title='bbox 1170 4626 1498 4685; x_wconf 86' lang='lat' dir='ltr'><strong>intercessor</strong></span> <span class='ocrx_word' id='word_1_418' title='bbox 1526 4648 1539 4684; x_wconf 86' lang='lat'><strong>:</strong></span> <span class='ocrx_word' id='word_1_419' title='bbox 1575 4634 1716 4687; x_wconf 75' lang='lat' dir='ltr'><strong>velut</strong></span> <span class='ocrx_word' id='word_1_420' title='bbox 1744 4635 2068 4695; x_wconf 83' lang='lat' dir='ltr'><strong>matrimonii</strong></span> <span class='ocrx_word' id='word_1_421' title='bbox 2102 4654 2185 4699; x_wconf 86' lang='lat' dir='ltr'><strong>est</strong></span> 
     </span>
    </p>
   </div>
   <div class='ocr_carea' id='block_1_56' title="bbox 592 4716 2185 4805">
    <p class='ocr_par' dir='ltr' id='par_1_56' title="bbox 592 4716 2185 4805">
     <span class='ocr_line' id='line_1_56' title="bbox 592 4716 2185 4805; baseline 0.017 -41"><span class='ocrx_word' id='word_1_422' title='bbox 592 4716 953 4780; x_wconf 86' lang='lat' dir='ltr'><strong>intercessor,</strong></span> <span class='ocrx_word' id='word_1_423' title='bbox 998 4733 1103 4771; x_wconf 89' lang='lat' dir='ltr'><strong>non</strong></span> <span class='ocrx_word' id='word_1_424' title='bbox 1146 4720 1233 4788; x_wconf 89' lang='lat' dir='ltr'><strong>qui</strong></span> <span class='ocrx_word' id='word_1_425' title='bbox 1279 4721 1521 4792; x_wconf 82' lang='lat' dir='ltr'><strong>jungitur</strong></span> <span class='ocrx_word' id='word_1_426' title='bbox 1564 4729 1943 4797; x_wconf 86' lang='lat' dir='ltr'><strong>matrimonio,</strong></span> <span class='ocrx_word' id='word_1_427' title='bbox 1973 4735 2067 4789; x_wconf 86' lang='lat' dir='ltr'><strong>sed</strong></span> <span class='ocrx_word' id='word_1_428' title='bbox 2097 4739 2185 4805; x_wconf 87' lang='lat' dir='ltr'><strong>qui</strong></span> 
     </span>
    </p>
   </div>
   <div class='ocr_carea' id='block_1_57' title="bbox 592 4806 2186 4897">
    <p class='ocr_par' dir='ltr' id='par_1_57' title="bbox 592 4806 2186 4897">
     <span class='ocr_line' id='line_1_57' title="bbox 592 4806 2186 4897; baseline 0.017 -42"><span class='ocrx_word' id='word_1_429' title='bbox 592 4822 747 4875; x_wconf 85' lang='lat' dir='ltr'><strong>opem</strong></span> <span class='ocrx_word' id='word_1_430' title='bbox 772 4806 875 4861; x_wconf 78' lang='lat' dir='ltr'><strong>{ert</strong></span> <span class='ocrx_word' id='word_1_431' title='bbox 900 4809 947 4863; x_wconf 90' lang='lat' dir='ltr'><strong>ei</strong></span> <span class='ocrx_word' id='word_1_432' title='bbox 971 4810 1059 4879; x_wconf 87' lang='lat' dir='ltr'><strong>qui</strong></span> <span class='ocrx_word' id='word_1_433' title='bbox 1088 4823 1171 4864; x_wconf 89' lang='lat' dir='ltr'><strong>est</strong></span> <span class='ocrx_word' id='word_1_434' title='bbox 1198 4812 1461 4869; x_wconf 87' lang='lat' dir='ltr'><strong>ducturus</strong></span> <span class='ocrx_word' id='word_1_435' title='bbox 1484 4833 1727 4872; x_wconf 86' lang='lat' dir='ltr'><strong>uxorem.</strong></span> <span class='ocrx_word' id='word_1_436' title='bbox 1759 4821 1830 4874; x_wconf 89' lang='lat' dir='ltr'><strong>Ita</strong></span> <span class='ocrx_word' id='word_1_437' title='bbox 1862 4823 1947 4877; x_wconf 89' lang='lat' dir='ltr'><strong>hic</strong></span> <span class='ocrx_word' id='word_1_438' title='bbox 1973 4841 2186 4897; x_wconf 90' lang='lat' dir='ltr'><strong>quoque</strong></span> 
     </span>
    </p>
   </div>
   <div class='ocr_carea' id='block_1_58' title="bbox 593 4894 2187 4975">
    <p class='ocr_par' dir='ltr' id='par_1_58' title="bbox 593 4894 2187 4975">
     <span class='ocr_line' id='line_1_58' title="bbox 593 4894 2187 4975; baseline 0.014 -22"><span class='ocrx_word' id='word_1_439' title='bbox 593 4894 762 4953; x_wconf 82' lang='lat' dir='ltr'><strong>Filius</strong></span> <span class='ocrx_word' id='word_1_440' title='bbox 793 4900 888 4954; x_wconf 86' lang='lat' dir='ltr'><strong>luit</strong></span> <span class='ocrx_word' id='word_1_441' title='bbox 920 4902 1245 4958; x_wconf 87' lang='lat' dir='ltr'><strong>intercessor</strong></span> <span class='ocrx_word' id='word_1_442' title='bbox 1267 4905 1440 4960; x_wconf 79' lang='lat' dir='ltr'><strong>Patris</strong></span> <span class='ocrx_word' id='word_1_443' title='bbox 1463 4919 1514 4963; x_wconf 87' lang='lat' dir='ltr'><strong>et</strong></span> <span class='ocrx_word' id='word_1_444' title='bbox 1537 4922 1741 4967; x_wconf 90' lang='lat' dir='ltr'><strong>noster.</strong></span> <span class='ocrx_word' id='word_1_445' title='bbox 1777 4894 2002 4971; x_wconf 79' lang='lat' dir='ltr'><strong>Nolebat</strong></span> <span class='ocrx_word' id='word_1_446' title='bbox 2029 4894 2187 4975; x_wconf 72' lang='lat' dir='ltr'><strong>Pater</strong></span> 
     </span>
    </p>
   </div>
   <div class='ocr_carea' id='block_1_59' title="bbox 595 4992 2187 5070">
    <p class='ocr_par' dir='ltr' id='par_1_59' title="bbox 595 4992 2187 5070">
     <span class='ocr_line' id='line_1_59' title="bbox 595 4992 2187 5070; baseline 0.017 -28"><span class='ocrx_word' id='word_1_447' title='bbox 595 4992 747 5047; x_wconf 84' lang='lat' dir='ltr'><strong>nobis</strong></span> <span class='ocrx_word' id='word_1_448' title='bbox 777 4994 1081 5064; x_wconf 86' lang='lat' dir='ltr'><strong>relinquere</strong></span> <span class='ocrx_word' id='word_1_449' title='bbox 1114 4995 1252 5051; x_wconf 88' lang='lat' dir='ltr'><strong>hanc</strong></span> <span class='ocrx_word' id='word_1_450' title='bbox 1286 4999 1655 5070; x_wconf 84' lang='lat' dir='ltr'><strong>hereditatem,</strong></span> <span class='ocrx_word' id='word_1_451' title='bbox 1688 5008 1781 5061; x_wconf 87' lang='lat' dir='ltr'><strong>sed</strong></span> <span class='ocrx_word' id='word_1_452' title='bbox 1808 5011 1960 5065; x_wconf 89' lang='lat' dir='ltr'><strong>nobis</strong></span> <span class='ocrx_word' id='word_1_453' title='bbox 1990 5013 2187 5069; x_wconf 82' lang='lat' dir='ltr'><strong>irasce-</strong></span> 
     </span>
    </p>
   </div>
   <div class='ocr_carea' id='block_1_60' title="bbox 596 5079 2184 5165">
    <p class='ocr_par' dir='ltr' id='par_1_60' title="bbox 596 5079 2184 5165">
     <span class='ocr_line' id='line_1_60' title="bbox 596 5079 2184 5165; baseline 0.016 -28"><span class='ocrx_word' id='word_1_454' title='bbox 596 5079 772 5151; x_wconf 82' lang='lat' dir='ltr'><strong>batur,</strong></span> <span class='ocrx_word' id='word_1_455' title='bbox 795 5096 847 5141; x_wconf 90' lang='lat' dir='ltr'><strong>et</strong></span> <span class='ocrx_word' id='word_1_456' title='bbox 870 5099 983 5141; x_wconf 89' lang='lat' dir='ltr'><strong>erat</strong></span> <span class='ocrx_word' id='word_1_457' title='bbox 1012 5104 1187 5143; x_wconf 68' lang='lat' dir='ltr'><strong>sarvus</strong></span> <span class='ocrx_word' id='word_1_458' title='bbox 1216 5102 1267 5145; x_wconf 90' lang='lat' dir='ltr'><strong>et</strong></span> <span class='ocrx_word' id='word_1_459' title='bbox 1296 5108 1453 5162; x_wconf 85' lang='lat' dir='ltr'><strong>asper</strong></span> <span class='ocrx_word' id='word_1_460' title='bbox 1477 5106 1531 5149; x_wconf 92' lang='lat' dir='ltr'><strong>ut</strong></span> <span class='ocrx_word' id='word_1_461' title='bbox 1556 5098 1643 5165; x_wconf 90' lang='lat' dir='ltr'><strong>qui</strong></span> <span class='ocrx_word' id='word_1_462' title='bbox 1666 5115 1909 5157; x_wconf 89' lang='lat' dir='ltr'><strong>essemus</strong></span> <span class='ocrx_word' id='word_1_463' title='bbox 1934 5106 2184 5162; x_wconf 87' lang='lat' dir='ltr'><strong>alienati:</strong></span> 
     </span>
    </p>
   </div>
   <div class='ocr_carea' id='block_1_61' title="bbox 597 5171 2185 5267">
    <p class='ocr_par' dir='ltr' id='par_1_61' title="bbox 597 5171 2185 5267">
     <span class='ocr_line' id='line_1_61' title="bbox 597 5171 2185 5267; baseline 0.018 -39"><span class='ocrx_word' id='word_1_464' title='bbox 597 5171 695 5230; x_wconf 79' lang='lat' dir='ltr'><strong>fuit</strong></span> <span class='ocrx_word' id='word_1_465' title='bbox 724 5193 853 5247; x_wconf 80' lang='lat' dir='ltr'><strong>ergo</strong></span> <span class='ocrx_word' id='word_1_466' title='bbox 883 5192 1065 5235; x_wconf 82' lang='lat' dir='ltr'><strong>noster</strong></span> <span class='ocrx_word' id='word_1_467' title='bbox 1092 5196 1143 5236; x_wconf 85' lang='lat' dir='ltr'><strong>et</strong></span> <span class='ocrx_word' id='word_1_468' title='bbox 1184 5184 1301 5253; x_wconf 84' lang='lat' dir='ltr'><strong>ejus</strong></span> <span class='ocrx_word' id='word_1_469' title='bbox 1344 5187 1692 5259; x_wconf 87' lang='lat' dir='ltr'><strong>intercessor,</strong></span> <span class='ocrx_word' id='word_1_470' title='bbox 1724 5203 1778 5248; x_wconf 90' lang='lat' dir='ltr'><strong>et</strong></span> <span class='ocrx_word' id='word_1_471' title='bbox 1807 5198 1853 5251; x_wconf 89' lang='lat' dir='ltr'><strong>ei</strong></span> <span class='ocrx_word' id='word_1_472' title='bbox 1896 5202 2185 5267; x_wconf 85' lang='lat' dir='ltr'><strong>persuasit.</strong></span> 
     </span>
    </p>
   </div>
   <div class='ocr_carea' id='block_1_62' title="bbox 596 5267 2191 5349">
    <p class='ocr_par' dir='ltr' id='par_1_62' title="bbox 596 5267 2191 5349">
     <span class='ocr_line' id='line_1_62' title="bbox 596 5267 2191 5349; baseline 0.018 -29"><span class='ocrx_word' id='word_1_473' title='bbox 596 5267 664 5320; x_wconf 73' lang='lat' dir='ltr'><strong>Et</strong></span> <span class='ocrx_word' id='word_1_474' title='bbox 705 5268 822 5323; x_wconf 75' lang='lat' dir='ltr'><strong>vide</strong></span> <span class='ocrx_word' id='word_1_475' title='bbox 862 5274 1131 5340; x_wconf 79' lang='lat' dir='ltr'><strong>quomodo</strong></span> <span class='ocrx_word' id='word_1_476' title='bbox 1175 5274 1272 5329; x_wconf 82' lang='lat' dir='ltr'><strong>fuit</strong></span> <span class='ocrx_word' id='word_1_477' title='bbox 1314 5278 1637 5336; x_wconf 71' lang='lat' dir='ltr'><strong>intercessiu&#39;</strong></span> <span class='ocrx_word' id='word_1_478' title='bbox 1670 5303 1681 5337; x_wconf 87' lang='lat'><strong>:</strong></span> <span class='ocrx_word' id='word_1_479' title='bbox 1722 5288 1881 5342; x_wconf 84' lang='lat' dir='ltr'><strong>verba</strong></span> <span class='ocrx_word' id='word_1_480' title='bbox 1922 5294 2097 5348; x_wconf 88' lang='lat' dir='ltr'><strong>attulit</strong></span> <span class='ocrx_word' id='word_1_481' title='bbox 2137 5304 2191 5349; x_wconf 89' lang='lat' dir='ltr'><strong>et</strong></span> 
     </span>
    </p>
   </div>
   <div class='ocr_carea' id='block_1_63' title="bbox 600 5362 2189 5451">
    <p class='ocr_par' dir='ltr' id='par_1_63' title="bbox 600 5362 2189 5451">
     <span class='ocr_line' id='line_1_63' title="bbox 600 5362 2189 5451; baseline 0.02 -40"><span class='ocrx_word' id='word_1_482' title='bbox 600 5362 779 5415; x_wconf 69' lang='lat' dir='ltr'><strong>retulit</strong></span> <span class='ocrx_word' id='word_1_483' title='bbox 804 5402 819 5427; x_wconf 87' lang='lat'><strong>,</strong></span> <span class='ocrx_word' id='word_1_484' title='bbox 860 5380 978 5432; x_wconf 76' lang='lat' dir='ltr'><strong>qua-</strong></span> <span class='ocrx_word' id='word_1_485' title='bbox 1008 5381 1035 5418; x_wconf 92' lang='lat' dir='ltr'><strong>a</strong></span> <span class='ocrx_word' id='word_1_486' title='bbox 1070 5365 1225 5422; x_wconf 83' lang='lat' dir='ltr'><strong>Patre</strong></span> <span class='ocrx_word' id='word_1_487' title='bbox 1257 5382 1408 5427; x_wconf 89' lang='lat' dir='ltr'><strong>erant</strong></span> <span class='ocrx_word' id='word_1_488' title='bbox 1446 5374 1513 5428; x_wconf 89' lang='lat' dir='ltr'><strong>ad</strong></span> <span class='ocrx_word' id='word_1_489' title='bbox 1558 5392 1658 5431; x_wconf 77' lang='lat' dir='ltr'><strong>nos</strong></span> <span class='ocrx_word' id='word_1_490' title='bbox 1701 5386 2102 5451; x_wconf 75' lang='lat' dir='ltr'><strong>transmittens,</strong></span> <span class='ocrx_word' id='word_1_491' title='bbox 2136 5400 2189 5442; x_wconf 90' lang='lat' dir='ltr'><strong>et</strong></span> 
     </span>
    </p>
   </div>
   <div class='ocr_carea' id='block_1_64' title="bbox 598 5456 2187 5546">
    <p class='ocr_par' dir='ltr' id='par_1_64' title="bbox 598 5456 2187 5546">
     <span class='ocr_line' id='line_1_64' title="bbox 598 5456 2187 5546; baseline 0.018 -41"><span class='ocrx_word' id='word_1_492' title='bbox 598 5463 826 5507; x_wconf 83' lang='lat' dir='ltr'><strong>mortem</strong></span> <span class='ocrx_word' id='word_1_493' title='bbox 868 5456 1163 5525; x_wconf 88' lang='lat' dir='ltr'><strong>adjicicns;</strong></span> <span class='ocrx_word' id='word_1_494' title='bbox 1198 5458 1621 5532; x_wconf 72' lang='lat' dir='ltr'><strong>ollenderamns,</strong></span> <span class='ocrx_word' id='word_1_495' title='bbox 1655 5472 1787 5525; x_wconf 87' lang='lat' dir='ltr'><strong>mori</strong></span> <span class='ocrx_word' id='word_1_496' title='bbox 1819 5474 2187 5546; x_wconf 82' lang='lat' dir='ltr'><strong>debebamus;</strong></span> 
     </span>
    </p>
   </div>
   <div class='ocr_carea' id='block_1_65' title="bbox 601 5546 2187 5634">
    <p class='ocr_par' dir='ltr' id='par_1_65' title="bbox 601 5546 2187 5634">
     <span class='ocr_line' id='line_1_65' title="bbox 601 5546 2187 5634; baseline 0.019 -38"><span class='ocrx_word' id='word_1_497' title='bbox 601 5558 697 5610; x_wconf 82' lang='lat' dir='ltr'><strong>pro</strong></span> <span class='ocrx_word' id='word_1_498' title='bbox 726 5546 879 5600; x_wconf 87' lang='lat' dir='ltr'><strong>nobis</strong></span> <span class='ocrx_word' id='word_1_499' title='bbox 901 5558 981 5602; x_wconf 82' lang='lat' dir='ltr'><strong>est</strong></span> <span class='ocrx_word' id='word_1_500' title='bbox 1004 5560 1262 5615; x_wconf 81' lang='lat' dir='ltr'><strong>mortuus,</strong></span> <span class='ocrx_word' id='word_1_501' title='bbox 1287 5563 1340 5607; x_wconf 90' lang='lat' dir='ltr'><strong>et</strong></span> <span class='ocrx_word' id='word_1_502' title='bbox 1366 5556 1488 5611; x_wconf 81' lang='lat' dir='ltr'><strong>fecit</strong></span> <span class='ocrx_word' id='word_1_503' title='bbox 1517 5576 1613 5616; x_wconf 89' lang='lat' dir='ltr'><strong>nos</strong></span> <span class='ocrx_word' id='word_1_504' title='bbox 1635 5562 1823 5634; x_wconf 86' lang='lat' dir='ltr'><strong>dignos</strong></span> <span class='ocrx_word' id='word_1_505' title='bbox 1846 5575 2187 5626; x_wconf 83' lang='lat' dir='ltr'><strong>testamento.</strong></span> 
     </span>
    </p>
   </div>
   <div class='ocr_carea' id='block_1_66' title="bbox 603 5638 2188 5735">
    <p class='ocr_par' dir='ltr' id='par_1_66' title="bbox 603 5638 2188 5735">
     <span class='ocr_line' id='line_1_66' title="bbox 603 5638 2188 5735; baseline 0.022 -48"><span class='ocrx_word' id='word_1_506' title='bbox 603 5638 733 5690; x_wconf 77' lang='lat' dir='ltr'><strong>lline</strong></span> <span class='ocrx_word' id='word_1_507' title='bbox 761 5640 921 5693; x_wconf 85' lang='lat' dir='ltr'><strong>etiam</strong></span> <span class='ocrx_word' id='word_1_508' title='bbox 953 5654 1031 5695; x_wconf 87' lang='lat' dir='ltr'><strong>est</strong></span> <span class='ocrx_word' id='word_1_509' title='bbox 1064 5645 1275 5699; x_wconf 92' lang='lat' dir='ltr'><strong>ﬁrmum</strong></span> <span class='ocrx_word' id='word_1_510' title='bbox 1309 5658 1360 5703; x_wconf 88' lang='lat' dir='ltr'><strong>et</strong></span> <span class='ocrx_word' id='word_1_511' title='bbox 1390 5653 1576 5709; x_wconf 73' lang='lat' dir='ltr'><strong>stabile</strong></span> <span class='ocrx_word' id='word_1_512' title='bbox 1608 5664 2016 5729; x_wconf 84' lang='lat' dir='ltr'><strong>testamentum,</strong></span> <span class='ocrx_word' id='word_1_513' title='bbox 2046 5667 2188 5735; x_wconf 88' lang='lat' dir='ltr'><strong>quod</strong></span> 
     </span>
    </p>
   </div>
   <div class='ocr_carea' id='block_1_67' title="bbox 597 5730 2189 5831">
    <p class='ocr_par' dir='ltr' id='par_1_67' title="bbox 597 5730 2189 5831">
     <span class='ocr_line' id='line_1_67' title="bbox 597 5730 2189 5831; baseline 0.022 -51"><span class='ocrx_word' id='word_1_514' title='bbox 597 5740 705 5783; x_wconf 74' lang='lat' dir='ltr'><strong>non</strong></span> <span class='ocrx_word' id='word_1_515' title='bbox 739 5730 790 5784; x_wconf 88' lang='lat' dir='ltr'><strong>in</strong></span> <span class='ocrx_word' id='word_1_516' title='bbox 827 5732 1068 5802; x_wconf 75' lang='lat' dir='ltr'><strong>indignos</strong></span> <span class='ocrx_word' id='word_1_517' title='bbox 1100 5736 1204 5805; x_wconf 69' lang='lat' dir='ltr'><strong>jam</strong></span> <span class='ocrx_word' id='word_1_518' title='bbox 1240 5740 1431 5796; x_wconf 68' lang='lat' dir='ltr'><strong>factum</strong></span> <span class='ocrx_word' id='word_1_519' title='bbox 1470 5756 1570 5799; x_wconf 76' lang='lat' dir='ltr'><strong>est.</strong></span> <span class='ocrx_word' id='word_1_520' title='bbox 1606 5751 1774 5819; x_wconf 79' lang='lat' dir='ltr'><strong>Atque</strong></span> <span class='ocrx_word' id='word_1_521' title='bbox 1806 5755 1871 5809; x_wconf 82' lang='lat' dir='ltr'><strong>ab</strong></span> <span class='ocrx_word' id='word_1_522' title='bbox 1901 5730 2189 5831; x_wconf 47' lang='lat' dir='ltr'><strong>initio-qui—</strong></span> 
     </span>
    </p>
   </div>
   <div class='ocr_carea' id='block_1_68' title="bbox 2273 1058 3873 1135">
    <p class='ocr_par' dir='ltr' id='par_1_68' title="bbox 2273 1058 3873 1135">
     <span class='ocr_line' id='line_1_68' title="bbox 2273 1058 3873 1135; baseline -0.011 -6"><span class='ocrx_word' id='word_1_523' title='bbox 2273 1075 2395 1129; x_wconf 90' lang='lat' dir='ltr'><strong>dem</strong></span> <span class='ocrx_word' id='word_1_524' title='bbox 2433 1076 2807 1127; x_wconf 87' lang='lat' dir='ltr'><strong>testamentum</strong></span> <span class='ocrx_word' id='word_1_525' title='bbox 2837 1068 2963 1123; x_wconf 82' lang='lat' dir='ltr'><strong>lecit</strong></span> <span class='ocrx_word' id='word_1_526' title='bbox 2990 1074 3262 1135; x_wconf 85' lang='lat' dir='ltr'><strong>tamquam</strong></span> <span class='ocrx_word' id='word_1_527' title='bbox 3295 1063 3455 1120; x_wconf 75' lang='lat' dir='ltr'><strong>l‘ater</strong></span> <span class='ocrx_word' id='word_1_528' title='bbox 3478 1064 3531 1117; x_wconf 87' lang='lat' dir='ltr'><strong>in</strong></span> <span class='ocrx_word' id='word_1_529' title='bbox 3566 1058 3751 1125; x_wconf 82' lang='lat' dir='ltr'><strong>ﬁlios;</strong></span> <span class='ocrx_word' id='word_1_530' title='bbox 3782 1062 3873 1114; x_wconf 89' lang='lat' dir='ltr'><strong>sed</strong></span> 
     </span>
    </p>
   </div>
   <div class='ocr_carea' id='block_1_69' title="bbox 2273 1155 3878 1236">
    <p class='ocr_par' dir='ltr' id='par_1_69' title="bbox 2273 1155 3878 1236">
     <span class='ocr_line' id='line_1_69' title="bbox 2273 1155 3878 1236; baseline -0.009 -16"><span class='ocrx_word' id='word_1_531' title='bbox 2273 1164 2524 1236; x_wconf 88' lang='lat' dir='ltr'><strong>quoniam</strong></span> <span class='ocrx_word' id='word_1_532' title='bbox 2569 1163 2769 1232; x_wconf 77' lang='lat' dir='ltr'><strong>indigni</strong></span> <span class='ocrx_word' id='word_1_533' title='bbox 2812 1174 2999 1215; x_wconf 82' lang='lat' dir='ltr'><strong>smnus</strong></span> <span class='ocrx_word' id='word_1_534' title='bbox 3043 1157 3270 1223; x_wconf 90' lang='lat' dir='ltr'><strong>redditi,</strong></span> <span class='ocrx_word' id='word_1_535' title='bbox 3302 1170 3407 1211; x_wconf 89' lang='lat' dir='ltr'><strong>non</strong></span> <span class='ocrx_word' id='word_1_536' title='bbox 3442 1155 3675 1225; x_wconf 84' lang='lat' dir='ltr'><strong>amplius</strong></span> <span class='ocrx_word' id='word_1_537' title='bbox 3707 1160 3878 1207; x_wconf 84' lang='lat' dir='ltr'><strong>testa-</strong></span> 
     </span>
    </p>
   </div>
   <div class='ocr_carea' id='block_1_70' title="bbox 2283 1248 3880 1325">
    <p class='ocr_par' dir='ltr' id='par_1_70' title="bbox 2283 1248 3880 1325">
     <span class='ocr_line' id='line_1_70' title="bbox 2283 1248 3880 1325; baseline -0.008 -14"><span class='ocrx_word' id='word_1_538' title='bbox 2283 1265 2466 1311; x_wconf 88' lang='lat' dir='ltr'><strong>mento</strong></span> <span class='ocrx_word' id='word_1_539' title='bbox 2493 1270 2627 1325; x_wconf 90' lang='lat' dir='ltr'><strong>opus</strong></span> <span class='ocrx_word' id='word_1_540' title='bbox 2653 1263 2769 1309; x_wconf 89' lang='lat' dir='ltr'><strong>erat</strong></span> <span class='ocrx_word' id='word_1_541' title='bbox 2790 1295 2804 1314; x_wconf 88' lang='lat'><strong>,</strong></span> <span class='ocrx_word' id='word_1_542' title='bbox 2843 1254 2938 1308; x_wconf 89' lang='lat' dir='ltr'><strong>sed</strong></span> <span class='ocrx_word' id='word_1_543' title='bbox 2979 1251 3269 1320; x_wconf 86' lang='lat' dir='ltr'><strong>supplicio.</strong></span> <span class='ocrx_word' id='word_1_544' title='bbox 3300 1249 3436 1315; x_wconf 82' lang='lat' dir='ltr'><strong>Quid</strong></span> <span class='ocrx_word' id='word_1_545' title='bbox 3467 1265 3597 1318; x_wconf 85' lang='lat' dir='ltr'><strong>ergo</strong></span> <span class='ocrx_word' id='word_1_546' title='bbox 3617 1289 3632 1313; x_wconf 96' lang='lat'><strong>,</strong></span> <span class='ocrx_word' id='word_1_547' title='bbox 3670 1248 3880 1317; x_wconf 89' lang='lat' dir='ltr'><strong>inquit,</strong></span> 
     </span>
    </p>
   </div>
   <div class='ocr_carea' id='block_1_71' title="bbox 2282 1339 3886 1419">
    <p class='ocr_par' dir='ltr' id='par_1_71' title="bbox 2282 1339 3886 1419">
     <span class='ocr_line' id='line_1_71' title="bbox 2282 1339 3886 1419; baseline -0.007 -17"><span class='ocrx_word' id='word_1_548' title='bbox 2282 1350 2350 1403; x_wconf 89' lang='lat' dir='ltr'><strong>de</strong></span> <span class='ocrx_word' id='word_1_549' title='bbox 2390 1348 2508 1419; x_wconf 86' lang='lat' dir='ltr'><strong>lege</strong></span> <span class='ocrx_word' id='word_1_550' title='bbox 2545 1346 2827 1417; x_wconf 75' lang='lat' dir='ltr'><strong>gloriaris?</strong></span> <span class='ocrx_word' id='word_1_551' title='bbox 2858 1359 2979 1398; x_wconf 90' lang='lat' dir='ltr'><strong>nam</strong></span> <span class='ocrx_word' id='word_1_552' title='bbox 3008 1345 3061 1397; x_wconf 90' lang='lat' dir='ltr'><strong>in</strong></span> <span class='ocrx_word' id='word_1_553' title='bbox 3091 1351 3295 1396; x_wconf 90' lang='lat' dir='ltr'><strong>tantum</strong></span> <span class='ocrx_word' id='word_1_554' title='bbox 3328 1354 3425 1395; x_wconf 91' lang='lat' dir='ltr'><strong>nos</strong></span> <span class='ocrx_word' id='word_1_555' title='bbox 3453 1339 3667 1409; x_wconf 89' lang='lat' dir='ltr'><strong>redegit</strong></span> <span class='ocrx_word' id='word_1_556' title='bbox 3696 1352 3886 1407; x_wconf 89' lang='lat' dir='ltr'><strong>pecca-</strong></span> 
     </span>
    </p>
   </div>
   <div class='ocr_carea' id='block_1_72' title="bbox 2283 1430 3885 1507">
    <p class='ocr_par' dir='ltr' id='par_1_72' title="bbox 2283 1430 3885 1507">
     <span class='ocr_line' id='line_1_72' title="bbox 2283 1430 3885 1507; baseline -0.007 -12"><span class='ocrx_word' id='word_1_557' title='bbox 2283 1451 2417 1506; x_wconf 92' lang='lat' dir='ltr'><strong>tum,</strong></span> <span class='ocrx_word' id='word_1_558' title='bbox 2442 1449 2497 1495; x_wconf 91' lang='lat' dir='ltr'><strong>ut</strong></span> <span class='ocrx_word' id='word_1_559' title='bbox 2518 1453 2809 1507; x_wconf 86' lang='lat' dir='ltr'><strong>numquam</strong></span> <span class='ocrx_word' id='word_1_560' title='bbox 2839 1437 2971 1491; x_wconf 88' lang='lat' dir='ltr'><strong>salvi</strong></span> <span class='ocrx_word' id='word_1_561' title='bbox 2998 1449 3241 1491; x_wconf 84' lang='lat' dir='ltr'><strong>essemus</strong></span> <span class='ocrx_word' id='word_1_562' title='bbox 3262 1432 3426 1487; x_wconf 82' lang='lat' dir='ltr'><strong>futuri</strong></span> <span class='ocrx_word' id='word_1_563' title='bbox 3453 1452 3465 1485; x_wconf 90' lang='lat'><strong>:</strong></span> <span class='ocrx_word' id='word_1_564' title='bbox 3491 1432 3591 1486; x_wconf 89' lang='lat' dir='ltr'><strong>nisi</strong></span> <span class='ocrx_word' id='word_1_565' title='bbox 3619 1430 3885 1485; x_wconf 83' lang='lat' dir='ltr'><strong>Dominus</strong></span> 
     </span>
    </p>
   </div>
   <div class='ocr_carea' id='block_1_73' title="bbox 2283 1526 3882 1601">
    <p class='ocr_par' dir='ltr' id='par_1_73' title="bbox 2283 1526 3882 1601">
     <span class='ocr_line' id='line_1_73' title="bbox 2283 1526 3882 1601; baseline -0.006 -16"><span class='ocrx_word' id='word_1_566' title='bbox 2283 1540 2466 1587; x_wconf 88' lang='lat' dir='ltr'><strong>noster</strong></span> <span class='ocrx_word' id='word_1_567' title='bbox 2498 1545 2597 1601; x_wconf 90' lang='lat' dir='ltr'><strong>pro</strong></span> <span class='ocrx_word' id='word_1_568' title='bbox 2627 1529 2781 1583; x_wconf 91' lang='lat' dir='ltr'><strong>nobis</strong></span> <span class='ocrx_word' id='word_1_569' title='bbox 2809 1536 2955 1584; x_wconf 89' lang='lat' dir='ltr'><strong>esset</strong></span> <span class='ocrx_word' id='word_1_570' title='bbox 2982 1535 3260 1594; x_wconf 90' lang='lat' dir='ltr'><strong>mortuus,</strong></span> <span class='ocrx_word' id='word_1_571' title='bbox 3293 1526 3379 1581; x_wconf 89' lang='lat' dir='ltr'><strong>lex</strong></span> <span class='ocrx_word' id='word_1_572' title='bbox 3414 1538 3755 1594; x_wconf 85' lang='lat' dir='ltr'><strong>nequaquam</strong></span> <span class='ocrx_word' id='word_1_573' title='bbox 3786 1537 3882 1594; x_wconf 84' lang='lat' dir='ltr'><strong>po-</strong></span> 
     </span>
    </p>
   </div>
   <div class='ocr_carea' id='block_1_74' title="bbox 2177 1616 3885 1688">
    <p class='ocr_par' dir='ltr' id='par_1_74' title="bbox 2177 1616 3885 1688">
     <span class='ocr_line' id='line_1_74' title="bbox 2177 1616 3885 1688; baseline -0.004 -14"><span class='ocrx_word' id='word_1_574' title='bbox 2177 1621 2189 1674; x_wconf 91' lang='lat' dir='ltr'><strong>i</strong></span> <span class='ocrx_word' id='word_1_575' title='bbox 2282 1624 2505 1688; x_wconf 87' lang='lat' dir='ltr'><strong>tuisset;</strong></span> <span class='ocrx_word' id='word_1_576' title='bbox 2532 1631 2649 1677; x_wconf 88' lang='lat' dir='ltr'><strong>erat</strong></span> <span class='ocrx_word' id='word_1_577' title='bbox 2675 1620 2819 1675; x_wconf 89' lang='lat' dir='ltr'><strong>enim</strong></span> <span class='ocrx_word' id='word_1_578' title='bbox 2858 1620 3147 1675; x_wconf 90' lang='lat' dir='ltr'><strong>imbecilla.</strong></span> <span class='ocrx_word' id='word_1_579' title='bbox 3174 1616 3523 1687; x_wconf 83' lang='lat' dir='ltr'><strong>Nequaquam</strong></span> <span class='ocrx_word' id='word_1_580' title='bbox 3553 1626 3738 1670; x_wconf 86' lang='lat' dir='ltr'><strong>autem</strong></span> <span class='ocrx_word' id='word_1_581' title='bbox 3765 1630 3885 1669; x_wconf 85' lang='lat' dir='ltr'><strong>am-</strong></span> 
     </span>
    </p>
   </div>
   <div class='ocr_carea' id='block_1_75' title="bbox 2282 1705 3885 1787">
    <p class='ocr_par' dir='ltr' id='par_1_75' title="bbox 2282 1705 3885 1787">
     <span class='ocr_line' id='line_1_75' title="bbox 2282 1705 3885 1787; baseline -0.007 -18"><span class='ocrx_word' id='word_1_582' title='bbox 2282 1717 2422 1787; x_wconf 89' lang='lat' dir='ltr'><strong>plius</strong></span> <span class='ocrx_word' id='word_1_583' title='bbox 2456 1716 2560 1770; x_wconf 90' lang='lat' dir='ltr'><strong>hoc</strong></span> <span class='ocrx_word' id='word_1_584' title='bbox 2586 1712 2870 1769; x_wconf 84' lang='lat' dir='ltr'><strong>conﬁrmat</strong></span> <span class='ocrx_word' id='word_1_585' title='bbox 2894 1727 2959 1767; x_wconf 86' lang='lat' dir='ltr'><strong>ex</strong></span> <span class='ocrx_word' id='word_1_586' title='bbox 2999 1710 3113 1765; x_wconf 87' lang='lat' dir='ltr'><strong>sola</strong></span> <span class='ocrx_word' id='word_1_587' title='bbox 3143 1708 3562 1771; x_wconf 87' lang='lat' dir='ltr'><strong>consuetudine,</strong></span> <span class='ocrx_word' id='word_1_588' title='bbox 3596 1705 3694 1761; x_wconf 91' lang='lat' dir='ltr'><strong>sed</strong></span> <span class='ocrx_word' id='word_1_589' title='bbox 3724 1721 3792 1760; x_wconf 89' lang='lat' dir='ltr'><strong>ex</strong></span> <span class='ocrx_word' id='word_1_590' title='bbox 3822 1706 3885 1759; x_wconf 90' lang='lat' dir='ltr'><strong>iis</strong></span> 
     </span>
    </p>
   </div>
   <div class='ocr_carea' id='block_1_76' title="bbox 2281 1798 3885 1879">
    <p class='ocr_par' dir='ltr' id='par_1_76' title="bbox 2281 1798 3885 1879">
     <span class='ocr_line' id='line_1_76' title="bbox 2281 1798 3885 1879; baseline -0.011 -13"><span class='ocrx_word' id='word_1_591' title='bbox 2281 1811 2443 1866; x_wconf 87' lang='lat' dir='ltr'><strong>etiam</strong></span> <span class='ocrx_word' id='word_1_592' title='bbox 2473 1823 2594 1879; x_wconf 76' lang='lat' dir='ltr'><strong>qua:</strong></span> <span class='ocrx_word' id='word_1_593' title='bbox 2627 1814 2924 1863; x_wconf 76' lang='lat' dir='ltr'><strong>evenerunt</strong></span> <span class='ocrx_word' id='word_1_594' title='bbox 2951 1804 3001 1857; x_wconf 92' lang='lat' dir='ltr'><strong>in</strong></span> <span class='ocrx_word' id='word_1_595' title='bbox 3032 1802 3214 1857; x_wconf 81' lang='lat' dir='ltr'><strong>Veteri</strong></span> <span class='ocrx_word' id='word_1_596' title='bbox 3248 1813 3260 1856; x_wconf 84' lang='lat'><strong>:</strong></span> <span class='ocrx_word' id='word_1_597' title='bbox 3291 1800 3434 1873; x_wconf 89' lang='lat' dir='ltr'><strong>quod</strong></span> <span class='ocrx_word' id='word_1_598' title='bbox 3462 1798 3684 1870; x_wconf 90' lang='lat' dir='ltr'><strong>quidem</strong></span> <span class='ocrx_word' id='word_1_599' title='bbox 3715 1799 3885 1852; x_wconf 84' lang='lat' dir='ltr'><strong>maxi-</strong></span> 
     </span>
    </p>
   </div>
   <div class='ocr_carea' id='block_1_77' title="bbox 2283 1890 3881 1960">
    <p class='ocr_par' dir='ltr' id='par_1_77' title="bbox 2283 1890 3881 1960">
     <span class='ocr_line' id='line_1_77' title="bbox 2283 1890 3881 1960; baseline -0.008 -5"><span class='ocrx_word' id='word_1_600' title='bbox 2283 1917 2368 1956; x_wconf 89' lang='lat' dir='ltr'><strong>me</strong></span> <span class='ocrx_word' id='word_1_601' title='bbox 2393 1915 2487 1956; x_wconf 91' lang='lat' dir='ltr'><strong>eos</strong></span> <span class='ocrx_word' id='word_1_602' title='bbox 2515 1895 2742 1954; x_wconf 78' lang='lat' dir='ltr'><strong>induxit.</strong></span> <span class='ocrx_word' id='word_1_603' title='bbox 2774 1899 2841 1951; x_wconf 84' lang='lat' dir='ltr'><strong>At</strong></span> <span class='ocrx_word' id='word_1_604' title='bbox 2868 1895 3044 1950; x_wconf 89' lang='lat' dir='ltr'><strong>nullus</strong></span> <span class='ocrx_word' id='word_1_605' title='bbox 3073 1893 3182 1948; x_wconf 87' lang='lat' dir='ltr'><strong>illic</strong></span> <span class='ocrx_word' id='word_1_606' title='bbox 3206 1902 3344 1957; x_wconf 86' lang='lat' dir='ltr'><strong>erat,</strong></span> <span class='ocrx_word' id='word_1_607' title='bbox 3374 1890 3567 1960; x_wconf 87' lang='lat' dir='ltr'><strong>inquit,</strong></span> <span class='ocrx_word' id='word_1_608' title='bbox 3598 1896 3881 1953; x_wconf 87' lang='lat' dir='ltr'><strong>mortuus;</strong></span> 
     </span>
    </p>
   </div>
   <div class='ocr_carea' id='block_1_78' title="bbox 2280 1979 3879 2063">
    <p class='ocr_par' dir='ltr' id='par_1_78' title="bbox 2280 1979 3879 2063">
     <span class='ocr_line' id='line_1_78' title="bbox 2280 1979 3879 2063; baseline -0.008 -17"><span class='ocrx_word' id='word_1_609' title='bbox 2280 1991 2550 2063; x_wconf 87' lang='lat' dir='ltr'><strong>quomodo</strong></span> <span class='ocrx_word' id='word_1_610' title='bbox 2574 2005 2703 2060; x_wconf 87' lang='lat' dir='ltr'><strong>ergo</strong></span> <span class='ocrx_word' id='word_1_611' title='bbox 2728 1987 2857 2042; x_wconf 91' lang='lat' dir='ltr'><strong>illud</strong></span> <span class='ocrx_word' id='word_1_612' title='bbox 2884 1987 3096 2041; x_wconf 91' lang='lat' dir='ltr'><strong>ﬁrmum</strong></span> <span class='ocrx_word' id='word_1_613' title='bbox 3124 1995 3180 2039; x_wconf 89' lang='lat' dir='ltr'><strong>et</strong></span> <span class='ocrx_word' id='word_1_614' title='bbox 3206 1982 3442 2039; x_wconf 85' lang='lat' dir='ltr'><strong>stabile?</strong></span> <span class='ocrx_word' id='word_1_615' title='bbox 3471 1981 3575 2036; x_wconf 85' lang='lat' dir='ltr'><strong>Per</strong></span> <span class='ocrx_word' id='word_1_616' title='bbox 3603 1979 3879 2041; x_wconf 88' lang='lat' dir='ltr'><strong>eumdem,</strong></span> 
     </span>
    </p>
   </div>
   <div class='ocr_carea' id='block_1_79' title="bbox 2281 2072 3886 2155">
    <p class='ocr_par' dir='ltr' id='par_1_79' title="bbox 2281 2072 3886 2155">
     <span class='ocr_line' id='line_1_79' title="bbox 2281 2072 3886 2155; baseline -0.009 -15"><span class='ocrx_word' id='word_1_617' title='bbox 2281 2085 2472 2155; x_wconf 88' lang='lat' dir='ltr'><strong>inquit,</strong></span> <span class='ocrx_word' id='word_1_618' title='bbox 2494 2083 2735 2138; x_wconf 90' lang='lat' dir='ltr'><strong>modum.</strong></span> <span class='ocrx_word' id='word_1_619' title='bbox 2757 2077 3073 2146; x_wconf 86' lang='lat' dir='ltr'><strong>Quomodo?</strong></span> <span class='ocrx_word' id='word_1_620' title='bbox 3094 2076 3305 2132; x_wconf 88' lang='lat' dir='ltr'><strong>Etenim</strong></span> <span class='ocrx_word' id='word_1_621' title='bbox 3334 2075 3443 2128; x_wconf 83' lang='lat' dir='ltr'><strong>illic</strong></span> <span class='ocrx_word' id='word_1_622' title='bbox 3471 2073 3715 2144; x_wconf 82' lang='lat' dir='ltr'><strong>sanguis,</strong></span> <span class='ocrx_word' id='word_1_623' title='bbox 3746 2072 3886 2126; x_wconf 86' lang='lat' dir='ltr'><strong>sicut</strong></span> 
     </span>
    </p>
   </div>
   <div class='ocr_carea' id='block_1_80' title="bbox 2280 2166 3883 2246">
    <p class='ocr_par' dir='ltr' id='par_1_80' title="bbox 2280 2166 3883 2246">
     <span class='ocr_line' id='line_1_80' title="bbox 2280 2166 3883 2246; baseline -0.011 -12"><span class='ocrx_word' id='word_1_624' title='bbox 2280 2190 2334 2234; x_wconf 92' lang='lat' dir='ltr'><strong>et</strong></span> <span class='ocrx_word' id='word_1_625' title='bbox 2359 2179 2445 2233; x_wconf 90' lang='lat' dir='ltr'><strong>hic</strong></span> <span class='ocrx_word' id='word_1_626' title='bbox 2470 2176 2717 2246; x_wconf 85' lang='lat' dir='ltr'><strong>sanguis;</strong></span> <span class='ocrx_word' id='word_1_627' title='bbox 2742 2174 2784 2228; x_wconf 88' lang='lat' dir='ltr'><strong>si</strong></span> <span class='ocrx_word' id='word_1_628' title='bbox 2816 2182 2994 2226; x_wconf 88' lang='lat' dir='ltr'><strong>autem</strong></span> <span class='ocrx_word' id='word_1_629' title='bbox 3033 2185 3138 2223; x_wconf 89' lang='lat' dir='ltr'><strong>non</strong></span> <span class='ocrx_word' id='word_1_630' title='bbox 3172 2176 3287 2223; x_wconf 88' lang='lat' dir='ltr'><strong>erat</strong></span> <span class='ocrx_word' id='word_1_631' title='bbox 3312 2167 3513 2222; x_wconf 87' lang='lat' dir='ltr'><strong>Christi</strong></span> <span class='ocrx_word' id='word_1_632' title='bbox 3539 2166 3783 2234; x_wconf 82' lang='lat' dir='ltr'><strong>sanguis,</strong></span> <span class='ocrx_word' id='word_1_633' title='bbox 3818 2178 3883 2218; x_wconf 89' lang='lat' dir='ltr'><strong>ne</strong></span> 
     </span>
    </p>
   </div>
   <div class='ocr_carea' id='block_1_81' title="bbox 2283 2255 3884 2335">
    <p class='ocr_par' dir='ltr' id='par_1_81' title="bbox 2283 2255 3884 2335">
     <span class='ocr_line' id='line_1_81' title="bbox 2283 2255 3884 2335; baseline -0.011 -11"><span class='ocrx_word' id='word_1_634' title='bbox 2283 2269 2497 2325; x_wconf 85' lang='lat' dir='ltr'><strong>mireris</strong></span> <span class='ocrx_word' id='word_1_635' title='bbox 2527 2286 2541 2323; x_wconf 89' lang='lat'><strong>:</strong></span> <span class='ocrx_word' id='word_1_636' title='bbox 2571 2276 2688 2322; x_wconf 89' lang='lat' dir='ltr'><strong>erat</strong></span> <span class='ocrx_word' id='word_1_637' title='bbox 2722 2264 2865 2320; x_wconf 89' lang='lat' dir='ltr'><strong>enim</strong></span> <span class='ocrx_word' id='word_1_638' title='bbox 2910 2275 3107 2335; x_wconf 85' lang='lat' dir='ltr'><strong>typus:</strong></span> <span class='ocrx_word' id='word_1_639' title='bbox 3140 2260 3367 2327; x_wconf 88' lang='lat' dir='ltr'><strong>ideoque</strong></span> <span class='ocrx_word' id='word_1_640' title='bbox 3402 2257 3572 2323; x_wconf 91' lang='lat' dir='ltr'><strong>dicit,</strong></span> <span class='ocrx_word' id='word_1_641' title='bbox 3605 2255 3757 2311; x_wconf 83' lang='lat' dir='ltr'><strong>Unde</strong></span> <span class='ocrx_word' id='word_1_642' title='bbox 3793 2271 3884 2309; x_wconf 86' lang='lat' dir='ltr'><strong>nec</strong></span> 
     </span>
    </p>
   </div>
   <div class='ocr_carea' id='block_1_82' title="bbox 2282 2349 3879 2433">
    <p class='ocr_par' dir='ltr' id='par_1_82' title="bbox 2282 2349 3879 2433">
     <span class='ocr_line' id='line_1_82' title="bbox 2282 2349 3879 2433; baseline -0.009 -17"><span class='ocrx_word' id='word_1_643' title='bbox 2282 2363 2505 2433; x_wconf 83' lang='lat' dir='ltr'><strong>primum</strong></span> <span class='ocrx_word' id='word_1_644' title='bbox 2536 2360 2769 2430; x_wconf 82' lang='lat' dir='ltr'><strong>quidem,</strong></span> <span class='ocrx_word' id='word_1_645' title='bbox 2811 2357 3017 2426; x_wconf 89' lang='lat' dir='ltr'><strong>inquit,</strong></span> <span class='ocrx_word' id='word_1_646' title='bbox 3049 2355 3158 2407; x_wconf 89' lang='lat' dir='ltr'><strong>sine</strong></span> <span class='ocrx_word' id='word_1_647' title='bbox 3188 2351 3436 2421; x_wconf 83' lang='lat' dir='ltr'><strong>sanguine</strong></span> <span class='ocrx_word' id='word_1_648' title='bbox 3461 2349 3755 2402; x_wconf 85' lang='lat' dir='ltr'><strong>dedicatum</strong></span> <span class='ocrx_word' id='word_1_649' title='bbox 3784 2357 3879 2401; x_wconf 84' lang='lat' dir='ltr'><strong>est.</strong></span> 
     </span>
    </p>
   </div>
   <div class='ocr_carea' id='block_1_83' title="bbox 2281 2438 3882 2524">
    <p class='ocr_par' dir='ltr' id='par_1_83' title="bbox 2281 2438 3882 2524">
     <span class='ocr_line' id='line_1_83' title="bbox 2281 2438 3882 2524; baseline -0.011 -14"><span class='ocrx_word' id='word_1_650' title='bbox 2281 2455 2418 2524; x_wconf 91' lang='lat' dir='ltr'><strong>Quid</strong></span> <span class='ocrx_word' id='word_1_651' title='bbox 2456 2454 2557 2510; x_wconf 90' lang='lat' dir='ltr'><strong>sibi</strong></span> <span class='ocrx_word' id='word_1_652' title='bbox 2600 2451 2715 2505; x_wconf 83' lang='lat' dir='ltr'><strong>vult</strong></span> <span class='ocrx_word' id='word_1_653' title='bbox 2756 2449 2885 2504; x_wconf 90' lang='lat' dir='ltr'><strong>illud</strong></span> <span class='ocrx_word' id='word_1_654' title='bbox 2908 2488 2921 2511; x_wconf 88' lang='lat'><strong>,</strong></span> <span class='ocrx_word' id='word_1_655' title='bbox 2951 2446 3253 2500; x_wconf 84' lang='lat' dir='ltr'><strong>Dedicatum</strong></span> <span class='ocrx_word' id='word_1_656' title='bbox 3291 2443 3401 2497; x_wconf 85' lang='lat' dir='ltr'><strong>est?</strong></span> <span class='ocrx_word' id='word_1_657' title='bbox 3426 2440 3649 2495; x_wconf 87' lang='lat' dir='ltr'><strong>Factum</strong></span> <span class='ocrx_word' id='word_1_658' title='bbox 3681 2450 3763 2495; x_wconf 87' lang='lat' dir='ltr'><strong>est</strong></span> <span class='ocrx_word' id='word_1_659' title='bbox 3793 2438 3882 2493; x_wconf 85' lang='lat' dir='ltr'><strong>lir-</strong></span> 
     </span>
    </p>
   </div>
   <div class='ocr_carea' id='block_1_84' title="bbox 2282 2533 3881 2613">
    <p class='ocr_par' dir='ltr' id='par_1_84' title="bbox 2282 2533 3881 2613">
     <span class='ocr_line' id='line_1_84' title="bbox 2282 2533 3881 2613; baseline -0.011 -10"><span class='ocrx_word' id='word_1_660' title='bbox 2282 2563 2451 2613; x_wconf 91' lang='lat' dir='ltr'><strong>mum,</strong></span> <span class='ocrx_word' id='word_1_661' title='bbox 2482 2545 2673 2601; x_wconf 83' lang='lat' dir='ltr'><strong>stabile</strong></span> <span class='ocrx_word' id='word_1_662' title='bbox 2698 2552 2754 2598; x_wconf 92' lang='lat' dir='ltr'><strong>et</strong></span> <span class='ocrx_word' id='word_1_663' title='bbox 2783 2551 2977 2595; x_wconf 87' lang='lat' dir='ltr'><strong>ratum.</strong></span> <span class='ocrx_word' id='word_1_664' title='bbox 3011 2538 3183 2603; x_wconf 88' lang='lat' dir='ltr'><strong>Unde,</strong></span> <span class='ocrx_word' id='word_1_665' title='bbox 3215 2536 3405 2607; x_wconf 89' lang='lat' dir='ltr'><strong>inquit,</strong></span> <span class='ocrx_word' id='word_1_666' title='bbox 3446 2533 3732 2603; x_wconf 83' lang='lat' dir='ltr'><strong>oportebat</strong></span> <span class='ocrx_word' id='word_1_667' title='bbox 3760 2542 3881 2586; x_wconf 86' lang='lat' dir='ltr'><strong>esse</strong></span> 
     </span>
    </p>
   </div>
   <div class='ocr_carea' id='block_1_85' title="bbox 2282 2630 3246 2713">
    <p class='ocr_par' dir='ltr' id='par_1_85' title="bbox 2282 2630 3246 2713">
     <span class='ocr_line' id='line_1_85' title="bbox 2282 2630 3246 2713; baseline -0.015 -17"><span class='ocrx_word' id='word_1_668' title='bbox 2282 2640 2585 2713; x_wconf 81' lang='lat' dir='ltr'><strong>symbolum</strong></span> <span class='ocrx_word' id='word_1_669' title='bbox 2617 2633 2923 2691; x_wconf 88' lang='lat' dir='ltr'><strong>testamenti</strong></span> <span class='ocrx_word' id='word_1_670' title='bbox 2951 2640 3006 2687; x_wconf 90' lang='lat' dir='ltr'><strong>et</strong></span> <span class='ocrx_word' id='word_1_671' title='bbox 3036 2630 3246 2685; x_wconf 88' lang='lat' dir='ltr'><strong>mortis.</strong></span> 
     </span>
    </p>
   </div>
   <div class='ocr_carea' id='block_1_86' title="bbox 2353 2716 3881 2797">
    <p class='ocr_par' dir='ltr' id='par_1_86' title="bbox 2353 2716 3881 2797">
     <span class='ocr_line' id='line_1_86' title="bbox 2353 2716 3881 2797; baseline -0.01 -12"><span class='ocrx_word' id='word_1_672' title='bbox 2353 2732 2409 2785; x_wconf 76' lang='grc'><strong>2.</strong></span> <span class='ocrx_word' id='word_1_673' title='bbox 2451 2731 2695 2797; x_wconf 89' lang='lat' dir='ltr'><strong>Quanam</strong></span> <span class='ocrx_word' id='word_1_674' title='bbox 2724 2726 2867 2781; x_wconf 89' lang='lat' dir='ltr'><strong>enim</strong></span> <span class='ocrx_word' id='word_1_675' title='bbox 2911 2723 2979 2779; x_wconf 89' lang='lat' dir='ltr'><strong>de</strong></span> <span class='ocrx_word' id='word_1_676' title='bbox 3026 2736 3211 2785; x_wconf 87' lang='lat' dir='ltr'><strong>causa,</strong></span> <span class='ocrx_word' id='word_1_677' title='bbox 3242 2720 3331 2775; x_wconf 91' lang='lat' dir='ltr'><strong>die</strong></span> <span class='ocrx_word' id='word_1_678' title='bbox 3364 2716 3517 2785; x_wconf 90' lang='lat' dir='ltr'><strong>mibi,</strong></span> <span class='ocrx_word' id='word_1_679' title='bbox 3547 2717 3686 2772; x_wconf 89' lang='lat' dir='ltr'><strong>liber</strong></span> <span class='ocrx_word' id='word_1_680' title='bbox 3719 2721 3881 2771; x_wconf 87' lang='lat' dir='ltr'><strong>testa-</strong></span> 
     </span>
    </p>
   </div>
   <div class='ocr_carea' id='block_1_87' title="bbox 2278 2810 3878 2890">
    <p class='ocr_par' dir='ltr' id='par_1_87' title="bbox 2278 2810 3878 2890">
     <span class='ocr_line' id='line_1_87' title="bbox 2278 2810 3878 2890; baseline -0.013 -11"><span class='ocrx_word' id='word_1_681' title='bbox 2278 2821 2451 2879; x_wconf 83' lang='lat' dir='ltr'><strong>menti</strong></span> <span class='ocrx_word' id='word_1_682' title='bbox 2480 2817 2821 2890; x_wconf 83' lang='lat' dir='ltr'><strong>aspergitur?</strong></span> <span class='ocrx_word' id='word_1_683' title='bbox 2853 2815 2940 2870; x_wconf 80' lang='grc'><strong>19.</strong></span> <span class='ocrx_word' id='word_1_684' title='bbox 2968 2813 3122 2867; x_wconf 85' lang='lat' dir='ltr'><strong>Lecto</strong></span> <span class='ocrx_word' id='word_1_685' title='bbox 3145 2813 3303 2877; x_wconf 84' lang='lat' dir='ltr'><strong>enim,</strong></span> <span class='ocrx_word' id='word_1_686' title='bbox 3341 2810 3535 2880; x_wconf 88' lang='lat' dir='ltr'><strong>inquit,</strong></span> <span class='ocrx_word' id='word_1_687' title='bbox 3561 2812 3702 2862; x_wconf 85' lang='lat' dir='ltr'><strong>omni</strong></span> <span class='ocrx_word' id='word_1_688' title='bbox 3729 2823 3878 2860; x_wconf 88' lang='lat' dir='ltr'><strong>mau-</strong></span> 
     </span>
    </p>
   </div>
   <div class='ocr_carea' id='block_1_88' title="bbox 2282 2902 3880 2985">
    <p class='ocr_par' dir='ltr' id='par_1_88' title="bbox 2282 2902 3880 2985">
     <span class='ocr_line' id='line_1_88' title="bbox 2282 2902 3880 2985; baseline -0.011 -15"><span class='ocrx_word' id='word_1_689' title='bbox 2282 2916 2403 2970; x_wconf 89' lang='lat' dir='ltr'><strong>dato</strong></span> <span class='ocrx_word' id='word_1_690' title='bbox 2422 2914 2544 2985; x_wconf 84' lang='lat' dir='ltr'><strong>legis</strong></span> <span class='ocrx_word' id='word_1_691' title='bbox 2560 2930 2592 2965; x_wconf 91' lang='lat' dir='ltr'><strong>a</strong></span> <span class='ocrx_word' id='word_1_692' title='bbox 2611 2909 2789 2982; x_wconf 76' lang='lat' dir='ltr'><strong>Moyse</strong></span> <span class='ocrx_word' id='word_1_693' title='bbox 2815 2909 3049 2963; x_wconf 83' lang='lat' dir='ltr'><strong>universo</strong></span> <span class='ocrx_word' id='word_1_694' title='bbox 3072 2908 3282 2975; x_wconf 84' lang='lat' dir='ltr'><strong>populo,</strong></span> <span class='ocrx_word' id='word_1_695' title='bbox 3300 2904 3557 2973; x_wconf 85' lang='lat' dir='ltr'><strong>accipiens</strong></span> <span class='ocrx_word' id='word_1_696' title='bbox 3577 2902 3880 2972; x_wconf 82' lang='lat' dir='ltr'><strong>sanguinem</strong></span> 
     </span>
    </p>
   </div>
   <div class='ocr_carea' id='block_1_89' title="bbox 2282 2995 3881 3067">
    <p class='ocr_par' dir='ltr' id='par_1_89' title="bbox 2282 2995 3881 3067">
     <span class='ocr_line' id='line_1_89' title="bbox 2282 2995 3881 3067; baseline -0.009 -7"><span class='ocrx_word' id='word_1_697' title='bbox 2282 3007 2554 3060; x_wconf 78' lang='lat' dir='ltr'><strong>uitulorum</strong></span> <span class='ocrx_word' id='word_1_698' title='bbox 2597 3012 2641 3057; x_wconf 87' lang='lat' dir='ltr'><strong>et</strong></span> <span class='ocrx_word' id='word_1_699' title='bbox 2673 3003 2931 3055; x_wconf 83' lang='lat' dir='ltr'><strong>hircorum</strong></span> <span class='ocrx_word' id='word_1_700' title='bbox 2978 3015 3091 3052; x_wconf 87' lang='lat' dir='ltr'><strong>cum</strong></span> <span class='ocrx_word' id='word_1_701' title='bbox 3137 3013 3270 3067; x_wconf 82' lang='lat' dir='ltr'><strong>aqua</strong></span> <span class='ocrx_word' id='word_1_702' title='bbox 3299 3007 3347 3049; x_wconf 88' lang='lat' dir='ltr'><strong>et</strong></span> <span class='ocrx_word' id='word_1_703' title='bbox 3399 2995 3519 3047; x_wconf 85' lang='lat' dir='ltr'><strong>lana</strong></span> <span class='ocrx_word' id='word_1_704' title='bbox 3565 2995 3803 3047; x_wconf 85' lang='lat' dir='ltr'><strong>coccinea</strong></span> <span class='ocrx_word' id='word_1_705' title='bbox 3835 3004 3881 3048; x_wconf 83' lang='lat' dir='ltr'><strong>et</strong></span> 
     </span>
    </p>
   </div>
   <div class='ocr_carea' id='block_1_90' title="bbox 2283 3087 3879 3169">
    <p class='ocr_par' dir='ltr' id='par_1_90' title="bbox 2283 3087 3879 3169">
     <span class='ocr_line' id='line_1_90' title="bbox 2283 3087 3879 3169; baseline -0.009 -18"><span class='ocrx_word' id='word_1_706' title='bbox 2283 3100 2525 3169; x_wconf 79' lang='lat' dir='ltr'><strong>Ityssopo,</strong></span> <span class='ocrx_word' id='word_1_707' title='bbox 2548 3097 2716 3164; x_wconf 88' lang='lat' dir='ltr'><strong>ipsum</strong></span> <span class='ocrx_word' id='word_1_708' title='bbox 2745 3094 2932 3147; x_wconf 81' lang='lat' dir='ltr'><strong>librant</strong></span> <span class='ocrx_word' id='word_1_709' title='bbox 2958 3102 3003 3145; x_wconf 89' lang='lat' dir='ltr'><strong>et</strong></span> <span class='ocrx_word' id='word_1_710' title='bbox 3029 3105 3227 3143; x_wconf 87' lang='lat' dir='ltr'><strong>omnem</strong></span> <span class='ocrx_word' id='word_1_711' title='bbox 3251 3088 3498 3158; x_wconf 81' lang='lat' dir='ltr'><strong>populum</strong></span> <span class='ocrx_word' id='word_1_712' title='bbox 3523 3087 3879 3153; x_wconf 69' lang='lat' dir='ltr'><strong>aspersit,90.</strong></span> 
     </span>
    </p>
   </div>
   <div class='ocr_carea' id='block_1_91' title="bbox 2282 3176 3881 3253">
    <p class='ocr_par' dir='ltr' id='par_1_91' title="bbox 2282 3176 3881 3253">
     <span class='ocr_line' id='line_1_91' title="bbox 2282 3176 3881 3253; baseline -0.006 -12"><span class='ocrx_word' id='word_1_713' title='bbox 2282 3188 2457 3241; x_wconf 86' lang='lat' dir='ltr'><strong>dicens</strong></span> <span class='ocrx_word' id='word_1_714' title='bbox 2486 3202 2505 3240; x_wconf 90' lang='lat'><strong><em>:</em></strong></span> <span class='ocrx_word' id='word_1_715' title='bbox 2541 3184 2644 3239; x_wconf 80' lang='lat' dir='ltr'><strong>llic</strong></span> <span class='ocrx_word' id='word_1_716' title='bbox 2683 3184 2892 3253; x_wconf 82' lang='lat' dir='ltr'><strong>sanguis</strong></span> <span class='ocrx_word' id='word_1_717' title='bbox 2920 3180 3205 3234; x_wconf 84' lang='lat' dir='ltr'><strong>testamenti</strong></span> <span class='ocrx_word' id='word_1_718' title='bbox 3234 3178 3369 3247; x_wconf 87' lang='lat' dir='ltr'><strong>quod</strong></span> <span class='ocrx_word' id='word_1_719' title='bbox 3398 3176 3657 3230; x_wconf 85' lang='lat' dir='ltr'><strong>mandavit</strong></span> <span class='ocrx_word' id='word_1_720' title='bbox 3698 3176 3769 3229; x_wconf 87' lang='lat' dir='ltr'><strong>ad</strong></span> <span class='ocrx_word' id='word_1_721' title='bbox 3798 3192 3881 3231; x_wconf 72' lang='lat' dir='ltr'><strong>tros</strong></span> 
     </span>
    </p>
   </div>
   <div class='ocr_carea' id='block_1_92' title="bbox 2290 3268 3880 3344">
    <p class='ocr_par' dir='ltr' id='par_1_92' title="bbox 2290 3268 3880 3344">
     <span class='ocr_line' id='line_1_92' title="bbox 2290 3268 3880 3344; baseline -0.008 -11"><span class='ocrx_word' id='word_1_722' title='bbox 2290 3279 2446 3333; x_wconf 87' lang='lat' dir='ltr'><strong>Deus.</strong></span> <span class='ocrx_word' id='word_1_723' title='bbox 2478 3277 2719 3344; x_wconf 89' lang='lat' dir='ltr'><strong>Quanam</strong></span> <span class='ocrx_word' id='word_1_724' title='bbox 2752 3289 2884 3344; x_wconf 83' lang='lat' dir='ltr'><strong>ergo</strong></span> <span class='ocrx_word' id='word_1_725' title='bbox 2924 3272 2991 3326; x_wconf 86' lang='lat' dir='ltr'><strong>de</strong></span> <span class='ocrx_word' id='word_1_726' title='bbox 3039 3285 3226 3332; x_wconf 87' lang='lat' dir='ltr'><strong>causa,</strong></span> <span class='ocrx_word' id='word_1_727' title='bbox 3250 3268 3340 3324; x_wconf 90' lang='lat' dir='ltr'><strong>dic</strong></span> <span class='ocrx_word' id='word_1_728' title='bbox 3386 3268 3542 3333; x_wconf 89' lang='lat' dir='ltr'><strong>mihi,</strong></span> <span class='ocrx_word' id='word_1_729' title='bbox 3575 3269 3880 3339; x_wconf 84' lang='lat' dir='ltr'><strong>aspergitur</strong></span> 
     </span>
    </p>
   </div>
   <div class='ocr_carea' id='block_1_93' title="bbox 2280 3359 3882 3435">
    <p class='ocr_par' dir='ltr' id='par_1_93' title="bbox 2280 3359 3882 3435">
     <span class='ocr_line' id='line_1_93' title="bbox 2280 3359 3882 3435; baseline -0.007 -11"><span class='ocrx_word' id='word_1_730' title='bbox 2280 3370 2419 3424; x_wconf 85' lang='lat' dir='ltr'><strong>liber</strong></span> <span class='ocrx_word' id='word_1_731' title='bbox 2468 3368 2774 3422; x_wconf 89' lang='lat' dir='ltr'><strong>testamenti</strong></span> <span class='ocrx_word' id='word_1_732' title='bbox 2809 3375 2862 3420; x_wconf 89' lang='lat' dir='ltr'><strong>et</strong></span> <span class='ocrx_word' id='word_1_733' title='bbox 2922 3364 3169 3435; x_wconf 90' lang='lat' dir='ltr'><strong>populus,</strong></span> <span class='ocrx_word' id='word_1_734' title='bbox 3207 3376 3365 3431; x_wconf 86' lang='lat' dir='ltr'><strong>quam</strong></span> <span class='ocrx_word' id='word_1_735' title='bbox 3410 3359 3553 3431; x_wconf 91' lang='lat' dir='ltr'><strong>quod</strong></span> <span class='ocrx_word' id='word_1_736' title='bbox 3607 3361 3882 3430; x_wconf 88' lang='lat' dir='ltr'><strong>pretiosus</strong></span> 
     </span>
    </p>
   </div>
   <div class='ocr_carea' id='block_1_94' title="bbox 2280 3452 3881 3531">
    <p class='ocr_par' dir='ltr' id='par_1_94' title="bbox 2280 3452 3881 3531">
     <span class='ocr_line' id='line_1_94' title="bbox 2280 3452 3881 3531; baseline -0.005 -16"><span class='ocrx_word' id='word_1_737' title='bbox 2280 3462 2498 3531; x_wconf 86' lang='lat' dir='ltr'><strong>sanguis</strong></span> <span class='ocrx_word' id='word_1_738' title='bbox 2549 3460 2733 3514; x_wconf 90' lang='lat' dir='ltr'><strong>multis</strong></span> <span class='ocrx_word' id='word_1_739' title='bbox 2782 3458 3064 3511; x_wconf 89' lang='lat' dir='ltr'><strong>retroactis</strong></span> <span class='ocrx_word' id='word_1_740' title='bbox 3113 3456 3328 3510; x_wconf 71' lang='lat' dir='ltr'><strong>saeculis</strong></span> <span class='ocrx_word' id='word_1_741' title='bbox 3380 3452 3733 3524; x_wconf 79' lang='lat' dir='ltr'><strong>ﬁgurabatur.</strong></span> <span class='ocrx_word' id='word_1_742' title='bbox 3774 3452 3881 3507; x_wconf 85' lang='lat' dir='ltr'><strong>Cur</strong></span> 
     </span>
    </p>
   </div>
   <div class='ocr_carea' id='block_1_95' title="bbox 2280 3544 3877 3625">
    <p class='ocr_par' dir='ltr' id='par_1_95' title="bbox 2280 3544 3877 3625">
     <span class='ocr_line' id='line_1_95' title="bbox 2280 3544 3877 3625; baseline -0.006 -19"><span class='ocrx_word' id='word_1_743' title='bbox 2280 3550 2557 3625; x_wconf 85' lang='lat' dir='ltr'><strong>hyssopo?</strong></span> <span class='ocrx_word' id='word_1_744' title='bbox 2619 3550 2753 3619; x_wconf 87' lang='lat' dir='ltr'><strong>Quia</strong></span> <span class='ocrx_word' id='word_1_745' title='bbox 2810 3549 3039 3604; x_wconf 90' lang='lat' dir='ltr'><strong>densum</strong></span> <span class='ocrx_word' id='word_1_746' title='bbox 3097 3556 3153 3602; x_wconf 91' lang='lat' dir='ltr'><strong>et</strong></span> <span class='ocrx_word' id='word_1_747' title='bbox 3210 3555 3452 3600; x_wconf 87' lang='lat' dir='ltr'><strong>tenerum</strong></span> <span class='ocrx_word' id='word_1_748' title='bbox 3486 3584 3500 3609; x_wconf 93' lang='lat'><strong>,</strong></span> <span class='ocrx_word' id='word_1_749' title='bbox 3559 3544 3877 3613; x_wconf 84' lang='lat' dir='ltr'><strong>sanguinem</strong></span> 
     </span>
    </p>
   </div>
   <div class='ocr_carea' id='block_1_96' title="bbox 2278 3636 3879 3709">
    <p class='ocr_par' dir='ltr' id='par_1_96' title="bbox 2278 3636 3879 3709">
     <span class='ocr_line' id='line_1_96' title="bbox 2278 3636 3879 3709; baseline -0.003 -13"><span class='ocrx_word' id='word_1_750' title='bbox 2278 3644 2604 3697; x_wconf 84' lang='lat' dir='ltr'><strong>continebat.</strong></span> <span class='ocrx_word' id='word_1_751' title='bbox 2646 3640 2783 3709; x_wconf 87' lang='lat' dir='ltr'><strong>Quid</strong></span> <span class='ocrx_word' id='word_1_752' title='bbox 2837 3655 2968 3695; x_wconf 77' lang='lat' dir='ltr'><strong>vero</strong></span> <span class='ocrx_word' id='word_1_753' title='bbox 3022 3638 3197 3708; x_wconf 87' lang='lat' dir='ltr'><strong>aqua?</strong></span> <span class='ocrx_word' id='word_1_754' title='bbox 3225 3637 3471 3691; x_wconf 89' lang='lat' dir='ltr'><strong>Ostendit</strong></span> <span class='ocrx_word' id='word_1_755' title='bbox 3519 3636 3621 3690; x_wconf 92' lang='lat' dir='ltr'><strong>hoc</strong></span> <span class='ocrx_word' id='word_1_756' title='bbox 3663 3651 3879 3707; x_wconf 89' lang='lat' dir='ltr'><strong>quoque</strong></span> 
     </span>
    </p>
   </div>
   <div class='ocr_carea' id='block_1_97' title="bbox 2268 3726 3880 3798">
    <p class='ocr_par' dir='ltr' id='par_1_97' title="bbox 2268 3726 3880 3798">
     <span class='ocr_line' id='line_1_97' title="bbox 2268 3726 3880 3798; baseline -0.001 -17"><span class='ocrx_word' id='word_1_757' title='bbox 2268 3744 2390 3798; x_wconf 73' lang='lat' dir='ltr'><strong>qute</strong></span> <span class='ocrx_word' id='word_1_758' title='bbox 2434 3729 2492 3782; x_wconf 90' lang='lat' dir='ltr'><strong>ﬁt</strong></span> <span class='ocrx_word' id='word_1_759' title='bbox 2522 3744 2618 3798; x_wconf 91' lang='lat' dir='ltr'><strong>per</strong></span> <span class='ocrx_word' id='word_1_760' title='bbox 2656 3743 2848 3797; x_wconf 87' lang='lat' dir='ltr'><strong>aquam</strong></span> <span class='ocrx_word' id='word_1_761' title='bbox 2898 3728 3326 3783; x_wconf 80' lang='lat' dir='ltr'><strong>mundationem.</strong></span> <span class='ocrx_word' id='word_1_762' title='bbox 3368 3726 3505 3792; x_wconf 87' lang='lat' dir='ltr'><strong>Quid</strong></span> <span class='ocrx_word' id='word_1_763' title='bbox 3538 3741 3667 3781; x_wconf 82' lang='lat' dir='ltr'><strong>vero</strong></span> <span class='ocrx_word' id='word_1_764' title='bbox 3716 3728 3880 3780; x_wconf 76' lang='lat' dir='ltr'><strong>la’na?</strong></span> 
     </span>
    </p>
   </div>
   <div class='ocr_carea' id='block_1_98' title="bbox 2269 3816 3881 3889">
    <p class='ocr_par' dir='ltr' id='par_1_98' title="bbox 2269 3816 3881 3889">
     <span class='ocr_line' id='line_1_98' title="bbox 2269 3816 3881 3889; baseline -0.002 -16"><span class='ocrx_word' id='word_1_765' title='bbox 2269 3819 2339 3873; x_wconf 90' lang='lat' dir='ltr'><strong>Et</strong></span> <span class='ocrx_word' id='word_1_766' title='bbox 2389 3818 2501 3873; x_wconf 78' lang='lat' dir='ltr'><strong>htcc</strong></span> <span class='ocrx_word' id='word_1_767' title='bbox 2529 3834 2761 3889; x_wconf 86' lang='lat' dir='ltr'><strong>quoque,</strong></span> <span class='ocrx_word' id='word_1_768' title='bbox 2810 3828 2868 3871; x_wconf 91' lang='lat' dir='ltr'><strong>ut</strong></span> <span class='ocrx_word' id='word_1_769' title='bbox 2905 3820 3276 3873; x_wconf 88' lang='lat' dir='ltr'><strong>contineretur</strong></span> <span class='ocrx_word' id='word_1_770' title='bbox 3321 3817 3561 3886; x_wconf 84' lang='lat' dir='ltr'><strong>sanguis.</strong></span> <span class='ocrx_word' id='word_1_771' title='bbox 3601 3816 3749 3871; x_wconf 86' lang='lat' dir='ltr'><strong>Idem</strong></span> <span class='ocrx_word' id='word_1_772' title='bbox 3795 3816 3881 3870; x_wconf 87' lang='lat' dir='ltr'><strong>hic</strong></span> 
     </span>
    </p>
   </div>
   <div class='ocr_carea' id='block_1_99' title="bbox 2270 3908 3878 3980">
    <p class='ocr_par' dir='ltr' id='par_1_99' title="bbox 2270 3908 3878 3980">
     <span class='ocr_line' id='line_1_99' title="bbox 2270 3908 3878 3980; baseline -0.003 -16"><span class='ocrx_word' id='word_1_773' title='bbox 2270 3909 2507 3964; x_wconf 81' lang='lat' dir='ltr'><strong>ostendit</strong></span> <span class='ocrx_word' id='word_1_774' title='bbox 2534 3924 2655 3963; x_wconf 82' lang='lat' dir='ltr'><strong>esse</strong></span> <span class='ocrx_word' id='word_1_775' title='bbox 2697 3910 3010 3980; x_wconf 88' lang='lat' dir='ltr'><strong>sanguinem</strong></span> <span class='ocrx_word' id='word_1_776' title='bbox 3058 3917 3112 3963; x_wconf 84' lang='lat' dir='ltr'><strong>et</strong></span> <span class='ocrx_word' id='word_1_777' title='bbox 3142 3924 3335 3978; x_wconf 86' lang='lat' dir='ltr'><strong>aquam</strong></span> <span class='ocrx_word' id='word_1_778' title='bbox 3373 3926 3385 3960; x_wconf 95' lang='lat'>:</span> <span class='ocrx_word' id='word_1_779' title='bbox 3427 3908 3694 3975; x_wconf 85' lang='lat' dir='ltr'><strong>baptisma</strong></span> <span class='ocrx_word' id='word_1_780' title='bbox 3732 3909 3878 3961; x_wconf 82' lang='lat' dir='ltr'><strong>enim</strong></span> 
     </span>
    </p>
   </div>
   <div class='ocr_carea' id='block_1_100' title="bbox 2277 4000 3878 4072">
    <p class='ocr_par' dir='ltr' id='par_1_100' title="bbox 2277 4000 3878 4072">
     <span class='ocr_line' id='line_1_100' title="bbox 2277 4000 3878 4072; baseline -0.002 -16"><span class='ocrx_word' id='word_1_781' title='bbox 2277 4011 2363 4056; x_wconf 89' lang='lat' dir='ltr'><strong>est</strong></span> <span class='ocrx_word' id='word_1_782' title='bbox 2404 4002 2520 4071; x_wconf 87' lang='lat' dir='ltr'><strong>ejus</strong></span> <span class='ocrx_word' id='word_1_783' title='bbox 2573 4002 2838 4071; x_wconf 86' lang='lat' dir='ltr'><strong>passionis</strong></span> <span class='ocrx_word' id='word_1_784' title='bbox 2891 4001 3215 4072; x_wconf 86' lang='lat' dir='ltr'><strong>symbolum.</strong></span> <span class='ocrx_word' id='word_1_785' title='bbox 3266 4000 3356 4056; x_wconf 75' lang='lat'><strong>2-1.</strong></span> <span class='ocrx_word' id='word_1_786' title='bbox 3419 4000 3590 4055; x_wconf 83' lang='lat' dir='ltr'><strong>Etiam</strong></span> <span class='ocrx_word' id='word_1_787' title='bbox 3638 4002 3878 4054; x_wconf 83' lang='lat' dir='ltr'><strong>taberna-</strong></span> 
     </span>
    </p>
   </div>
   <div class='ocr_carea' id='block_1_101' title="bbox 2282 4094 3881 4165">
    <p class='ocr_par' dir='ltr' id='par_1_101' title="bbox 2282 4094 3881 4165">
     <span class='ocr_line' id='line_1_101' title="bbox 2282 4094 3881 4165; baseline 0 -18"><span class='ocrx_word' id='word_1_788' title='bbox 2282 4095 2455 4147; x_wconf 86' lang='lat' dir='ltr'><strong>culum</strong></span> <span class='ocrx_word' id='word_1_789' title='bbox 2507 4104 2553 4147; x_wconf 84' lang='lat' dir='ltr'><strong>et</strong></span> <span class='ocrx_word' id='word_1_790' title='bbox 2604 4094 2774 4147; x_wconf 86' lang='lat' dir='ltr'><strong>omnia</strong></span> <span class='ocrx_word' id='word_1_791' title='bbox 2835 4111 2955 4147; x_wconf 83' lang='lat' dir='ltr'><strong>vasa</strong></span> <span class='ocrx_word' id='word_1_792' title='bbox 3016 4096 3282 4148; x_wconf 85' lang='lat' dir='ltr'><strong>ministerii</strong></span> <span class='ocrx_word' id='word_1_793' title='bbox 3332 4095 3584 4165; x_wconf 86' lang='lat' dir='ltr'><strong>sanguine</strong></span> <span class='ocrx_word' id='word_1_794' title='bbox 3644 4096 3881 4148; x_wconf 87' lang='lat' dir='ltr'><strong>similiter</strong></span> 
     </span>
    </p>
   </div>
   <div class='ocr_carea' id='block_1_102' title="bbox 2272 4185 3880 4257">
    <p class='ocr_par' dir='ltr' id='par_1_102' title="bbox 2272 4185 3880 4257">
     <span class='ocr_line' id='line_1_102' title="bbox 2272 4185 3880 4257; baseline -0.001 -18"><span class='ocrx_word' id='word_1_795' title='bbox 2272 4189 2515 4257; x_wconf 86' lang='lat' dir='ltr'><strong>aspergit.</strong></span> <span class='ocrx_word' id='word_1_796' title='bbox 2562 4186 2655 4240; x_wconf 70' lang='grc'><strong>22.</strong></span> <span class='ocrx_word' id='word_1_797' title='bbox 2690 4185 2758 4240; x_wconf 84' lang='lat' dir='ltr'><strong>Et</strong></span> <span class='ocrx_word' id='word_1_798' title='bbox 2809 4188 2982 4241; x_wconf 86' lang='lat' dir='ltr'><strong>omnia</strong></span> <span class='ocrx_word' id='word_1_799' title='bbox 3026 4202 3155 4255; x_wconf 85' lang='lat' dir='ltr'><strong>pene</strong></span> <span class='ocrx_word' id='word_1_800' title='bbox 3192 4188 3245 4239; x_wconf 88' lang='lat' dir='ltr'><strong>in</strong></span> <span class='ocrx_word' id='word_1_801' title='bbox 3290 4186 3540 4255; x_wconf 84' lang='lat' dir='ltr'><strong>sanguine</strong></span> <span class='ocrx_word' id='word_1_802' title='bbox 3598 4188 3880 4239; x_wconf 82' lang='lat' dir='ltr'><strong>secundum</strong></span> 
     </span>
    </p>
   </div>
   <div class='ocr_carea' id='block_1_103' title="bbox 2278 4274 3883 4348">
    <p class='ocr_par' dir='ltr' id='par_1_103' title="bbox 2278 4274 3883 4348">
     <span class='ocr_line' id='line_1_103' title="bbox 2278 4274 3883 4348; baseline -0.002 -18"><span class='ocrx_word' id='word_1_803' title='bbox 2278 4278 2435 4348; x_wconf 86' lang='lat' dir='ltr'><strong>legem</strong></span> <span class='ocrx_word' id='word_1_804' title='bbox 2463 4280 2792 4343; x_wconf 77' lang='lat' dir='ltr'><strong>mandantur,</strong></span> <span class='ocrx_word' id='word_1_805' title='bbox 2840 4286 2886 4331; x_wconf 86' lang='lat' dir='ltr'><strong>et</strong></span> <span class='ocrx_word' id='word_1_806' title='bbox 2927 4278 3034 4330; x_wconf 84' lang='lat' dir='ltr'><strong>sine</strong></span> <span class='ocrx_word' id='word_1_807' title='bbox 3079 4278 3341 4347; x_wconf 83' lang='lat' dir='ltr'><strong>sanguinis</strong></span> <span class='ocrx_word' id='word_1_808' title='bbox 3380 4274 3629 4343; x_wconf 77' lang='lat' dir='ltr'><strong>effusione</strong></span> <span class='ocrx_word' id='word_1_809' title='bbox 3672 4294 3777 4330; x_wconf 85' lang='lat' dir='ltr'><strong>non</strong></span> <span class='ocrx_word' id='word_1_810' title='bbox 3826 4277 3883 4344; x_wconf 86' lang='lat' dir='ltr'><strong>ﬁt</strong></span> 
     </span>
    </p>
   </div>
   <div class='ocr_carea' id='block_1_104' title="bbox 2273 4367 3878 4438">
    <p class='ocr_par' dir='ltr' id='par_1_104' title="bbox 2273 4367 3878 4438">
     <span class='ocr_line' id='line_1_104' title="bbox 2273 4367 3878 4438; baseline 0.002 -17"><span class='ocrx_word' id='word_1_811' title='bbox 2273 4370 2522 4423; x_wconf 82' lang='lat' dir='ltr'><strong>remissio.</strong></span> <span class='ocrx_word' id='word_1_812' title='bbox 2564 4369 2672 4424; x_wconf 90' lang='lat' dir='ltr'><strong>Cur</strong></span> <span class='ocrx_word' id='word_1_813' title='bbox 2702 4370 2853 4434; x_wconf 88' lang='lat' dir='ltr'><strong>illud,</strong></span> <span class='ocrx_word' id='word_1_814' title='bbox 2884 4367 3060 4422; x_wconf 84' lang='lat' dir='ltr'><strong>Pene?</strong></span> <span class='ocrx_word' id='word_1_815' title='bbox 3106 4384 3202 4423; x_wconf 88' lang='lat' dir='ltr'><strong>cur</strong></span> <span class='ocrx_word' id='word_1_816' title='bbox 3234 4370 3283 4423; x_wconf 90' lang='lat' dir='ltr'><strong>id</strong></span> <span class='ocrx_word' id='word_1_817' title='bbox 3312 4368 3390 4423; x_wconf 89' lang='lat' dir='ltr'><strong>sic</strong></span> <span class='ocrx_word' id='word_1_818' title='bbox 3431 4370 3700 4423; x_wconf 84' lang='lat' dir='ltr'><strong>correxit?</strong></span> <span class='ocrx_word' id='word_1_819' title='bbox 3729 4371 3878 4438; x_wconf 83' lang='lat' dir='ltr'><strong>Quo-</strong></span> 
     </span>
    </p>
   </div>
   <div class='ocr_carea' id='block_1_105' title="bbox 2276 4460 3881 4531">
    <p class='ocr_par' dir='ltr' id='par_1_105' title="bbox 2276 4460 3881 4531">
     <span class='ocr_line' id='line_1_105' title="bbox 2276 4460 3881 4531; baseline 0.002 -18"><span class='ocrx_word' id='word_1_820' title='bbox 2276 4460 2417 4513; x_wconf 87' lang='lat' dir='ltr'><strong>niam</strong></span> <span class='ocrx_word' id='word_1_821' title='bbox 2461 4461 2545 4513; x_wconf 89' lang='lat' dir='ltr'><strong>illa</strong></span> <span class='ocrx_word' id='word_1_822' title='bbox 2584 4476 2686 4514; x_wconf 93' lang='lat' dir='ltr'><strong>non</strong></span> <span class='ocrx_word' id='word_1_823' title='bbox 2738 4472 2891 4515; x_wconf 90' lang='lat' dir='ltr'><strong>erant</strong></span> <span class='ocrx_word' id='word_1_824' title='bbox 2919 4460 3153 4530; x_wconf 78' lang='lat' dir='ltr'><strong>perfecta</strong></span> <span class='ocrx_word' id='word_1_825' title='bbox 3196 4461 3499 4527; x_wconf 86' lang='lat' dir='ltr'><strong>mundatio,</strong></span> <span class='ocrx_word' id='word_1_826' title='bbox 3547 4478 3723 4531; x_wconf 90' lang='lat' dir='ltr'><strong>neque</strong></span> <span class='ocrx_word' id='word_1_827' title='bbox 3762 4479 3881 4531; x_wconf 82' lang='lat' dir='ltr'><strong>pcr-</strong></span> 
     </span>
    </p>
   </div>
   <div class='ocr_carea' id='block_1_106' title="bbox 2278 4551 3878 4624">
    <p class='ocr_par' dir='ltr' id='par_1_106' title="bbox 2278 4551 3878 4624">
     <span class='ocr_line' id='line_1_106' title="bbox 2278 4551 3878 4624; baseline 0.003 -21"><span class='ocrx_word' id='word_1_828' title='bbox 2278 4551 2414 4605; x_wconf 73' lang='lat' dir='ltr'><strong>fecta</strong></span> <span class='ocrx_word' id='word_1_829' title='bbox 2448 4552 2715 4614; x_wconf 84' lang='lat' dir='ltr'><strong>remissio,</strong></span> <span class='ocrx_word' id='word_1_830' title='bbox 2738 4552 2830 4605; x_wconf 89' lang='lat' dir='ltr'><strong>sed</strong></span> <span class='ocrx_word' id='word_1_831' title='bbox 2856 4552 3256 4621; x_wconf 77' lang='lat' dir='ltr'><strong>semiperfecta,</strong></span> <span class='ocrx_word' id='word_1_832' title='bbox 3277 4565 3332 4607; x_wconf 91' lang='lat' dir='ltr'><strong>et</strong></span> <span class='ocrx_word' id='word_1_833' title='bbox 3362 4554 3411 4607; x_wconf 91' lang='lat' dir='ltr'><strong>in</strong></span> <span class='ocrx_word' id='word_1_834' title='bbox 3444 4554 3663 4607; x_wconf 89' lang='lat' dir='ltr'><strong>minima</strong></span> <span class='ocrx_word' id='word_1_835' title='bbox 3694 4564 3878 4624; x_wconf 86' lang='lat' dir='ltr'><strong>parte:</strong></span> 
     </span>
    </p>
   </div>
   <div class='ocr_carea' id='block_1_107' title="bbox 2279 4642 3880 4714">
    <p class='ocr_par' dir='ltr' id='par_1_107' title="bbox 2279 4642 3880 4714">
     <span class='ocr_line' id='line_1_107' title="bbox 2279 4642 3880 4714; baseline 0.004 -21"><span class='ocrx_word' id='word_1_836' title='bbox 2279 4642 2362 4695; x_wconf 89' lang='lat' dir='ltr'><strong>hic</strong></span> <span class='ocrx_word' id='word_1_837' title='bbox 2391 4651 2592 4709; x_wconf 89' lang='lat' dir='ltr'><strong>autem,</strong></span> <span class='ocrx_word' id='word_1_838' title='bbox 2649 4642 2746 4695; x_wconf 81' lang='lat' dir='ltr'><strong>Hic</strong></span> <span class='ocrx_word' id='word_1_839' title='bbox 2780 4654 2875 4709; x_wconf 84' lang='lat' dir='ltr'><strong>est,</strong></span> <span class='ocrx_word' id='word_1_840' title='bbox 2923 4644 3117 4713; x_wconf 85' lang='lat' dir='ltr'><strong>inquit,</strong></span> <span class='ocrx_word' id='word_1_841' title='bbox 3150 4647 3361 4714; x_wconf 81' lang='lat' dir='ltr'><strong>sanguis</strong></span> <span class='ocrx_word' id='word_1_842' title='bbox 3408 4645 3522 4697; x_wconf 78' lang='lat' dir='ltr'><strong>novi</strong></span> <span class='ocrx_word' id='word_1_843' title='bbox 3573 4648 3880 4711; x_wconf 85' lang='lat' dir='ltr'><strong>testamenti,</strong></span> 
     </span>
    </p>
   </div>
   <div class='ocr_carea' id='block_1_108' title="bbox 2276 4733 3884 4806">
    <p class='ocr_par' dir='ltr' id='par_1_108' title="bbox 2276 4733 3884 4806">
     <span class='ocr_line' id='line_1_108' title="bbox 2276 4733 3884 4806; baseline 0.004 -22"><span class='ocrx_word' id='word_1_844' title='bbox 2276 4735 2361 4803; x_wconf 81' lang='lat' dir='ltr'><strong>qui</strong></span> <span class='ocrx_word' id='word_1_845' title='bbox 2411 4750 2503 4802; x_wconf 87' lang='lat' dir='ltr'><strong>pro</strong></span> <span class='ocrx_word' id='word_1_846' title='bbox 2548 4733 2683 4786; x_wconf 88' lang='lat' dir='ltr'><strong>vobis</strong></span> <span class='ocrx_word' id='word_1_847' title='bbox 2722 4733 3001 4801; x_wconf 63' lang='lat' dir='ltr'><strong>effunditur</strong></span> <span class='ocrx_word' id='word_1_848' title='bbox 3046 4737 3098 4789; x_wconf 83' lang='lat' dir='ltr'><strong>in</strong></span> <span class='ocrx_word' id='word_1_849' title='bbox 3150 4736 3503 4789; x_wconf 84' lang='lat' dir='ltr'><strong>remissionem</strong></span> <span class='ocrx_word' id='word_1_850' title='bbox 3551 4752 3884 4806; x_wconf 69' lang='lat' dir='ltr'><strong>peccatorum</strong></span> 
     </span>
    </p>
   </div>
   <div class='ocr_carea' id='block_1_109' title="bbox 2278 4824 3883 4897">
    <p class='ocr_par' dir='ltr' id='par_1_109' title="bbox 2278 4824 3883 4897">
     <span class='ocr_line' id='line_1_109' title="bbox 2278 4824 3883 4897; baseline 0.006 -22"><span class='ocrx_word' id='word_1_851' title='bbox 2278 4824 2492 4892; x_wconf 78' lang='lat' dir='ltr'><strong>(Jlattli.</strong></span> <span class='ocrx_word' id='word_1_852' title='bbox 2537 4825 2629 4879; x_wconf 69' lang='lat'><strong>26.</strong></span> <span class='ocrx_word' id='word_1_853' title='bbox 2663 4826 2776 4894; x_wconf 72' lang='lat'><strong>28).</strong></span> <span class='ocrx_word' id='word_1_854' title='bbox 2812 4825 2909 4880; x_wconf 86' lang='lat' dir='ltr'><strong>Ubi</strong></span> <span class='ocrx_word' id='word_1_855' title='bbox 2946 4828 3103 4897; x_wconf 88' lang='lat' dir='ltr'><strong>igitur</strong></span> <span class='ocrx_word' id='word_1_856' title='bbox 3134 4828 3267 4881; x_wconf 90' lang='lat' dir='ltr'><strong>liber</strong></span> <span class='ocrx_word' id='word_1_857' title='bbox 3309 4828 3622 4882; x_wconf 81' lang='lat' dir='ltr'><strong>einundavit</strong></span> <span class='ocrx_word' id='word_1_858' title='bbox 3669 4830 3883 4885; x_wconf 75' lang='lat' dir='ltr'><strong>iliorum</strong></span> 
     </span>
    </p>
   </div>
   <div class='ocr_carea' id='block_1_110' title="bbox 2280 4917 3883 4986">
    <p class='ocr_par' dir='ltr' id='par_1_110' title="bbox 2280 4917 3883 4986">
     <span class='ocr_line' id='line_1_110' title="bbox 2280 4917 3883 4986; baseline 0.003 -16"><span class='ocrx_word' id='word_1_859' title='bbox 2280 4917 2529 4970; x_wconf 80' lang='lat' dir='ltr'><strong>tuentes?</strong></span> <span class='ocrx_word' id='word_1_860' title='bbox 2560 4917 2659 4986; x_wconf 40' lang='lat' dir='ltr'><strong>Ipsi</strong></span> <span class='ocrx_word' id='word_1_861' title='bbox 2693 4928 2846 4971; x_wconf 87' lang='lat' dir='ltr'><strong>erant</strong></span> <span class='ocrx_word' id='word_1_862' title='bbox 2874 4918 2996 4971; x_wconf 88' lang='lat' dir='ltr'><strong>libri</strong></span> <span class='ocrx_word' id='word_1_863' title='bbox 3029 4920 3153 4972; x_wconf 73' lang='lat' dir='ltr'><strong>novi</strong></span> <span class='ocrx_word' id='word_1_864' title='bbox 3186 4920 3544 4974; x_wconf 82' lang='lat' dir='ltr'><strong>Tcslamenti.</strong></span> <span class='ocrx_word' id='word_1_865' title='bbox 3573 4919 3676 4975; x_wconf 88' lang='lat' dir='ltr'><strong>Ubi</strong></span> <span class='ocrx_word' id='word_1_866' title='bbox 3707 4934 3883 4978; x_wconf 83' lang='lat' dir='ltr'><strong>autem</strong></span> 
     </span>
    </p>
   </div>
   <div class='ocr_carea' id='block_1_111' title="bbox 2285 5012 3887 5085">
    <p class='ocr_par' dir='ltr' id='par_1_111' title="bbox 2285 5012 3887 5085">
     <span class='ocr_line' id='line_1_111' title="bbox 2285 5012 3887 5085; baseline 0.004 -22"><span class='ocrx_word' id='word_1_867' title='bbox 2285 5028 2407 5063; x_wconf 70' lang='lat' dir='ltr'><strong>Vasa</strong></span> <span class='ocrx_word' id='word_1_868' title='bbox 2442 5013 2766 5065; x_wconf 85' lang='lat' dir='ltr'><strong>ministerii?</strong></span> <span class='ocrx_word' id='word_1_869' title='bbox 2797 5012 2902 5081; x_wconf 89' lang='lat' dir='ltr'><strong>Ipsi</strong></span> <span class='ocrx_word' id='word_1_870' title='bbox 2947 5024 3093 5066; x_wconf 87' lang='lat' dir='ltr'><strong>sunt.</strong></span> <span class='ocrx_word' id='word_1_871' title='bbox 3128 5012 3227 5067; x_wconf 77' lang='lat' dir='ltr'><strong>Ubi</strong></span> <span class='ocrx_word' id='word_1_872' title='bbox 3277 5014 3731 5068; x_wconf 87' lang='lat' dir='ltr'><strong>tabernaculum?</strong></span> <span class='ocrx_word' id='word_1_873' title='bbox 3785 5017 3887 5085; x_wconf 60' lang='lat' dir='ltr'><strong>Ipsi</strong></span> 
     </span>
    </p>
   </div>
   <div class='ocr_carea' id='block_1_112' title="bbox 2279 5085 3885 5175">
    <p class='ocr_par' dir='ltr' id='par_1_112' title="bbox 2279 5085 3885 5175">
     <span class='ocr_line' id='line_1_112' title="bbox 2279 5085 3885 5175; baseline 0.002 -19"><span class='ocrx_word' id='word_1_874' title='bbox 2279 5112 2404 5156; x_wconf 85' lang='lat' dir='ltr'><strong>sunt</strong></span> <span class='ocrx_word' id='word_1_875' title='bbox 2434 5118 2659 5156; x_wconf 88' lang='lat' dir='ltr'><strong>rursus:</strong></span> <span class='ocrx_word' id='word_1_876' title='bbox 2697 5101 3007 5156; x_wconf 78' lang='lat' dir='ltr'><strong>Inlrabitabo</strong></span> <span class='ocrx_word' id='word_1_877' title='bbox 3040 5104 3207 5168; x_wconf 87' lang='lat' dir='ltr'><strong>enim,</strong></span> <span class='ocrx_word' id='word_1_878' title='bbox 3238 5104 3430 5175; x_wconf 89' lang='lat' dir='ltr'><strong>inquit,</strong></span> <span class='ocrx_word' id='word_1_879' title='bbox 3463 5106 3515 5159; x_wconf 85' lang='lat' dir='ltr'><strong>in</strong></span> <span class='ocrx_word' id='word_1_880' title='bbox 3556 5105 3687 5171; x_wconf 86' lang='lat' dir='ltr'><strong>illis,</strong></span> <span class='ocrx_word' id='word_1_881' title='bbox 3719 5118 3769 5161; x_wconf 89' lang='lat' dir='ltr'><strong>et</strong></span> <span class='ocrx_word' id='word_1_882' title='bbox 3804 5085 3885 5160; x_wconf 67' lang='lat' dir='ltr'><strong>iii-</strong></span> 
     </span>
    </p>
   </div>
   <div class='ocr_carea' id='block_1_113' title="bbox 2282 5192 3890 5268">
    <p class='ocr_par' dir='ltr' id='par_1_113' title="bbox 2282 5192 3890 5268">
     <span class='ocr_line' id='line_1_113' title="bbox 2282 5192 3890 5268; baseline 0.004 -23"><span class='ocrx_word' id='word_1_883' title='bbox 2282 5193 2551 5245; x_wconf 82' lang='lat' dir='ltr'><strong>ambulabo</strong></span> <span class='ocrx_word' id='word_1_884' title='bbox 2580 5193 2669 5263; x_wconf 74' lang='lat'><strong>(2.</strong></span> <span class='ocrx_word' id='word_1_885' title='bbox 2697 5192 2815 5247; x_wconf 89' lang='lat' dir='ltr'><strong>Cor.</strong></span> <span class='ocrx_word' id='word_1_886' title='bbox 2844 5193 2895 5248; x_wconf 87' lang='grc'><strong>6.</strong></span> <span class='ocrx_word' id='word_1_887' title='bbox 2931 5195 3053 5263; x_wconf 82' lang='grc'><strong>16).</strong></span> <span class='ocrx_word' id='word_1_888' title='bbox 3093 5196 3160 5247; x_wconf 85' lang='grc' dir='ltr'>Αι</span> <span class='ocrx_word' id='word_1_889' title='bbox 3202 5194 3321 5247; x_wconf 85' lang='lat' dir='ltr'><strong>lana</strong></span> <span class='ocrx_word' id='word_1_890' title='bbox 3365 5196 3618 5249; x_wconf 86' lang='lat' dir='ltr'><strong>coccinea</strong></span> <span class='ocrx_word' id='word_1_891' title='bbox 3660 5206 3715 5251; x_wconf 87' lang='lat' dir='ltr'><strong>et</strong></span> <span class='ocrx_word' id='word_1_892' title='bbox 3758 5197 3890 5268; x_wconf 72' lang='lat' dir='ltr'><strong>hys-</strong></span> 
     </span>
    </p>
   </div>
   <div class='ocr_carea' id='block_1_114' title="bbox 2280 5285 3887 5357">
    <p class='ocr_par' dir='ltr' id='par_1_114' title="bbox 2280 5285 3887 5357">
     <span class='ocr_line' id='line_1_114' title="bbox 2280 5285 3887 5357; baseline 0.003 -19"><span class='ocrx_word' id='word_1_893' title='bbox 2280 5299 2411 5355; x_wconf 83' lang='lat' dir='ltr'><strong>Sopo</strong></span> <span class='ocrx_word' id='word_1_894' title='bbox 2460 5285 2545 5340; x_wconf 90' lang='lat' dir='ltr'><strong>hic</strong></span> <span class='ocrx_word' id='word_1_895' title='bbox 2594 5302 2700 5340; x_wconf 89' lang='lat' dir='ltr'><strong>non</strong></span> <span class='ocrx_word' id='word_1_896' title='bbox 2736 5288 3049 5357; x_wconf 79' lang='lat' dir='ltr'><strong>aspergehat</strong></span> <span class='ocrx_word' id='word_1_897' title='bbox 3083 5306 3093 5338; x_wconf 91' lang='lat'>:</span> <span class='ocrx_word' id='word_1_898' title='bbox 3130 5288 3336 5357; x_wconf 80' lang='lat' dir='ltr'><strong>quare?</strong></span> <span class='ocrx_word' id='word_1_899' title='bbox 3381 5288 3712 5343; x_wconf 85' lang='lat' dir='ltr'><strong>Emundatio</strong></span> <span class='ocrx_word' id='word_1_900' title='bbox 3743 5295 3887 5344; x_wconf 85' lang='lat' dir='ltr'><strong>enim</strong></span> 
     </span>
    </p>
   </div>
   <div class='ocr_carea' id='block_1_115' title="bbox 2282 5381 3884 5454">
    <p class='ocr_par' dir='ltr' id='par_1_115' title="bbox 2282 5381 3884 5454">
     <span class='ocr_line' id='line_1_115' title="bbox 2282 5381 3884 5454; baseline 0.004 -23"><span class='ocrx_word' id='word_1_901' title='bbox 2282 5394 2385 5431; x_wconf 89' lang='lat' dir='ltr'><strong>non</strong></span> <span class='ocrx_word' id='word_1_902' title='bbox 2419 5388 2535 5432; x_wconf 84' lang='lat' dir='ltr'><strong>erat</strong></span> <span class='ocrx_word' id='word_1_903' title='bbox 2564 5382 2881 5447; x_wconf 85' lang='lat' dir='ltr'><strong>corporalis,</strong></span> <span class='ocrx_word' id='word_1_904' title='bbox 2908 5382 2998 5433; x_wconf 85' lang='lat' dir='ltr'><strong>sed</strong></span> <span class='ocrx_word' id='word_1_905' title='bbox 3029 5381 3346 5448; x_wconf 79' lang='lat' dir='ltr'><strong>spiritualis,</strong></span> <span class='ocrx_word' id='word_1_906' title='bbox 3376 5392 3430 5435; x_wconf 88' lang='lat' dir='ltr'><strong>et</strong></span> <span class='ocrx_word' id='word_1_907' title='bbox 3473 5384 3694 5453; x_wconf 86' lang='lat' dir='ltr'><strong>sanguis</strong></span> <span class='ocrx_word' id='word_1_908' title='bbox 3723 5386 3884 5454; x_wconf 73' lang='lat' dir='ltr'><strong>spiti-</strong></span> 
     </span>
    </p>
   </div>
   <div class='ocr_carea' id='block_1_116' title="bbox 2286 5470 3889 5540">
    <p class='ocr_par' dir='ltr' id='par_1_116' title="bbox 2286 5470 3889 5540">
     <span class='ocr_line' id='line_1_116' title="bbox 2286 5470 3889 5540; baseline 0.006 -20"><span class='ocrx_word' id='word_1_909' title='bbox 2286 5470 2467 5522; x_wconf 84' lang='lat' dir='ltr'><strong>tualis.</strong></span> <span class='ocrx_word' id='word_1_910' title='bbox 2504 5471 2825 5536; x_wconf 86' lang='lat' dir='ltr'><strong>Quomodo?</strong></span> <span class='ocrx_word' id='word_1_911' title='bbox 2854 5472 2967 5525; x_wconf 81' lang='lat' dir='ltr'><strong>Non</strong></span> <span class='ocrx_word' id='word_1_912' title='bbox 3006 5489 3069 5525; x_wconf 77' lang='lat' dir='ltr'><strong>ex</strong></span> <span class='ocrx_word' id='word_1_913' title='bbox 3105 5488 3331 5540; x_wconf 79' lang='lat' dir='ltr'><strong>corpore</strong></span> <span class='ocrx_word' id='word_1_914' title='bbox 3364 5474 3518 5527; x_wconf 83' lang='lat' dir='ltr'><strong>[luxit</strong></span> <span class='ocrx_word' id='word_1_915' title='bbox 3547 5476 3889 5529; x_wconf 78' lang='lat' dir='ltr'><strong>irrationabi—</strong></span> 
     </span>
    </p>
   </div>
   <div class='ocr_carea' id='block_1_117' title="bbox 2285 5561 3881 5637">
    <p class='ocr_par' dir='ltr' id='par_1_117' title="bbox 2285 5561 3881 5637">
     <span class='ocr_line' id='line_1_117' title="bbox 2285 5561 3881 5637; baseline 0.004 -23"><span class='ocrx_word' id='word_1_916' title='bbox 2285 5561 2410 5614; x_wconf 73' lang='lat' dir='ltr'><strong>linni</strong></span> <span class='ocrx_word' id='word_1_917' title='bbox 2439 5605 2451 5626; x_wconf 95' lang='lat'><strong>,</strong></span> <span class='ocrx_word' id='word_1_918' title='bbox 2490 5561 2585 5615; x_wconf 83' lang='lat' dir='ltr'><strong>sed</strong></span> <span class='ocrx_word' id='word_1_919' title='bbox 2626 5579 2690 5616; x_wconf 85' lang='lat' dir='ltr'><strong>ex</strong></span> <span class='ocrx_word' id='word_1_920' title='bbox 2736 5577 2961 5631; x_wconf 88' lang='lat' dir='ltr'><strong>corpore</strong></span> <span class='ocrx_word' id='word_1_921' title='bbox 2994 5564 3134 5629; x_wconf 73' lang='lat' dir='ltr'><strong>quod</strong></span> <span class='ocrx_word' id='word_1_922' title='bbox 3186 5575 3428 5633; x_wconf 82' lang='lat' dir='ltr'><strong>paratum</strong></span> <span class='ocrx_word' id='word_1_923' title='bbox 3477 5565 3576 5618; x_wconf 79' lang='lat' dir='ltr'><strong>fuit</strong></span> <span class='ocrx_word' id='word_1_924' title='bbox 3604 5582 3630 5616; x_wconf 87' lang='lat' dir='ltr'><strong>a</strong></span> <span class='ocrx_word' id='word_1_925' title='bbox 3662 5566 3881 5637; x_wconf 84' lang='lat' dir='ltr'><strong>Spiritu.</strong></span> 
     </span>
    </p>
   </div>
   <div class='ocr_carea' id='block_1_118' title="bbox 2284 5656 3890 5729">
    <p class='ocr_par' dir='ltr' id='par_1_118' title="bbox 2284 5656 3890 5729">
     <span class='ocr_line' id='line_1_118' title="bbox 2284 5656 3890 5729; baseline 0.001 -18"><span class='ocrx_word' id='word_1_926' title='bbox 2284 5657 2394 5711; x_wconf 69' lang='grc' dir='ltr'><strong>Περ</strong></span> <span class='ocrx_word' id='word_1_927' title='bbox 2433 5658 2697 5726; x_wconf 75' lang='lat' dir='ltr'><strong>sanguine</strong></span> <span class='ocrx_word' id='word_1_928' title='bbox 2728 5672 2825 5710; x_wconf 89' lang='lat' dir='ltr'><strong>nos</strong></span> <span class='ocrx_word' id='word_1_929' title='bbox 2855 5673 2960 5710; x_wconf 88' lang='lat' dir='ltr'><strong>non</strong></span> <span class='ocrx_word' id='word_1_930' title='bbox 2995 5656 3230 5727; x_wconf 76' lang='lat' dir='ltr'><strong>Moyses,</strong></span> <span class='ocrx_word' id='word_1_931' title='bbox 3260 5658 3355 5711; x_wconf 84' lang='lat' dir='ltr'><strong>sed</strong></span> <span class='ocrx_word' id='word_1_932' title='bbox 3379 5657 3631 5712; x_wconf 86' lang='lat' dir='ltr'><strong>Christus</strong></span> <span class='ocrx_word' id='word_1_933' title='bbox 3660 5664 3890 5729; x_wconf 83' lang='lat' dir='ltr'><strong>aspersit</strong></span> 
     </span>
    </p>
   </div>
   <div class='ocr_carea' id='block_1_119' title="bbox 2285 5750 3891 5822">
    <p class='ocr_par' dir='ltr' id='par_1_119' title="bbox 2285 5750 3891 5822">
     <span class='ocr_line' id='line_1_119' title="bbox 2285 5750 3891 5822; baseline 0.001 -19"><span class='ocrx_word' id='word_1_934' title='bbox 2285 5767 2367 5821; x_wconf 68' lang='lat' dir='ltr'><strong>pet</strong></span> <span class='ocrx_word' id='word_1_935' title='bbox 2412 5750 2629 5804; x_wconf 72' lang='lat' dir='ltr'><strong>verbum</strong></span> <span class='ocrx_word' id='word_1_936' title='bbox 2662 5750 2801 5820; x_wconf 84' lang='lat' dir='ltr'><strong>quod</strong></span> <span class='ocrx_word' id='word_1_937' title='bbox 2855 5751 3053 5806; x_wconf 85' lang='lat' dir='ltr'><strong>dictum</strong></span> <span class='ocrx_word' id='word_1_938' title='bbox 3088 5760 3166 5806; x_wconf 82' lang='lat' dir='ltr'><strong>est</strong></span> <span class='ocrx_word' id='word_1_939' title='bbox 3220 5768 3230 5803; x_wconf 91' lang='lat'><strong>:</strong></span> <span class='ocrx_word' id='word_1_940' title='bbox 3293 5751 3392 5803; x_wconf 70' lang='lat' dir='ltr'><strong>llic</strong></span> <span class='ocrx_word' id='word_1_941' title='bbox 3423 5762 3492 5806; x_wconf 75' lang='lat' dir='ltr'><strong>est</strong></span> <span class='ocrx_word' id='word_1_942' title='bbox 3534 5756 3745 5822; x_wconf 82' lang='lat' dir='ltr'><strong>sanguis</strong></span> <span class='ocrx_word' id='word_1_943' title='bbox 3777 5755 3891 5809; x_wconf 63' lang='grc' dir='ltr'><strong>γιοιηὶ</strong></span> 
     </span>
    </p>
   </div>
  </div>
