4060 6396
647 315 750 370 125

644 432 800 501 μέρει
835 450 847 464 ·
873 433 1104 486 ἐνταῦθα
1134 435 1219 488 δέ⁸
1247 434 1430 493 ,Τοῦτο
1457 434 1521 488 τὸ
1559 430 1723 505 αἷμα,
1749 435 1902 505 φησι,
1946 434 2053 502 τῆς
2078 450 2205 486 και-

639 515 755 582 νῆς
791 515 1099 585 διαθήκης,
1150 519 1215 572 τὸ
1254 518 1404 586 ὑπὲρ
1458 518 1625 588 ὑμῶν
1675 519 2085 589 ἑκχυνόμενον
2127 519 2215 582 εἷς

639 601 859 666 ἄφεσιν
900 599 1214 669 ἁμαρτιῶν.
1250 601 1375 655 Ποῦ
1428 603 1610 656 τοίνυν
1631 603 1692 656 τὸ
1719 603 1921 673 βιϐλίον
1973 601 2210 672 ἐκάθαρε

639 685 735 747 τὰς
767 684 1007 748 διανοίας
1029 685 1240 751 αὐτῶνς
1270 687 1435 739 Αὐτοὶ
1465 681 1728 756 ἇραῆσαν
1755 686 1934 755 βιϐλία
1957 687 2054 755 τῆς
2086 703 2208 738 και-

637 768 734 837 νῆς
785 769 1069 838 διαθήκης.
1125 768 1232 822 Ποῦ
1255 770 1312 822 δὲ
1362 771 1431 823 τά
1463 771 1630 841 σκεύη
1686 772 1784 840 τῆς
1823 771 2207 841 λειτουργίαςς

637 852 798 904 Αὑτοί
824 856 946 906 εἰσι.
983 854 1090 906 Ποῦ
1115 854 1222 925 δὲή
1254 859 1425 927 σκηνή
1455 872 1468 920 ;
1495 855 1658 910 Αὐτοί
1687 857 1791 909 είσι
1820 856 1981 908 πάλιν
2000 871 2012 883 ’
2031 856 2209 908 Ἐνοιο

634 936 804 1002 νήσω
833 939 940 1006 γάρ
982 939 1051 992 ἐν
1080 941 1308 1008 αὐτοῖς,
1363 941 1462 994 καὶ
1513 940 1990 1009 ἑμπεριπιιτήσω,
2021 940 2206 1010 φησιν.

647 1019 784 1072 ⁹Α>.λ’
811 1024 909 1075 οὐκ
939 1025 1070 1094 ἐρίῳ
1101 1025 1338 1095 κοκκίνῳ
1371 1026 1491 1078 οὐδὲ
1513 1025 1751 1096 ὑσσώπῳ
1771 1027 2090 1097 ἐρῤάντισεν
2121 1025 2208 1075 ὲν-

631 1101 804 1156 ταῦθα
823 1122 835 1134 ο
863 1107 913 1157 τί
939 1107 1138 1178 δήποτε
1162 1125 1176 1172 ;
1207 1109 1280 1161 Οὐ
1308 1109 1414 1177 γὰρ
1479 1109 1786 1177 σωματικὺς
1808 1111 1835 1163 6
1867 1107 2208 1178 καθαρισμὸς

627 1182 716 1252 ἦν.
777 1188 912 1240 ἁλλά
975 1192 1360 1261 πνευματικὸς,
1420 1193 1592 1246 καὶτὸ
1622 1187 1760 1263 αἷμα
1815 1191 2204 1260 πνευματικόν.

629 1269 752 1332 Πῶς
777 1288 790 1336 ;
819 1272 931 1325 Οὐκ
955 1275 1064 1327 ἀπὸ
1089 1275 1338 1345 σώματος
1364 1277 1471 1346 γὰρ
1503 1275 1654 1347 ἔρρει
1679 1276 1914 1344 ἀλόγων,
1946 1274 2085 1328 ἀλλὰ
2102 1274 2204 1326 σώ-

630 1369 801 1420 ματος
855 1356 962 1409 ἀπὸ
1029 1358 1344 1428 Πνεύματος
1405 1360 1956 1421 κατασκευασθέντος.
2017 1357 2204 1426 Τούτῳ

625 1436 775 1503 ἡμᾶς
797 1437 855 1489 οὐ
885 1440 1146 1510 Μωῦσῆς,
1197 1442 1311 1495 ἀλλ’
1340 1444 1366 1494 6
1392 1443 1631 1512 Χριστὸς
1690 1443 1982 1514 ὲῤῥάντισε
2015 1440 2091 1511 τῷ
2116 1441 2200 1493 αῖ·-

629 1536 779 1598 ματι,
816 1521 901 1576 διά
957 1524 1050 1577 τοῦ
1102 1525 1260 1593 λόγου
1289 1524 1382 1579 τοῦ
1413 1525 1713 1596 λεχθέντος,
1749 1524 1896 1598 [160]
1926 1523 2106 1578 Τοῦτο
2136 1525 2202 1578 τὸ

624 1596 766 1669 “hia
791 1603 898 1672 τῆς
932 1606 1147 1675 καινῆς
1192 1608 1480 1675 διαθήκης
1510 1612 1597 1675 είς
1624 1596 1845 1678 ἄφεσιν
1879 1596 2198 1677 αμαρτιῶν.

625 1680 791 1748 ι’ὗτος
823 1690 849 1740 6
873 1689 1028 1756 λόγος
1074 1693 1193 1744 ἀντὶ
1233 1693 1489 1747 ὑσσώπου
1530 1693 1608 1763 τῷ
1641 1694 1834 1764 αἵματι
1890 1692 2154 1760 ὲμϐαφεὶς
2183 1731 2197 1755 ,

625 1767 834 1831 πάντας
867 1788 930 1823 πε
943 1774 1229 1842 ριρραίνει.
1260 1776 1436 1828 Κάκεῖ
1457 1776 1554 1844 μὲν
1579 1775 1639 1828 τὸ
1669 1775 1828 1842 σῶμα
1847 1772 2046 1837 ἔξωθεν
2073 1775 2190 1825 ἐκα-

624 1851 843 1922 θαίρετο
871 1872 884 1885 ⁶
921 1859 1230 1924 σωματικδς
1262 1860 1383 1928 ’γὰρ
1405 1862 1432 1912 ό
1461 1860 1804 1930 καθαρισμὺς
1833 1855 1899 1929 ἦν
1925 1874 1938 1889 ·
1967 1855 2200 1910 ἐνταῦθα

623 1934 702 1997 δὲ,
737 1937 921 2006 ἐπειδὴ
956 1944 1322 2010 πνευματικός
1348 1944 1497 1995 ἐστιν
1521 1945 1549 1995 6
1578 1943 1940 2012 καθαρισμὸς,
1965 1942 2048 2004 εἰς
2099 1943 2199 2011 τὴν

621 2017 800 2088 ψυχὴν
822 2021 1148 2090 εἰσέρχεται,
1169 2025 1262 2076 καὶ
1286 2025 1559 2095 καθαίρει,
1579 2026 1676 2094 οὐχ
1703 2025 1890 2088 ἁπλῶς
1913 2043 1978 2078 πε
1989 2025 2200 2096 ριῤῥαι·

622 2101 865 2168 νόμενος,
895 2105 1029 2158 ἀλλὰ
1076 2109 1340 2175 πηγάζων
1370 2111 1427 2161 ἐν
1455 2113 1573 2172 ταῖς
1617 2109 1916 2180 ἡμετέραις
1972 2109 2195 2178 ψυχαῖς.

625 2183 834 2238 Ἴσασιν
861 2190 906 2239 οί
933 2191 1280 2261 μεμυημένοι
1311 2192 1377 2244 τὰ
1405 2193 1695 2262 λεγόμενα.
1755 2194 1862 2246 Καὶ
1912 2193 1998 2244 ἐπ’
2051 2193 2194 2244 ὲκεί-

621 2283 727 2321 νων
778 2271 876 2338 μὲν
920 2273 1092 2346 αὐτὴν
1149 2275 1245 2346 τὴν
1272 2276 1596 2345 ἐπιφάνειαν
1651 2275 2011 2347 ἔρῤαινε,καὶ
2035 2274 2198 2329 πάλιν

621 2352 947 2409 ἀπενίπτετο
971 2359 998 2409 6
1028 2357 1415 2429 ῥαντιξόμενος
1433 2376 1448 2389 ’
1466 2361 1526 2412 οὐ
1554 2360 1662 2432 γὰρ
1679 2360 1744 2430 δὴ
1773 2360 2089 2430 ᾑμαγμένος
2111 2360 2197 2412 ἀεὶ

623 2437 866 2506 περιῄει·
898 2441 989 2492 ἐπὶ
1013 2441 1068 2494 δὲ
1090 2443 1189 2512 τῆς
1220 2443 1400 2512 ψυχῆς
1445 2443 1542 2513 οὐχ
1577 2442 1772 2508 οὕτως,
1800 2443 1916 2497 ἀλλ’
1959 2442 2096 2512 αὗτῇ
2126 2445 2192 2513 τῇ

620 2518 780 2590 οὐσία
811 2522 1176 2593 ἀναμίγνυται
1200 2525 1261 2578 τὸ
1290 2522 1450 2595 αἷμα,
1488 2526 1783 2597 ῥωμαλέαν
1810 2526 1979 2596 αὐτὴν
2008 2526 2194 2579 ποιοῦν

618 2604 714 2656 καὶ
743 2605 934 2674 ἁγνὴν,
966 2608 1061 2660 καὶ
1092 2608 1229 2679 πρὸς
1260 2610 1390 2662 αὑτὸ
1419 2609 1482 2663 τὸ
1509 2611 1793 2680 ἀμήχανον
1815 2609 2008 2672 κάλλος
2036 2611 2190 2679 ἄγον.

615 2685 948 2760 Δείκνυσιδὴ
976 2690 1162 2744 λοιπὸν
1177 2692 1269 2745 τὸν
1290 2694 1521 2747 θάνατον
1549 2694 1608 2746 οὐ
1642 2694 1802 2763 μόνον
1829 2692 2191 2762 βεϐαιώσεως,

613 2768 754 2823 ἀλλά
799 2773 894 2826 καὶ
941 2775 1229 2846 καθαρμοῦ
1279 2776 1475 2831 αἴτιον.
1521 2777 1738 2848 Ἐπειδὴ
1781 2777 1943 2848 γάρὴ
1971 2777 2193 2850 τελευτὴ

618 2855 816 2925 μιαρὸν
847 2860 1076 2929 πρᾶγμα
1104 2861 1277 2914 ἐδόκει
1301 2857 1460 2925 εἶναι,
1483 2862 1577 2914 καὶ
1608 2861 1890 2932 μάλισταὴ
1917 2861 2003 2915 διά
2037 2879 2194 2915 σταυ-

617 2937 737 3008 ροῦ,
768 2939 914 3009 λέγει
940 2943 1022 2997 ὅτι
1052 2943 1312 3015 ὲκάθαρε,
1345 2945 1441 2998 καὶ
1478 2945 1718 3016 ὲκάθαρε
1746 2944 1932 3015 τιμίαν
1987 2948 2193 3018 κάθαρ-

616 3039 722 3084 σιν,
748 3026 839 3076 καὶ
866 3025 958 3079 ἐπὶ
995 3025 1205 3096 μείζοσι
1226 3043 1239 3056 ·
1269 3028 1356 3080 διὰ
1385 3029 1544 3082 τοῦτο
1572 3031 1627 3082 αἱ
1663 3031 2188 3101 θυσίαιπροῦλαϐον,

612 3105 773 3159 διὰτὸ
797 3102 936 3177 αἷμα
963 3109 1121 3162 τοῦτο
1141 3127 1154 3141 ·
1181 3109 1270 3164 διὰ
1298 3111 1456 3165 τοῦτο
1483 3113 1668 3183 ἀμνοὶ,
1685 3114 1774 3166 διὰ
1787 3113 1947 3167 τοῦτο
1973 3115 2191 3169 ἅπαντα

613 3189 850 3256 ἐγένετο.
882 3191 1138 3261 Ἀνάγκη
1172 3188 1284 3247 οὖν
1303 3193 1505 3264 τὰμὲν
1534 3195 1939 3266 ὑποδείγματα
1977 3196 2096 3250 τῶν
2123 3197 2191 3251 ἐν

611 3272 738 3339 τοῖς
767 3275 1047 3342 οὐρανοῖς
1070 3277 1305 3342 τούτοις
1331 3277 1745 3345 καθαρίζεσθαι
1787 3296 1800 3310 ·
1833 3279 1986 3334 αὐτὰ
2023 3280 2090 3333 δὲ
2120 3282 2192 3336 τὰ

610 3357 940 3424 ἐπουράνια
959 3360 1256 3428 κρείττοσι
1270 3363 1503 3425 θυσίαις
1519 3362 1678 3430 παρὰ
1691 3365 1929 3429 ταύτας.
1945 3364 2054 3416 Καὶ
2073 3365 2190 3428 πῶς

611 3439 762 3493 ἐστιν
776 3442 1149 3513 ὑποδείγματα
1172 3443 1280 3498 τῶν
1299 3446 1477 3508 ἐντοῖς
1502 3447 1752 3517 οὐρανοῖς
1771 3464 1786 3515 ;
1808 3447 1929 3500 τίνα
1954 3448 2010 3501 δὲ
2034 3448 2190 3501 καλεῖ

611 3525 678 3577 τὰ
694 3527 750 3578 ὲν
765 3528 877 3589 τοῖς
889 3527 1136 3598 οὐρανοῖς
1154 3528 1248 3584 νῦν
1266 3549 1279 3597 ;
1303 3525 1410 3600 ἆρα
1429 3532 1520 3585 τὸν
1533 3532 1593 3584 οὐ
1599 3533 1761 3600 ρανὸν
1777 3551 1791 3600 ;
1811 3532 2084 3597 manu;
2099 3535 2190 3604 ἀγ-

612 3609 835 3676 γέλους-ς
862 3611 1026 3666 Οὐδὲν
1039 3614 1267 3681 τούτων,
1287 3615 1505 3669 ἀλλάτά
1532 3617 1800 3688 ἡμέτερα.
1837 3619 1981 3688 Ἀρα
1997 3621 2054 3680 ὲν
2077 3623 2189 3685 τοῖς

612 3696 863 3765 οὐρανοῖς
893 3697 962 3749 τά
991 3697 1258 3767 ἡμέτερα,
1296 3700 1391 3752 καὶ
1455 3701 1778 3771 ἐπουράνια,
1813 3701 1914 3755 κᾶν
1944 3704 2000 3756 ὲν
2025 3707 2088 3775 τῇ
2117 3708 2188 3776 γῇ

613 3780 944 3850 ἐπιτελῆται.
985 3783 1136 3849 Ἐπςὶ
1175 3784 1269 3836 καὶ
1301 3783 1520 3852 ἄγγελοι
1552 3787 1609 3838 ὲν
1634 3787 1698 3855 τῇ
1729 3788 1797 3857 γῇ
1831 3788 1966 3839 εἰσιν
1998 3828 2012 3851 ,
2074 3787 2190 3841 ἀλλ’

610 3863 923 3933 ἐπουράνιοι
949 3865 1199 3933 λέγονται
1225 3885 1238 3899 ·
1272 3868 1367 3921 καὶ
1395 3868 1464 3921 τά
1497 3870 1781 3940 Χερουϐὶμ
1816 3871 1907 3922 ἐπὶ
1936 3871 2035 3941 τῆς
2085 3872 2189 3942 γῆς

610 3947 807 4017 ἐφάνη,
845 3948 960 4000 ἀλλ’
996 3951 1297 4020 ἐπουράνιά
1323 3953 1459 4006 ἐστι.
1483 3955 1593 4007 Καὶ
1619 3953 1829 4022 τίλέγω
1855 3955 2028 4025 ὲφάνη
2053 3974 2067 4019 ;
2094 3957 2187 4011 ἐπὶ

607 4031 706 4097 τῆς
731 4031 833 4100 γῆς
863 4032 960 4100 μὲν
987 4030 1081 4086 οὖν
1104 4034 1302 4102 διάγει,
1326 4034 1514 4106 ῶσπερ
1536 4031 1630 4090 οὖν
1662 4038 1719 4090 ὲν
1750 4037 1830 4107 τῷ
1849 4039 2183 4110 παραδείσῳ.

622 4114 762 4166 Ἀλλ’
786 4115 940 4192 οὐδὲν
958 4117 1200 4170 ἐκώλυσε
1230 4118 1412 4172 τοῦτο·
1435 4121 1736 4190 ἐπουρανία
1763 4122 1874 4192 γὰρ
1900 4124 1994 4176 καὶ
2010 4121 2186 4188 οὕτως

609 4197 744 4250 ἔστί.
783 4179 890 4251 παὶ
925 4199 1095 4265 ἡμῶν
1121 4201 1188 4254 τὸ
1222 4203 1556 4272 πολίτευμὰ
1578 4179 1858 4258 ’ἐστιν’ἑν
1882 4179 2182 4274 οὐρανοῖς,

608 4283 786 4335 καίτοι
807 4284 1042 4337 ἐνταῦθα
1062 4287 1475 4358 πολιτευόμεθα.
1490 4294 1535 4342 Α
1547 4291 1653 4341 ὺτὰ
1665 4287 1732 4341 δὲ
1748 4288 1817 4342 τὰ
1832 4288 2178 4355 ἐπουράνια·

605 4366 871 4431 τουτέστι,
913 4368 1012 4439 τὴν
1042 4369 1364 4438 φιλοσοφίαν
1394 4371 1493 4442 τὴν
1524 4374 1653 4442 παρ’
1689 4367 1843 4442 ἡμῖν,
1876 4373 2003 4436 τοῦς
2067 4375 2186 4426 ἐκεῖ

606 4451 976 4521 κεκλημένους
998 4466 1046 4507 η.
1069 4455 1376 4524 Κρείττοσι
1403 4457 1644 4522 θυσίαις
1668 4455 1828 4522 παρὰ
1854 4458 2093 4524 ταύτας.
2111 4459 2184 4511 Τὸ

608 4538 857 4604 κρεῖττον
887 4536 1052 4589 καλοῦ
1076 4540 1219 4601 τινός
1250 4540 1367 4592 ἐστι
1387 4541 1668 4611 κρεῖττον·
1704 4541 1815 4610 ἄρα
1846 4540 1987 4594 καλά
2021 4542 2179 4608 γεγό-

608 4635 754 4680 νασι,
783 4620 875 4671 καὶ
907 4619 976 4672 τὰ
1005 4621 1380 4691 ὑποδείγματα
1413 4625 1521 4675 τῶν
1545 4625 1604 4676 ἐν
1625 4627 1736 4687 τοῖς
1771 4626 2041 4694 οὐρανοῖς.
2068 4628 2182 4680 Οὐκ

609 4701 676 4754 ἂν
705 4703 813 4771 γὰρ
866 4703 1086 4758 οὐδὲτά
1138 4706 1510 4776 ὑποδείγματα
1571 4709 1783 4779 πονηρά
1811 4705 1899 4779 ἦν,
1939 4709 2180 4764 amm-

609 4788 762 4838 κεῖνα
794 4785 858 4842 ἂν
891 4789 976 4858 εἴη
1007 4790 1220 4860 πονηρά
1242 4787 1317 4844 ὧν
1349 4793 1496 4845 ἐστιν
1525 4793 1916 4865 ὑποδείγματα.

680 4962 831 5049 [161]
857 4971 923 5031 γ’.
950 4966 1208 5020 Εἰτοίνυν
1244 4969 1556 5041 ἐπουράνιοι
1594 4975 1774 5042 ἡμεῖς,
1799 4977 1893 5029 καὶ
1922 4979 2178 5049 τοιαύτης

607 5047 798 5109 οὐσίας
847 5049 1133 5118 ἐτύχομεν,
1173 5054 1455 5124 φρίξωμεν
1475 5074 1487 5086 ο
1526 5060 1720 5126 μηκέτι
1748 5061 2000 5132 μένωμεν
2024 5065 2080 5117 ἐν
2107 5069 2172 5136 τῇ

610 5134 701 5201 Υῇῖ
720 5131 896 5219 ἔξεστι.
921 5135 1026 5219 γὰρ
1054 5139 1127 5207 μὴ
1157 5135 1297 5191 εἶναι
1319 5141 1375 5192 ἐν
1398 5144 1461 5210 τῇ
1485 5145 1552 5211 γῇ
1571 5144 1663 5196 καὶ
1687 5144 1779 5196 νῦν
1803 5145 1892 5200 τὸν
1915 5131 2176 5219 βουλόμεί

608 5233 717 5268 νον.
749 5216 819 5266 T‘o
843 5217 948 5286 γὰρ
979 5215 1115 5271 εἶναι
1150 5222 1207 5272 ἐν
1227 5224 1290 5292 τῇ
1320 5226 1390 5293 γῇ
1425 5225 1518 5276 καὶ
1545 5225 1616 5295 μὴ
1647 5223 1804 5290 εἶναι,
1859 5215 2046 5301 τρόπῳ
2081 5215 2178 5286 καὶ

609 5298 927 5367 προαιρέσει
961 5302 1167 5367 γίνεται
1205 5320 1218 5333 °
1255 5300 1366 5357 οἷόν
1397 5325 1447 5358 τι
1494 5307 1637 5374 λέγω
1663 5324 1674 5335 ·
1712 5311 1768 5361 '0
1795 5298 1927 5374 Θεὸς
1958 5314 2176 5382 λέγεται

607 5379 746 5435 εἶναι
776 5384 830 5432 ἐν
863 5383 936 5452 τῷ
963 5386 1172 5455 οὐρανῷ
1203 5405 1217 5419 ·
1243 5388 1330 5440 διὰ
1358 5391 1408 5440 τί
1436 5391 1526 5454 ;οὐ
1561 5393 1707 5462 τόπῳ
1736 5395 2175 5467 ἀποκλειόμενος,

615 5465 685 5534 μὴ
716 5467 946 5534 γένοιτο,
983 5470 1103 5521 οὐδὲ
1128 5471 1222 5540 τὴν
1253 5475 1353 5542 γῆν
1384 5474 1588 5542 ἔρημον
1619 5476 1713 5544 τῆς
1748 5479 1911 5532 αὐτοῦ
1971 5499 2177 5550 παρου-

611 5550 730 5608 σίας
761 5551 940 5617 ἀφεὶς,
974 5552 1110 5603 ἀλλά
1139 5557 1200 5624 τῇ
1225 5559 1403 5623 σχέσει
1434 5558 1524 5608 7.1.".
1645 5562 1916 5615 οἰκειώσει
1950 5570 2008 5636 τῇ
2042 5568 2174 5635 πρὶς

673 5709 695 5733 ³³
723 5709 829 5763 Τοῖς
856 5711 1246 5772 ἐκκεκλημένοιςῗ)

1377 315 1435 372 S.
1467 315 1752 371 JOANNIS
1783 309 2273 371 CliIHSOSTCMI
2307 309 2627 370 ARCHIEP.
2671 313 3220 374 CONSTANTINOP.

3808 321 3902 374 Ιῖδ

2321 433 2452 496 τούς
2514 435 2798 508 ἀγγέλους.
2831 439 2927 490 Ἂν
2955 438 3133 491 τοίνυν
3169 438 3262 492 καὶ
3309 438 3469 507 ἡμεῖς
3531 439 3704 508 ὲγγύς
3759 433 3902 512 ὦμεν

2316 518 2410 569 τοῦ
2444 520 2601 584 Θεοῦ,
2632 523 2689 574 ὲν
2717 521 2936 592 οὐρανῷ
2995 523 3184 592 ἐσμεν.
3219 523 3283 576 Τί
3314 523 3422 592 γάρ
3473 540 3568 591 μοι
3614 525 3772 594 μέλει
3817 527 3902 581 τοῦ

2313 601 2566 671 οὐρανοῦ,
2589 606 2720 658 ὅταν
2746 605 2860 674 ὁρῶ
2896 606 2987 658 τὸν
3019 606 3300 676 Δεσπότην
3332 606 3426 659 τοῦ
3455 607 3716 678 οὐρανοῦ,
3781 610 3902 665 ὅταν

2314 685 2476 750 αὐτὸς
2506 688 2736 759 οὐρανὸς
2766 691 3051 758 γένωμαις
3098 689 3499 758 Ἐλευσόμεθα
3526 689 3636 761 γὰρ
3659 734 3674 756 ,
3708 694 3899 763 φησὶν,

2310 767 2424 835 ἐγὼ
2451 771 2546 823 καὶ
2578 773 2611 824 ό
2635 773 2836 839 Πατήρ
2868 789 3006 840 μου,
3026 771 3124 825 καὶ
3151 771 3349 838 μονὴν
3379 775 3514 841 παρ’
3538 775 3706 840 αὑτῷ
3732 778 3901 845 ποιή-

2305 864 2517 920 σομεν.
2567 854 2894 925 Ποιήσωμεν
2941 850 3034 908 οὖν
3079 855 3240 925 ἡμῶν
3286 855 3385 926 τὴν
3423 857 3600 927 ψυχὴν
3646 862 3895 928 οὐρανόν.

2309 935 2538 1006 Φαιδρός
2594 938 2738 992 ἐστιν
2759 941 2787 993 6
2819 939 3048 1009 οὐρανὸς
3087 942 3152 1010 τῇ
3178 938 3371 1007 φύσει·
3397 940 3519 995 οὐδὲ
3559 941 3671 1012 γὰρ
3708 945 3767 995 ὲν
3792 962 3898 1015 χει-

2312 1017 2450 1086 μῶνι
2483 1019 2652 1087 μέλας
2699 1022 2910 1088 γίνεται
2939 1037 2953 1051 ·
2987 1022 3047 1074 οὐ
3070 1021 3180 1092 γάρ
3215 1023 3378 1086 αὐτὸς
3416 1025 3754 1094 μεταϐάλλει
3808 1028 3900 1097 τὴν

2307 1099 2451 1167 δψιν,
2483 1102 2601 1156 ἀλλ’
2627 1105 2682 1156 αἱ
2711 1105 2935 1174 νεφέλαι
2959 1105 3367 1176 συνδραμοῦσαι
3408 1107 3786 1163 καλύπτουσιν
3805 1111 3897 1165 αὐ-

2310 1181 2424 1236 τόν.
2498 1184 2556 1237 '0
2614 1187 2845 1260 οὐρανὸς
2901 1189 3053 1261 ἥλιον
3118 1189 3232 1260 ἔχει
3265 1206 3281 1220 ο
3336 1190 3535 1260 ἔχομεν
3599 1194 3700 1246 καὶ
3745 1194 3902 1264 ἡμεῖς

2305 1265 2458 1335 ἥλιον
2511 1269 2882 1342 δικαιοσύνης.
2947 1269 3114 1326 Εἶπον
3148 1312 3163 1336 ,
3228 1273 3447 1340 Ἔξεστι
3495 1276 3762 1344 γενέσθαι
3829 1278 3902 1339 ὡς

2306 1350 2571 1420 οὐρανόν·
2621 1356 2720 1409 καὶ
2765 1355 2877 1428 όρῶ
2925 1355 3008 1409 ὅτι
3071 1357 3166 1410 καὶ
3208 1357 3458 1425 βελτίονα
3512 1359 3781 1426 γενέσθαι
3811 1361 3899 1413 τοῦ

2305 1439 2542 1510 οὐρανοῦ
2603 1439 2801 1504 ἔξεστι.
2863 1438 3033 1505 Πῶς;
3095 1440 3268 1494 Ὅταν
3317 1439 3408 1494 τὸν
3463 1441 3753 1512 Δεσπότην
3808 1443 3899 1496 τοῦ

2304 1523 2456 1594 ἡλίου
2513 1523 2750 1594 ἔχωμεν.
2804 1521 2864 1575 '0
2925 1523 3157 1594 οὐρανὸς
3224 1523 3492 1577 πάντοθέν
3551 1527 3670 1578 ἐστι
3728 1525 3900 1580 καθα-

2307 1605 2398 1674 ρὸς
2461 1607 2558 1660 καὶ
2619 1605 2998 1675 ἀκηλίδωτος,
3064 1607 3165 1659 οὐκ
3221 1608 3280 1659 ὲν
3335 1606 3610 1677 χειμῶνι,
3676 1610 3780 1662 οὐκ
3845 1611 3900 1662 ἐν

2301 1691 2458 1744 νυκτὶ
2487 1689 2887 1758 μεταϐάλλεται
2914 1706 2928 1722 ο
2967 1689 3040 1758 μὴ
3061 1688 3243 1742 τοίνυν
3288 1689 3423 1758 μηδὲ
3451 1691 3616 1761 ἡμεῖς
3673 1697 3816 1762 μήτε
3844 1693 3899 1745 ἐν

2301 1777 2421 1837 ταῖς
2447 1773 2683 1841 θλίψεσι,
2721 1773 2860 1844 μήτε
2885 1773 2942 1826 ἐν
2975 1775 3096 1836 ταῖς
3127 1773 3439 1841 μεθοδείαις
3487 1773 3582 1826 τοῦ
3644 1775 3898 1829 διαϐόλου

2299 1857 2458 1911 τοῦτο
2495 1859 2818 1927 πάσχωμεν,
2847 1856 2986 1909 ἀλλά
3014 1857 3268 1927 μένωμεν
3292 1857 3618 1926 ἀκηλίδωτοι
3662 1859 3760 1911 καὶ
3796 1876 3896 1912 κα-

2300 1941 2478 2011 θαροί.
2518 1941 2576 1994 Ὀ
2607 1940 2836 2012 οὐρανός
2869 1943 3018 1993 ἐστιν
3069 1940 3294 2010 ὑψηλὸς,
3321 1941 3418 1994 καὶ⁵
3449 1941 3587 1994 πολὺ
3630 1942 3736 2010 τῆς
3793 1943 3894 2011 γῆς

2298 2025 2549 2094 ἀπέχων·
2586 2023 2742 2076 τοῦτο
2773 2025 2867 2077 καὶ
2907 2025 3065 2094 ἡμεῖς
3103 2026 3442 2095 ποιήσωμεν,
3491 2025 3894 2095 ἀποστήσωμεν

2297 2107 2524 2168 ἑαυτοὺς
2553 2107 2652 2176 τῆς
2690 2109 2811 2176 γῆς,
2841 2109 2934 2160 καὶ
2963 2107 3098 2178 πρὸς
3133 2108 3194 2160 τὸ
3221 2107 3354 2177 ὕψος
3399 2107 3664 2180 ἀρθῶμεν
3691 2109 3890 2162 έκεῖνο.

2297 2190 2406 2243 Καὶ
2450 2190 2548 2242 ποῦ
2597 2189 2698 2259 τῆς
2719 2191 2822 2258 γῆς
2873 2191 3103 2254 ἑαυτοὺς
3137 2191 3576 2260 ἁποστήσωμεν;
3615 2191 3790 2245 Ὅταν
3828 2192 3891 2243 τά

2294 2274 2519 2342 οὐράνια
2541 2273 2960 2343 φανταζώμεθα.
3006 2274 3063 2328 Ὀ
3096 2274 3326 2344 οὐρανὸς
3348 2274 3620 2345 ἀνώτερός
3653 2275 3772 2327 ἐστι
3800 2275 3891 2328 καὶ

2295 2358 2468 2411 ὑετῶν
2517 2359 2612 2412 καὶ
2658 2357 2960 2427 χειμώνων,
3011 2359 3106 2412 καὶ
3152 2356 3244 2411 ὑπ’
3299 2356 3516 2419 οὐδενὸς
3564 2357 3886 2412 ἁλίσκεται·

2292 2441 2452 2495 τοῦτο
2477 2443 2571 2495 καὶ
2603 2445 2764 2512 ἡμεῖς
2794 2441 3156 2512 δυνησόμεθα,
3191 2440 3287 2493 ὲάν
3311 2440 3577 2512 θέλωμεν.
3611 2435 3784 2506 Οὗτος
3809 2442 3893 2496 δο-

2293 2529 2381 2578 κεῖ
2427 2525 2546 2597 μὲν,
2575 2527 2637 2579 οὐ
2672 2525 2853 2596 μέντοι
2896 2525 3129 2594 πάσχειο
3168 2525 3248 2595 μὴ
3305 2526 3490 2578 τοίνυν
3537 2525 3675 2595 μηδὲ
3709 2528 3889 2596 ἡμεῖς,

2292 2609 2396 2662 κᾶν
2426 2609 2671 2680 δοκῶμεν
2700 2609 2952 2679 πάσχειν,
2997 2609 3319 2678 πάσχωμεν.
3350 2609 3563 2680 Ὥσπερ
3591 2608 3704 2678 γὰρ
3727 2612 3785 2662 ὲν
3813 2609 3891 2680 τῷ

2293 2693 2523 2764 χειμῶνι
2575 2694 2622 2746 οί
2666 2693 2764 2762 μὲν
2799 2692 2984 2744 πολλοὶ
3016 2691 3075 2744 τὸ
3107 2691 3306 2755 κάλλος
3338 2691 3507 2746 αὐτοῦ
3543 2693 3646 2744 οὐκ
3686 2692 3887 2757 ἴσασιν,

2293 2775 2428 2828 ἀλλά
2450 2776 2758 2845 νομίζουσιν
2794 2776 2958 2828 αὑτὸν
2987 2774 3310 2846 τρέπεσθαι,
3339 2776 3389 2828 οῖ
3420 2775 3479 2828 δὲ
3527 2775 3892 2845 φιλοσοφοῦν-

2291 2875 2382 2922 τες
2408 2860 2587 2911 ἴσασιν
2619 2860 2699 2911 ὅτι
2731 2858 2882 2912 οὐδὲν
2909 2857 3113 2911 ἔπαθεν
3135 2874 3148 2888 °
3181 2856 3325 2912 οὓτω
3347 2859 3440 2911 καὶ
3480 2859 3607 2931 περὶ
3640 2860 3805 2931 ἡμῶν
3833 2861 3890 2913 ἐν

2289 2943 2408 3005 ταῖς
2442 2941 2705 3011 θλίψεσιν,
2733 2941 2783 2994 οἱ
2816 2941 2914 3012 μὲν
2968 2940 3156 2994 πολλοὶ
3194 2940 3511 3010 νομίζουσιν
3537 2942 3690 3012 ἡμᾶς
3749 2959 3890 3011 συμ-

2293 3025 2752 3096 μεταϐεϐλῆσθαι.
2785 3026 2878 3077 καὶ
2915 3025 3088 3095 αὐτῆς
3115 3013 3278 3096 ,ἡμῶν
3317 3018 3490 3096 ἧφθαι
3519 3026 3620 3095 τῆς
3654 3026 3886 3095 καρδίας

2287 3111 2388 3180 τὴν
2438 3109 2648 3179 θλῖψινο
2679 3112 2727 3163 οἱ
2763 3110 2819 3163 δὲ
2876 3110 3157 3180 φιλόσοφοι
3212 3109 3390 3164 ῐσασιν
3438 3112 3522 3165 ὅτι
3577 3111 3678 3181 οὑχ
3705 3112 3883 3182 ἥψατο

2287 3193 2465 3262 ἡμῶν.
2498 3192 2791 3264 Γενώμεθα
2821 3193 3003 3246 τοίνυν
3051 3193 3307 3264 οὐρανὸς,
3338 3193 3660 3263 ἀνέλθωμεν
3712 3197 3794 3258 είς
3831 3195 3892 3247 τὸ

2290 3274 2420 3346 ὕψος
2437 3277 2632 3341 ἐκεῖνο,
2665 3277 2760 3329 καὶ
2783 3276 2955 3340 οὑτως
2972 3277 3218 3348 ὀψόμεθα
3242 3278 3369 3341 τούς
3397 3276 3727 3350 ἀνθρώπους
3762 3295 3893 3349 μυρ-

2290 3361 2482 3429 μήκων
2509 3360 2661 3413 οὐδὲν
2681 3360 3038 3429 διαφέροντας
3056 3378 3069 3391 ·
3110 3359 3173 3413 οὑ
3199 3359 3329 3422 τούς
3359 3361 3602 3430 πένητας
3619 3360 3769 3427 λέγω
3797 3360 3891 3432 μό-

2287 3459 2395 3501 νον,
2413 3441 2563 3515 [162]
2585 3443 2706 3497 οὐδὲ
2725 3443 2852 3506 τοὺς
2867 3443 3179 3508 πλουσίους,
3195 3441 3333 3497 ἀλλά
3355 3443 3459 3496 κᾶν
3484 3445 3796 3515 στρατηγός
3812 3462 3892 3501 τις

2285 3520 2340 3598 ᾖ,
2371 3525 2472 3579 κᾶν
2503 3525 2777 3592 βασιλεὺς,
2810 3526 2910 3579 οὐκ
2947 3526 3190 3596 ὀψόμεθα
3227 3526 3346 3579 ἐκεῖ
3364 3529 3455 3578 τὸν
3481 3525 3736 3596 βασιλέα,
3775 3528 3890 3580 οὐδὲ

2287 3607 2377 3660 τὸν
2406 3607 2619 3678 ἰδιώτην
2640 3627 2654 3639 ο
2690 3610 2792 3661 οὐκ
2840 3608 3104 3679 εἰσόμεθα
3125 3609 3180 3662 τί
3215 3609 3316 3679 μὲν
3358 3611 3581 3680 χρυσὸς,
3608 3610 3661 3662 τί
3703 3610 3762 3664 δὲ
3791 3612 3891 3680 ἀρ-

2287 3707 2473 3761 γυρος,
2520 3693 2573 3744 τί
2602 3692 2656 3745 δὲ
2710 3694 2920 3762 ίμάτιον
2951 3693 3198 3764 σηρικὸν,
3233 3693 3265 3762 ἢ
3322 3695 3643 3765 πορφυροῦν
3667 3712 3680 3725 ο
3713 3697 3890 3750 πάντα

2288 3772 2474 3845 ῶσπερ
2508 3773 2670 3844 μυίας
2707 3775 2971 3845 ὀψόμεθα,
3002 3777 3098 3829 ἐὰν
3131 3777 3190 3828 ὲν
3229 3776 3425 3848 ἐκείνῳ
3469 3776 3546 3847 τῷ
3583 3776 3710 3845 ὑψει
3750 3777 3884 3832 καθ-

2291 3854 2526 3926 ίσωμεν·
2565 3858 2741 3921 οὐδεὶς
2789 3858 3015 3929 θόρυϐος
3063 3860 3200 3924 ἐκεῖ,
3225 3859 3454 3929 οὐδεμία
3494 3861 3733 3931 ταραχὴ,
3769 3861 3889 3915 οὐδὲ

2287 3941 2523 4011 κραυγή.
2575 3941 2685 3993 Καὶ
2711 3942 2830 4004 πῶς
2863 3941 2962 4002 ενι,
3000 3943 3186 4012 φησιν,
3219 3943 3299 4006 είς
3326 3943 3505 3996 ἐκεῖνο
3536 3942 3780 4014 ἀρθῆναι
3824 3946 3888 3998 τὸ

2285 4020 2437 4091 ὕψος,
2464 4022 2556 4075 ἐπὶ
2581 4025 2679 4094 τῆς
2703 4024 2808 4094 γῆς
2836 4023 3246 4096 περιπατοῦντα
3268 4041 3283 4090 ;
3307 4027 3468 4097 Λόγῳ
3506 4026 3610 4098 μὲν
3645 4029 3709 4081 οὐ
3741 4029 3888 4098 λέγω

2282 4104 2442 4160 τοῦτο
2469 4108 2654 4172 ἁπλῶς
2683 4126 2696 4139 ο
2717 4108 2833 4162 ἀλλ’
2883 4110 2932 4161 εἰ
2958 4109 3159 4179 βούλει,
3191 4110 3303 4179 ἐγώ
3334 4127 3415 4164 σοι
3436 4111 3694 4182 δείκνυμι
3732 4113 3886 4186 ἔργῳ

2282 4191 2408 4253 τοὺς
2426 4192 2506 4254 είς
2523 4191 2581 4243 τὸ
2599 4191 2733 4260 ὕψος
2756 4194 2932 4245 ἐκεῖνο
2962 4193 3298 4262 φθάσαντας.
3335 4195 3503 4259 Τίνας
3521 4195 3585 4266 δὴ
3614 4197 3848 4261 τούτους
3871 4214 3885 4263 ;

2284 4273 2424 4336 Τοὺς
2451 4276 2578 4344 περὶ
2610 4275 2820 4328 Παῦλον
2848 4276 3027 4344 λέγω,
3063 4277 3259 4340 οἵτινες
3278 4279 3335 4332 ἐν
3363 4280 3428 4349 τῇ
3465 4281 3535 4349 γῇ
3597 4277 3776 4344 ὄντες,
3833 4283 3888 4332 ὲν

2283 4357 2362 4426 τῷ
2409 4359 2622 4430 οὐρανῷ
2672 4359 2960 4430 διέτριϐον.
2989 4362 3099 4414 Καὶ
3160 4363 3212 4415 τί
3234 4362 3378 4431 λέγω
3408 4365 3465 4415 ὲν
3507 4361 3586 4432 τῷ
3619 4363 3841 4433 οὐρανῴ
3871 4381 3884 4427 ;

2287 4441 2605 4512 ὑψηλότεροι
2649 4437 2788 4513 ἦσαν
2838 4443 2930 4497 τοῦ
2976 4444 3232 4514 οὐρανοῦ,
3263 4445 3357 4500 καὶ
3400 4444 3494 4500 τοῦ
3530 4445 3696 4498 άλλου
3731 4446 3761 4486 δ
3799 4449 3889 4500 οὑ·

2286 4524 2468 4596 ρανοῦ,
2523 4527 2617 4578 καὶ
2658 4527 2792 4597 πρὸς
2827 4528 2988 4580 αὑτὸν
3024 4527 3259 4596 ἀνῆλθον
3304 4529 3396 4582 τὸν
3441 4528 3598 4583 Θεόν.
3631 4530 3730 4594 Τίς
3779 4533 3886 4600 γὰρ

2283 4610 2440 4681 ἡμᾶς
2469 4615 2734 4682 χωρίσει,
2773 4615 2960 4686 φησιν,
2995 4616 3112 4669 ἀπὸ
3151 4615 3262 4684 τῆς
3293 4616 3532 4685 ἀγάπης
3575 4617 3687 4672 τοῦ
3747 4621 3883 4687 Χρι-

2279 4698 2467 4762 στοῦ;
2500 4699 2724 4767 (nam,
2755 4699 2792 4768 ἢ
2813 4701 3203 4769 στενοχωρία,
3228 4700 3264 4768 ἢ
3283 4700 3523 4769 λιμὸς,ἣ
3549 4701 3824 4770 διωγμὸς,
3850 4702 3884 4770 ἧ

2280 4783 2598 4850 γυμνότης,
2631 4782 2668 4850 ἣ
2697 4783 3002 4850 κίνδυνος,
3030 4783 3067 4851 ἢ
3099 4784 3366 4852 μάχαιρα
3394 4803 3412 4847 ;
3450 4772 3545 4838 καὶ
3571 4785 3757 4850 πάλιν,
3790 4787 3884 4853 Μὴ

2278 4866 2676 4918 σκοπούντων
2722 4865 2892 4932 ἡμῶν
2924 4868 2992 4921 τὰ
3043 4868 3424 4935 βλεπόμενα,
3471 4867 3639 4922 ἀλλὰ
3692 4870 3768 4922 τὰ
3797 4870 3883 4937 μὴ

2275 4949 2645 5017 βλεπόμενα.
2695 4947 2858 5020 Ὁρᾷς
2899 4951 2978 5002 ὅτι
3009 4950 3128 5004 οὐδὲ
3164 4950 3312 5024 ἐώρα
3336 4952 3406 5005 τά
3443 4951 3716 5014 ὲνταῦθας
3767 4954 3885 5006 ’Ἰνα

2278 5031 2335 5083 δέ
2375 5049 2454 5084 σοι
2492 5030 2650 5095 δείξω
2681 5033 2762 5085 ὃτι
2803 5033 2910 5085 τῶν
2958 5033 3206 5103 οὐρανῶν
3254 5034 3527 5106 ἀνώτερος
3568 5029 3656 5104 ἦν,
3712 5035 3883 5088 ἄκουε

2279 5115 2442 5168 αὐτοῦ
2465 5115 2712 5183 λέγοντος
2737 5134 2750 5146 ·
2789 5117 3116 5185 Πέπεισμαι
3144 5120 3252 5188 γὰρ
3290 5118 3377 5172 ὅτι
3425 5119 3564 5173 οὔτε
3618 5117 3884 5186 θάνατος

2277 5200 2417 5251 οὔτε
2452 5199 2585 5265 ζωὴ,
2615 5202 2750 5252 οὔτε
2813 5201 3112 5255 ἐνεστῶτα
3160 5205 3298 5257 οὔτε
3344 5204 3675 5271 μέλλοντα.
3742 5204 3882 5256 οὔτε

2279 5283 2496 5350 ὕψωμα
2543 5285 2681 5336 οὔτε
2709 5285 2923 5351 βάθος,
2988 5288 3124 5339 οὔτε
3165 5305 3254 5352 τις
3293 5289 3491 5352 κτίσις
3543 5285 3717 5353 ἑτέρα
3773 5287 3880 5340 διε-

2278 5365 2524 5430 νιίσεται
2554 5369 2708 5436 ἡμᾶς
2741 5373 2984 5438 χωρίσαι
3017 5372 3134 5425 ἀπὸ
3182 5370 3293 5439 τῆς
3323 5371 3563 5440 ἀγάπης
3592 5369 3701 5422 τοῦ
3749 5373 3880 5439 Χρι-

2279 5467 2448 5504 στου.

2366 5535 2524 5604 Ὁρᾷς
2559 5537 2670 5597 πῶς
2700 5538 2874 5590 πάντα
2917 5537 3292 5607 παραδραμὼν
3333 5540 3359 5590 ὀ
3409 5539 3689 5605 λογισμὸς,
3725 5541 3870 5590 ἀνώ-

2284 5635 2333 5668 τε
2347 5636 2437 5684 ρον
2467 5619 2625 5669 αὐτὸν
2658 5622 2928 5687 εποίησεν.

2352 5730 2374 5764 b
2407 5729 2493 5774 Καὶ
2519 5726 2597 5773 τοῦ
2622 5727 2810 5787 ipf-.067

2962 5623 3020 5671 οὐ
3051 5622 3253 5690 ταύτης
3293 5622 3447 5692 μόνον
3493 5621 3590 5688 τῆς
3620 5622 3871 5682 κτίσεως,
