4060 6404
177 296 278 350 ως

173 395 458 452 testamenti
497 395 550 450 in
605 393 954 451 remissionem
999 401 1343 466 peccatorum.
1399 391 1511 448 Hoc
1553 394 1776 447 verbum

172 506 270 557 pto
300 489 539 562 hyssOpo
565 488 828 560 sanguine
855 486 1162 551 intinctam,
1193 499 1388 539 omnes
1418 485 1677 554 aspergit.
1713 484 1781 539 Et

169 583 285 637 ittic
326 583 546 652 quidem
585 597 784 653 corpus
822 581 1166 637 extrinsecus
1207 578 1608 644 mundabatur;
1659 588 1776 633 erat

171 677 320 731 enim
352 676 631 731 mundatio
658 674 960 745 corporalis
982 691 994 724 :
1020 672 1108 728 hic
1138 681 1318 728 autem
1347 673 1598 742 quoniam
1627 688 1782 726 mun-

187 769 340 822 datin
387 777 471 822 est
513 765 839 836 spiritualis,
870 761 1148 817 mundatio
1193 760 1495 830 ingreditur
1535 757 1793 823 animam,

187 875 300 914 non
332 859 507 913 solum
536 871 834 927 aspergens
862 854 956 908 sed
988 853 1149 907 etiam
1167 853 1336 906 instar
1366 851 1527 904 fontis
1559 842 1800 920 irrigans

185 951 243 1006 in
277 951 563 1005 animabus
590 948 817 1004 nostris.
854 947 1043 1002 Sciunt
1068 959 1188 1014 qua:
1218 942 1472 997 dicuntur
1493 941 1528 996 ii
1552 943 1642 1013 qui
1671 949 1798 996 sunt

186 1045 383 1099 initiati
415 1042 709 1115 mysteriis.
735 1041 800 1095 Et
829 1041 879 1094 in
905 1039 1011 1092 illis
1041 1036 1257 1107 quidem
1283 1035 1451 1104 ipsam
1477 1032 1798 1104 aspergebat

186 1136 560 1207 superficiem,
591 1145 644 1189 et
665 1133 754 1203 qui
797 1132 1204 1201 aSpergebatur,
1227 1143 1415 1183 rursus
1439 1127 1792 1192 abluebatur;

187 1243 302 1283 non
331 1227 477 1282 enim
502 1240 718 1295 semper
744 1223 924 1278 obibat
952 1230 1298 1276 cruentatus:
1329 1219 1381 1272 in
1405 1219 1580 1272 anima
1615 1232 1794 1272 autem

199 1335 310 1374 non
344 1319 444 1384 sic,
464 1317 555 1373 sed
593 1315 693 1386 ipsi
724 1315 974 1369 essentia:
999 1313 1326 1365 admiscetur
1354 1310 1592 1379 sanguis,
1625 1308 1794 1379 ipsam

182 1407 428 1464 reddens
459 1407 736 1462 robustam
769 1415 822 1460 et
852 1411 1080 1468 castam,
1108 1415 1161 1456 et
1189 1401 1464 1456 deducens
1503 1402 1567 1454 ad
1602 1401 1792 1470 ipsam,

181 1518 309 1574 qua:
347 1499 608 1571 explicari
637 1514 740 1554 non
776 1507 988 1568 potest,
1025 1495 1500 1567 pulchritudinem.
1536 1496 1796 1566 Deinceps

181 1606 370 1649 autent
415 1591 652 1649 ostendit
696 1599 928 1645 mortem
979 1605 1087 1644 non
1142 1587 1572 1643 confirmationis
1618 1588 1793 1642 solum

182 1700 310 1740 esse
336 1699 582 1750 causam,
615 1681 708 1738 sed
737 1683 899 1737 etiam
927 1680 1344 1736 emundationis.
1373 1681 1513 1738 Nam
1540 1680 1794 1751 quoniam

182 1793 340 1834 mors
383 1777 668 1832 videbatur
695 1791 818 1831 esse
864 1788 952 1829 res
983 1774 1330 1830 exsecranda.
1367 1786 1425 1832 et
1470 1773 1705 1829 maxime
1731 1787 1794 1826 ea

180 1887 307 1941 quze
329 1870 732 1941 suscipiebatur
762 1883 857 1939 per
880 1881 1122 1932 crucem,
1142 1866 1274 1922 dicit
1302 1882 1422 1922 eam
1446 1865 1794 1930 emendasse,

183 1964 351 2034 idque
402 1962 640 2032 pretiosa
690 1959 1096 2023 emundatione,
1131 1968 1184 2013 et
1211 1973 1332 2028 qua:
1377 1958 1581 2013 eratin
1632 1955 1796 2011 rebus

181 2057 511 2127 majoribus.
559 2054 850 2123 Propterea
899 2060 1303 2122 przeeesscrnnt
1347 2051 1634 2113 sacrificia,
1667 2063 1796 2118 pro-

185 2159 309 2219 pter
362 2147 510 2201 hunc
555 2145 912 2215 sanguinem:
963 2152 1253 2213 prepterea
1299 2142 1458 2213 agni,
1512 2150 1795 2210 prepterea

181 2241 327 2294 facta
361 2246 491 2294 sunt
515 2239 714 2292 omnia.
740 2235 831 2291 9.5.
868 2234 1088 2290 Necesse
1126 2245 1198 2289 est
1226 2251 1365 2306 ergo,
1391 2235 1592 2305 inquit,
1623 2250 1796 2288 exem-

183 2331 360 2400 plaria
389 2329 595 2398 quidem
619 2328 896 2382 cwlestium
927 2327 1006 2380 Itis
1046 2326 1308 2388 mandari,
1337 2327 1452 2394 ipsa
1497 2336 1663 2378 autem
1691 2341 1795 2380 rte-

182 2426 336 2478 lcstia
374 2422 669 2477 melioribus
708 2422 886 2477 hostiis
921 2437 1074 2490 quam
1109 2421 1240 2474 istis.
1280 2421 1346 2474 Et
1367 2420 1638 2489 quomodo
1668 2429 1797 2474 sunt

181 2514 518 2584 exemplaria
539 2529 730 2570 eorum
751 2529 872 2584 quae
899 2524 1022 2568 sunt
1047 2513 1100 2566 in
1118 2511 1300 2566 caelis?
1319 2511 1592 2580 quomodo
1615 2523 1795 2566 autem

183 2617 347 2660 \ocat
377 2621 521 2661 nunc
548 2621 607 2661 ea
637 2622 755 2675 quae
788 2614 914 2661 sant
941 2605 994 2658 in
1022 2604 1216 2660 ewlis?
1264 2621 1389 2658 num
1437 2605 1668 2658 ca-luat?
1707 2615 1797 2659 aut

182 2699 455 2769 angelos?
485 2697 630 2753 Nihil
661 2697 889 2760 horum;
936 2697 1026 2752 sed
1054 2705 1261 2750 nostra.
1291 2696 1486 2751 Nostra
1516 2713 1646 2768 ergo
1672 2708 1797 2752 sunt

185 2792 242 2844 in
271 2789 446 2856 caelis,
477 2800 531 2844 et
558 2800 743 2843 nostra
784 2797 909 2843 sunt
935 2789 1195 2855 caelestia,
1228 2788 1439 2842 etiamsi
1474 2799 1801 2859 peragantur

185 2885 244 2938 in
301 2896 466 2938 terra.
519 2883 652 2938 Nam
697 2884 874 2953 angeli
918 2889 1133 2953 quoqt'Je
1184 2894 1309 2937 sunt
1359 2884 1414 2938 in
1465 2894 1646 2950 terra,
1703 2885 1798 2940 sed

183 2977 446 3031 dicuntur
495 2977 778 3042 cmlestes;
838 2987 892 3031 et
947 2976 1240 3031 Cherubin:
1309 2987 1678 3046 apparuerunt
1746 2979 1798 3031 in

186 3079 357 3131 terra,
391 3077 518 3122 sunt
568 3079 743 3124 tamen
787 3068 1044 3123 ra-lestia.
1081 3069 1148 3123 Et
1192 3069 1317 3139 quid
1364 3069 1487 3124 dico
1531 3085 1798 3140 apparue-

188 3161 365 3215 runt?
400 3161 451 3213 itt
487 3170 628 3215 terra
661 3161 877 3232 quidem
908 3173 1058 3216 certe
1082 3161 1304 3231 degunt.
1337 3172 1389 3216 ut
1432 3162 1594 3217 etiam
1628 3164 1679 3216 in
1710 3178 1798 3232 pa-

187 3253 400 3307 radiso.
427 3253 531 3310 Sed
566 3255 699 3309 nihil
728 3255 829 3308 hoe
859 3255 1176 3323 impedivit;
1211 3265 1334 3310 sunt
1364 3256 1508 3310 enim
1539 3257 1798 3312 caelestia.

187 3343 261 3397 Et
286 3354 464 3398 nostra
481 3347 792 3400 conversatio
815 3349 952 3400 estin
974 3348 1112 3401 cwlis
1132 3346 1396 3418 (Philipp.
1415 3349 1467 3403 5.
1487 3348 1605 3416 20),
1622 3364 1804 3418 quanto

186 3439 277 3492 vis
311 3437 401 3492 hic
429 3453 728 3491 versemur.
780 3436 911 3507 Ipsa
939 3448 1110 3492 autem
1137 3440 1392 3506 caelestia;
1435 3439 1536 3495 hoc
1564 3449 1647 3495 est
1684 3441 1805 3511 phi-

190 3531 445 3600 losoithia
481 3531 565 3584 illa
597 3547 717 3600 qua:
759 3541 840 3585 est
868 3533 1009 3600 apud
1051 3548 1170 3597 nos,
1202 3533 1292 3602 qni
1337 3533 1462 3588 illuc
1491 3548 1679 3588 smnus
1710 3549 1805 3589 vo-

188 3624 324 3678 cati.
350 3621 670 3688 Melioribus,
693 3622 884 3692 ittqttit,
908 3623 1086 3677 hostiis
1107 3641 1260 3694 quant
1281 3625 1408 3678 istis.
1429 3625 1582 3691 Quod
1610 3625 1804 3680 melius

190 3725 302 3779 cst,
337 3715 518 3782 aliquo
569 3715 708 3766 lmno
741 3723 823 3767 est
856 3714 1086 3771 melius:
1131 3730 1262 3784 ergo
1296 3715 1512 3769 fuerunt
1553 3717 1714 3780 bona,
1752 3727 1807 3772 et

193 3806 528 3871 exemplaria
561 3822 748 3859 eorum
798 3822 918 3874 quae
951 3805 1002 3859 in
1051 3807 1221 3860 emlis.
1256 3806 1367 3861 Nec
1414 3809 1554 3862 mala
1606 3807 1804 3863 fuerint

193 3892 574 3961 exemplaria:
608 3907 731 3946 nam
768 3893 860 3947 illa
898 3908 1116 3964 quoque
1161 3903 1346 3950 essent
1390 3896 1530 3950 mala
1578 3911 1809 3966 quorum

193 3995 328 4040 sunt
357 3985 710 4054 exemplaria.

271 4077 328 4132 3.
360 4075 418 4130 Si
449 4092 579 4146 ergo
607 4093 793 4132 sumus
823 4077 1092 4145 ecclestes,
1124 4089 1179 4133 et
1208 4089 1385 4134 tamen
1416 4081 1691 4150 asseqnuti
1719 4096 1812 4135 su-

193 4184 323 4222 tnus
370 4167 690 4234 essentiam,
737 4170 1227 4238 pertimescamus:
1262 4189 1366 4226 non
1414 4174 1646 4243 amplius
1691 4189 1809 4228 nta-

195 4275 429 4314 neamus
461 4260 512 4313 in
547 4270 686 4314 terra
717 4279 729 4315 :
756 4261 878 4315 licet
904 4262 1049 4317 enim
1093 4264 1139 4316 ci
1175 4265 1265 4332 qui
1296 4266 1444 4328 velit,
1476 4267 1638 4319 etiam
1667 4283 1810 4322 nunc

195 4368 310 4406 non
361 4367 485 4407 esse
532 4353 584 4406 in
634 4361 800 4408 terra.
847 4355 978 4408 Nam
1011 4367 1069 4410 ut
1098 4357 1269 4413 simus
1312 4367 1365 4412 et
1406 4375 1512 4413 tton
1559 4361 1728 4416 simus
1759 4363 1809 4416 in

199 4451 369 4508 terra,
417 4441 475 4495 fit
523 4444 687 4517 animi
739 4445 988 4500 instituto
1020 4457 1074 4501 et
1123 4449 1422 4504 voluntate.
1463 4452 1530 4506 L't
1577 4457 1812 4523 exempli

195 4551 364 4590 causa
398 4554 410 4588 :
445 4535 588 4590 Deus
613 4536 813 4590 dicitur
839 4555 962 4594 csse
1001 4540 1053 4592 in
1085 4542 1258 4594 ett-lo:
1292 4545 1498 4609 quare?
1545 4563 1650 4599 non
1694 4547 1812 4601 loco

195 4625 475 4693 exclusus,
511 4628 671 4694 absit,
721 4645 894 4698 neque
936 4641 1133 4685 terram
1177 4634 1492 4705 relinquens
1537 4636 1808 4694 desertam

195 4734 299 4773 sua
333 4720 651 4790 pta‘sentia,
684 4721 778 4776 sed
811 4724 1044 4792 quadam
1073 4724 1390 4782 habitudine
1419 4727 1813 4786 familiaritate-

195 4828 304 4883 que
333 4813 792 4884 etconjunctimze
821 4831 940 4886 qure
969 4829 1052 4872 est
1082 4819 1161 4873 illi
1189 4835 1310 4874 cum
1337 4825 1560 4890 angelis.
1595 4823 1648 4878 Si
1680 4839 1813 4894 ergo

199 4920 302 4959 nos
325 4921 540 4973 quoque
559 4908 728 4960 simus
754 4920 976 4978 prepter
1003 4911 1194 4974 Deum,
1217 4929 1404 4966 smnus
1425 4915 1475 4967 in
1493 4917 1646 4971 creto.
1670 4917 1810 4986 Quid

196 4997 345 5052 enim
381 4998 513 5052 mihi
548 5015 691 5052 cura!
721 5011 801 5054 est
835 5003 1047 5066 caelum,
1079 5005 1295 5073 quando
1334 5007 1492 5059 \idt-o
1527 5009 1810 5063 Dominum

198 5089 586 5158 eteli?quando
604 5093 716 5157 ipse
747 5092 918 5147 factus
935 5095 1087 5150 fuero
1110 5098 1301 5150 emittm
1323 5098 1627 5155 ?l'cuiemus
1644 5103 1814 5171 enim,

202 5183 398 5252 inqttit,
433 5202 525 5253 ego
553 5197 598 5237 et
629 5184 788 5239 Pater
816 5205 977 5243 meus.
1003 5198 1046 5241 ct
1081 5192 1396 5244 ntausioncm
1425 5195 1564 5263 apud
1590 5211 1700 5246 cum
1729 5199 1812 5267 [a-

201 5279 393 5330 cicmus
441 5278 624 5346 (Joan.
661 5281 747 5334 Η.
782 5282 897 5348 25).
945 5283 1195 5335 Animam
1250 5300 1379 5353 ergo
1426 5286 1684 5342 faciamus
1714 5304 1812 5342 n0-

202 5368 284 5422 his
314 5369 532 5423 etelum.
565 5372 770 5424 (Ia'ltltn
802 5383 886 5426 est
942 5387 1128 5429 natura
1159 5375 1457 5443 jnenndum
1503 5391 1554 5432 et
1598 5382 1774 5434 |a~tunt
1801 5401 1812 5434 :

204 5477 382 5529 neque
413 5462 555 5514 enim
592 5463 642 5513 in
676 5472 997 5531 tempestate
1029 5469 1086 5519 tit
1117 5468 1326 5535 nigrum
1361 5487 1372 5519 :
1410 5487 1514 5523 nott
1545 5481 1708 5525 mutat
1744 5477 1817 5526 ta-

202 5554 380 5616 t'iem,
416 5555 508 5606 sed
558 5567 950 5611 concurrentes
1000 5562 1172 5612 nubes
1225 5561 1398 5630 ipsum
1452 5565 1815 5623 abscondunt.

204 5644 414 5695 tia-lunt
450 5644 611 5696 habet
639 5648 808 5700 solem
839 5667 848 5700 ;
892 5649 1151 5704 habemus
1173 5669 1271 5705 nos
1299 5670 1511 5723 quoque
1540 5659 1709 5713 solem
1730 5661 1816 5728 ju-

207 5737 393 5789 stiti-13.
423 5737 532 5789 Divi
561 5739 719 5790 livere
741 5742 852 5795 ticri
877 5752 1148 5811 tamquam
1168 5747 1357 5799 ca-lum
1393 5760 1476 5802 ἀοι
1499 5749 1652 5805 vich
1676 5755 1814 5817 quod

997 298 1060 353 l‘N
1101 298 1321 354 EPIST.
1365 298 1456 353 AD
1497 293 1862 355 HEBI'HEZOS.
1902 292 2061 349 CAP.
2103 290 2195 346 IX.
2242 289 2478 344 IlOMlL.
2522 287 2666 343 XVI.

3405 283 3506 339 ωδ

1895 393 2059 448 etiam
2091 392 2226 446 ea:to
2269 391 2426 446 liceat
2475 391 2590 446 fieri
2639 393 2921 448 meliorem
2953 402 3007 449 et
3054 396 3507 465 praestantiorem.

1900 486 2229 556 Quomodo?
2258 485 2488 555 Quando
2512 486 2643 542 solis
2670 487 2958 544 Dominum
2990 489 3361 545 habuerimus.
3391 492 3512 546 Ca:-

1901 582 2009 636 lunt
2059 590 2153 665 esg
2169 581 2319 636 omni
2353 594 2419 636 ex
2453 589 2606 649 parte
2635 597 2828 650 purum
2858 591 2914 636 et
2944 581 3370 651 immaculatum,
3405 599 3512 638 non

1901 672 2101 739 hieme,
2128 688 2234 727 non
2265 681 2423 727 nocte
2451 681 2715 727 mutatur.
2738 671 2816 728 Ne
2834 672 2938 728 hoe
2955 689 3085 745 ergo
3105 676 3261 730 nobis
3282 675 3512 742 accidat,

1901 779 2190 819 caveamus
2207 780 2273 819 ne
2288 763 2696 829 afflictionibus,
2715 773 2808 820 aut
2822 766 3023 821 diaboli
3041 768 3251 822 insidiis
3265 769 3512 838 appetiti,

1903 856 2008 911 tale
2055 857 2184 926 quid
2237 849 2669 926 patiamurised
2726 873 3044 913 maneamus
3092 860 3429 915 immaculati
3458 872 3514 915 et

1904 947 2108 1001 mundi.
2142 946 2346 1002 Caelum
2379 947 2755 1004 estexcelsum
2777 989 2792 1015 ,
2821 958 2876 1004 et
2902 966 2931 1003 a
2964 957 3107 1005 terra
3139 951 3302 1022 longe
3332 967 3515 1007 remo-

1905 1047 2046 1093 tum:
2067 1037 2169 1094 hoc
2183 1054 2280 1094 nos
2298 1054 2512 1109 quoque
2528 1038 2811 1108 faciamus,
2830 1055 2861 1095 a
2882 1051 3024 1096 terra
3045 1057 3145 1098 nos
3161 1043 3514 1109 abduCamus,

1896 1142 1951 1187 et
1967 1131 2034 1186 ad
2050 1133 2201 1187 illam
2216 1133 2550 1186 extollantur
2566 1131 3304 1202 attitudinem.thuomodo
3319 1149 3348 1187 a
3363 1143 3510 1187 terra

1896 1221 2277 1278 abducentur?
2309 1221 2364 1276 Si
2410 1223 2654 1277 caelestia
2683 1223 3015 1293 cogitemus.
3048 1222 3257 1278 Caelum
3299 1223 3512 1279 imbres

1892 1322 1949 1369 et
1966 1321 2320 1384 tempestates
2339 1321 2645 1383 superat,et
2661 1328 2687 1366 a
2707 1315 2858 1367 nullo
2873 1314 3120 1384 capitur:
3141 1315 3246 1370 hoc
3264 1329 3517 1385 nosqno—

1891 1422 2002 1476 que
2025 1408 2356 1477 poterimus,
2384 1408 2428 1460 si
2459 1407 2715 1462 velimus.
2747 1407 2860 1460 lloe
2884 1409 3104 1476 quidem
3134 1410 3243 1477 pati
3273 1410 3509 1476 videtur,

1909 1501 2082 1570 ipsum
2129 1511 2308 1556 tamen
2356 1516 2464 1555 non
2494 1501 2701 1571 patitur
2729 1517 2743 1555 :
2769 1516 2872 1557 nec
2900 1516 3000 1556 nos
3035 1517 3168 1573 ergo
3210 1487 3515 1571 patiamur,

1899 1593 2111 1648 etiamsi
2135 1593 2417 1646 videamur
2447 1593 2574 1661 pati.
2606 1592 2737 1647 Nam
2760 1601 2816 1645 ut
2845 1594 2896 1646 in
2916 1591 3094 1646 hieme
3121 1593 3273 1646 multi
3292 1590 3512 1662 quidem

1906 1703 2012 1742 non
2035 1696 2233 1742 norunt
2248 1687 2365 1756 eius
2388 1685 2862 1756 pulchritudinem,
2883 1685 2977 1739 sed
2998 1685 3309 1739 existimant
3335 1685 3509 1755 ipsum

1899 1778 2098 1834 mutari
2118 1796 2132 1842 ;
2156 1778 2466 1848 philosophi
2494 1786 2674 1831 autem
2702 1777 2880 1830 sciunt
2904 1777 3076 1845 ipsum
3102 1775 3233 1829 nihil
3251 1789 3372 1830 esse
3391 1789 3515 1844 pas-

1897 1886 2017 1926 sum
2056 1888 2069 1925 :
2095 1871 2164 1924 ita
2189 1871 2352 1924 etiam
2379 1869 2534 1922 nobis
2560 1867 2811 1922 usuvenit
2839 1868 2890 1921 itt
2918 1865 3324 1930 afﬂictionibus,
3358 1866 3510 1920 multi

1898 1961 2118 2032 quidem
2151 1961 2469 2016 existimant
2504 1976 2603 2014 nos
2629 1973 2751 2014 esse
2774 1966 3158 2022 eumtnutatos,
3182 1968 3237 2013 et
3263 1955 3513 2011 afflictio-

1900 2072 2026 2111 nem
2057 2055 2222 2111 corda
2253 2065 2434 2110 nostra
2471 2054 2740 2124 tetigisse;
2774 2052 2916 2123 quod
2948 2064 3129 2107 autem
3159 2067 3258 2105 nos
3285 2067 3390 2106 non
3419 2061 3501 2106 te-

1899 2149 2104 2217 tigerit,
2129 2157 2326 2201 noruut
2351 2147 2678 2216 philosophi.
2698 2144 2807 2200 Nos
2826 2160 2955 2216 ergo
2973 2147 3163 2200 ezetum
3185 2143 3509 2211 efﬁciamur,

1899 2238 2261 2296 ascendamus
2292 2238 2344 2292 in
2386 2238 2534 2293 illam
2581 2236 2947 2301 altitudinem,
2980 2245 3033 2289 et
3085 2237 3159 2289 ita
3211 2234 3513 2290 videbimus

1899 2331 2148 2388 homines
2167 2329 2535 2385 nihilditl‘erre
2561 2345 2590 2384 a
2620 2329 2858 2383 formicis
2881 2346 2894 2382 :
2918 2343 3022 2382 non
3047 2329 3240 2393 solum,
3268 2329 3509 2398 inquam,

1898 2437 2166 2493 pauperes
2192 2423 2495 2482 etdivites:
2526 2422 2619 2476 sed
2643 2421 2857 2477 etiamsi
2882 2423 2950 2476 sit
2979 2422 3285 2491 prmfeetus,
3317 2421 3360 2474 si
3393 2436 3509 2484 rex,

1898 2531 2001 2572 nec
2024 2532 2230 2586 regem,
2263 2532 2362 2572 nec
2399 2517 2666 2586 privatum
2697 2516 3132 2570 internoseemus
3165 2533 3176 2566 :
3207 2514 3512 2568 nesciemus

1899 2607 2025 2677 qttid
2058 2611 2129 2662 sit
2158 2623 2369 2673 aurum,
2401 2608 2528 2677 quid
2556 2615 2862 2676 argentum,
2883 2605 3012 2676 quid
3034 2605 3200 2660 vestis
3225 2604 3396 2658 serica
3420 2612 3515 2657 aut

1900 2715 2167 2770 purpurea
2205 2719 2216 2751 :
2247 2702 2427 2754 omnia
2450 2700 2754 2754 videbimus
2779 2708 3051 2768 tamquam
3081 2713 3318 2762 muscas,
3353 2697 3396 2750 si
3427 2712 3513 2752 se-

1898 2791 2210 2847 deritnusin
2237 2792 2325 2846 illa
2356 2791 2643 2845 altitudine
2676 2809 2688 2846 :
2723 2792 2904 2845 nullus
2935 2791 3044 2845 illic
3079 2791 3373 2855 tumultus,
3411 2805 3512 2845 nec

1900 2881 2258 2953 perturbatio,
2280 2898 2456 2952 neque
2489 2883 2714 2936 clamor.
2747 2883 2812 2937 Et
2841 2881 3134 2952 quomodo,
3164 2881 3357 2950 inquit,
3395 2881 3511 2936 fieri

1897 2984 2080 3046 pctest
2111 2985 2169 3030 ut
2191 2976 2256 3031 ad
2289 2987 2494 3030 tantam
2529 2977 2823 3031 extollatur
2845 2976 3184 3032 altitudinem
3208 2977 3298 3047 qui
3322 2977 3515 3031 authu-

1899 3067 1977 3122 lat
2005 3068 2055 3121 in
2088 3077 2231 3123 terra
2251 3068 2276 3122 ?
2296 3067 2488 3123 Verbis
2522 3068 2740 3137 quidem
2773 3083 2875 3124 non
2901 3067 3044 3134 dico,
3069 3067 3164 3123 sed
3188 3069 3351 3122 rebus
3379 3067 3512 3137 ipsis

1897 3159 2128 3213 ostendo
2171 3174 2266 3214 eos
2297 3160 2387 3229 qui
2429 3159 2494 3214 ad
2546 3158 2694 3214 illam
2734 3169 3100 3230 pervenerunt
3144 3160 3508 3216 altitudinem.

1897 3251 2131 3317 Quinam
2161 3251 2196 3306 ii
2243 3251 2406 3306 sunt?
2434 3250 2631 3306 Paulus
2656 3260 2714 3307 et
2739 3253 2857 3322 ejus
2883 3252 3126 3318 asseelre,
3149 3252 3240 3323 qui
3270 3267 3392 3307 eum
3420 3269 3511 3309 es-

1897 3352 2020 3397 sent
2044 3357 2211 3412 super
2234 3351 2458 3407 terram,
2491 3345 2849 3398 versabantur
2870 3345 2922 3398 in
2953 3344 3107 3398 creto.
3142 3345 3208 3399 Et
3233 3345 3360 3415 quid
3388 3345 3512 3400 dico

1898 3436 1950 3490 in
1984 3437 2159 3491 ceeto‘?
2189 3437 2360 3491 Erant
2405 3435 2542 3492 cat-lo
2581 3437 2839 3502 altiores,
2879 3447 2934 3492 et
2981 3438 3090 3494 alio
3138 3438 3277 3494 CiCiO
3303 3480 3319 3506 ,
3368 3447 3423 3494 et
3443 3439 3508 3492 ad

1898 3528 2065 3583 Deum
2097 3528 2272 3598 ipsum
2299 3528 2698 3592 ascenderunt,
2737 3529 2866 3596 Quis
2893 3528 3030 3583 enim
3074 3545 3167 3583 nos
3211 3531 3504 3599 separabit,

1899 3619 2092 3690 inquit,
2125 3637 2156 3672 a
2187 3621 2402 3674 caritate
2431 3618 2622 3675 Christi
2646 3621 2671 3674 ?
2702 3621 2968 3675 tribulatio
2989 3664 3003 3689 ,
3035 3638 3101 3675 an
3145 3623 3414 3692 angustia,
3444 3641 3510 3677 at;

1898 3717 2083 3784 fames,
2112 3730 2177 3766 an
2207 3714 2525 3782 persequutio
2552 3755 2565 3778 ,
2601 3730 2668 3767 an
2700 3714 2928 3779 nuditas,
2961 3731 3028 3767 an
3069 3715 3355 3779 periculum
3379 3757 3392 3779 ,
3444 3733 3509 3770 an

1897 3804 2101 3875 gladius
2131 3804 2313 3872 (llam.
2341 3805 2394 3859 8.
2416 3803 2546 3877 55)?
2575 3813 2628 3860 et
2655 3821 2864 3868 rursus,
2897 3804 3020 3858 Non
3049 3807 3511 3869 contemplantibus

1898 3899 2044 3952 nobis
2070 3914 2184 3970 qua?
2213 3900 2478 3964 videntur,
2503 3899 2593 3954 sed
2629 3915 2744 3969 qnte
2772 3916 2874 3954 non
2919 3899 3160 3953 videntur
3192 3899 3269 3972 (2.
3303 3899 3424 3955 Cor.
3453 3904 3512 3957 4.

1901 3991 2011 4060 t8).
2038 3989 2201 4045 Vides
2221 3989 2365 4059 quod
2396 4005 2498 4044 nec
2517 4005 2576 4043 ea
2608 3990 2828 4061 quidem
2857 4007 2980 4060 quae
3002 3993 3088 4046 hic
3114 4002 3238 4046 sunt
3263 3992 3510 4048 videbat?

1898 4079 1967 4135 Ut
1995 4089 2174 4134 autem
2227 4078 2315 4133 tibi
2347 4082 2635 4136 ostendam
2667 4082 2810 4150 quod
2840 4082 2987 4136 ezelis
3013 4090 3131 4136 erat
3161 4084 3346 4148 altior,
3385 4083 3509 4140 audi

1891 4178 2015 4218 eum
2047 4163 2318 4219 dicentem
2349 4181 2362 4217 :
2394 4163 2577 4219 Certus
2616 4182 2730 4217 sum
2761 4167 2893 4220 enim
2921 4209 2936 4231 ,
2979 4170 3120 4240 quod
3168 4185 3331 4239 neque
3370 4185 3507 4221 mors

1891 4271 2052 4326 neque
2081 4260 2202 4322 vita,
2227 4267 2386 4324 neque
2408 4258 2679 4326 prazsentia
2702 4275 2861 4328 neque
2883 4264 3081 4328 futura.
3106 4277 3267 4329 neque
3287 4259 3507 4313 altitudo

1892 4363 2055 4416 neque
2083 4347 2418 4416 profundum,
2449 4364 2609 4418 neque
2643 4351 2751 4401 ulla
2793 4351 2896 4402 alia
2925 4363 3163 4404 creatura
3204 4353 3386 4421 poterit
3416 4368 3504 4402 uos

1891 4457 2133 4509 separare
2155 4457 2187 4494 a
2211 4442 2424 4495 caritate
2453 4441 2643 4496 Christi
2675 4441 2852 4510 (Rom.
2881 4443 2934 4498 8.
2965 4444 3055 4500 58.
3090 4442 3206 4516 59).

1965 4533 2020 4587 4.
2047 4532 2314 4586 Laudatur
2333 4532 2491 4587 Pauli
2504 4534 2800 4604 magnitudo
2817 4535 2998 4588 animi.
3032 4533 3110 4589 De
3132 4535 3444 4605 funambnlis
3463 4543 3507 4585 et

1893 4624 2011 4678 aliis
2032 4623 2506 4678 ludicris.—Vides
2525 4625 2797 4693 quomodo
2827 4625 2964 4680 ratio
2993 4627 3246 4680 omnibus
3278 4637 3509 4694 praeter-

1899 4716 2101 4781 cursis,
2152 4731 2276 4770 eum
2329 4715 2572 4770 atl'eeerit
2620 4717 2980 4786 superiorem,
3017 4731 3123 4772 non
3177 4717 3278 4771 hac
3332 4718 3508 4772 solum

1897 4817 2169 4871 creatura,
2203 4823 2310 4860 non
2341 4805 2425 4860 his
2447 4807 2616 4871 cmlis,
2637 4807 2730 4860 sed
2759 4816 2813 4862 et
2836 4808 2880 4860 si
2913 4809 3005 4878 qui
3029 4809 3138 4862 sint
3165 4807 3295 4861 alii?
3322 4808 3509 4862 Vidisti

1901 4900 2099 4954 mentis
2122 4898 2500 4953 altitudinem?
2537 4899 2714 4951 vidisti
2739 4899 2914 4968 qualis
2944 4899 3108 4953 fuerit
3132 4899 3506 4953 tabernaculo-

1900 5010 2017 5047 rum
2041 5002 2328 5048 eontextor
2353 4992 2568 5060 quando
2593 4993 2777 5053 voluit,
2809 4994 2899 5061 qui
2935 5003 3099 5047 totam
3132 4994 3294 5044 vitant
3319 4994 3368 5044 in
3397 4991 3514 5044 foro

1903 5084 2270 5153 transegerat?
2298 5082 2514 5135 Nullum
2558 5083 2702 5136 enim
2751 5092 2867 5146 est,
2917 5083 3124 5136 nullum
3169 5091 3253 5137 est
3286 5082 3515 5152 impedi-

1903 5186 2144 5230 mentum
2179 5191 2287 5244 quo
2319 5176 2498 5228 minus
2545 5191 2734 5228 omnes
2775 5190 3134 5243 superemus,
3169 5177 3212 5228 si
3261 5175 3513 5228 velimus.

1902 5269 2036 5324 Nam
2070 5269 2112 5322 si
2141 5278 2288 5322 artes
2310 5285 2429 5337 qum
2458 5269 2599 5338 vulgi
2629 5279 2843 5337 captum
2869 5280 3122 5337 superant
3147 5312 3159 5333 ,
3195 5269 3334 5323 adeo
3369 5281 3516 5323 recte

1905 5363 2166 5418 diseimus
2183 5371 2238 5416 et
2258 5378 2597 5426 exercemus,
2619 5363 2788 5416 multo
2820 5363 2990 5430 magis
3021 5363 3068 5415 id
3094 5362 3234 5432 quod
3267 5380 3371 5416 non
3397 5374 3517 5430 eget

1908 5464 2057 5508 tanto
2089 5456 2290 5507 labore.
2322 5455 2458 5518 Quid
2489 5455 2652 5516 enim,
2684 5455 2768 5508 die
2801 5455 2953 5515 mihi,
2977 5463 3056 5506 est
3083 5456 3298 5523 gravius
3328 5465 3379 5508 et
3414 5457 3513 5507 tltt'a

1911 5549 2102 5601 lieilius
2134 5563 2291 5616 quam
2322 5562 2417 5615 per
2447 5547 2624 5599 funem
2663 5555 2944 5599 extensum
2983 5547 3212 5615 ingredi,
3245 5558 3516 5616 tamquam

1913 5641 1962 5692 in
1999 5640 2159 5705 plano
2187 5641 2326 5702 solo,
2361 5647 2416 5690 et
2447 5637 2498 5690 in
2529 5638 2635 5691 allo
2664 5638 3034 5691 amlmlanteut
3070 5653 3126 5689 se
3174 5637 3418 5698 induere,
3469 5648 3521 5690 et

1913 5751 2111 5787 exuere
2146 5744 2412 5801 tamquam
2443 5733 2491 5784 in
2526 5733 2664 5787 lecto
2689 5733 3011 5787 sedentem?
3046 5749 3225 5786 nonne
3255 5749 3342 5785 res
3376 5731 3510 5785 vide
