4060 6438
593 287 681 346 ΙὶἸ

596 395 681 437 tur
709 383 862 439 nobis
887 397 1008 441 esse
1032 384 1168 442 adeo
1193 385 1480 452 horrenda,
1516 398 1570 442 ut
1610 406 1676 444 ne
1703 390 1925 446 velimus
1952 391 2168 461 quidem

591 488 855 547 spectare,
875 478 969 534 sed
993 480 1291 543 timeamus,
1314 488 1367 534 et
1391 479 1456 533 ad
1480 482 1648 549 ipsum
1666 493 1938 552 aspectum
1961 495 2170 539 contre-

593 568 883 622 miscamus
905 569 928 622 ?
954 569 1090 637 Quid
1121 582 1300 624 autem
1324 580 1426 636 est,
1460 572 1544 626 die
1573 574 1725 642 mibi,
1755 576 1969 645 gravius
1996 577 2167 632 etdif-

593 658 786 713 ﬁcilius
815 676 972 726 quam
996 661 1047 713 in
1079 659 1213 715 facie
1243 671 1461 716 contum
1483 644 1788 733 suscipere;
1818 644 2011 721 deinde
2043 683 2171 736 puc-

593 765 709 804 rum
739 751 789 804 ei
813 751 1118 819 impositura
1160 750 1345 807 ludere
1368 753 1795 822 innumerabilia,
1824 766 1877 813 et
1900 757 2169 816 oblectare

591 841 960 910 spectatores?
987 842 1113 911 quid
1142 844 1359 912 gravius
1382 856 1436 901 et
1461 846 1730 903 difﬁcilius
1755 865 1913 919 quam
1943 852 1994 906 in
2020 854 2166 908 ensi-

590 931 690 984 bus
716 930 922 1000 splucra
947 931 1176 988 ludere?
1202 935 1329 1004 quid
1353 945 1454 1000 est,
1482 936 1568 990 dic
1590 938 1741 1003 mihi,
1768 941 1986 1010 gravius
2009 957 2168 1012 quam

589 1022 818 1077 scrutari
844 1020 1172 1090 profundum
1205 1026 1408 1079 maris?
1434 1027 1504 1081 Et
1527 1028 1658 1082 alias
1691 1039 1835 1084 artes
1858 1031 2167 1087 innumera-

585 1112 724 1166 biles
746 1114 982 1180 potueris
1000 1115 1182 1171 dicere
1209 1133 1226 1168 :
1252 1117 1347 1172 sed
1376 1116 1459 1171 bis
1479 1119 1727 1175 omnibus
1742 1129 1828 1175 est
1853 1123 2022 1178 virtus
2044 1121 2172 1178 faci-

587 1203 713 1268 lior,
731 1201 778 1257 si
798 1201 1043 1268 velimus,
1065 1213 1122 1260 et
1139 1207 1448 1262 ascensioin
1463 1209 1654 1264 cadum
1680 1227 1696 1264 :
1725 1210 1810 1266 hic
1833 1213 1976 1267 enim
1995 1213 2168 1267 solum

599 1298 820 1357 oportet
844 1289 985 1346 velle
1025 1299 1080 1345 et
1107 1292 1286 1347 omnia
1327 1304 1642 1362 sequuntur.
1672 1293 1788 1350 Non
1823 1295 1949 1352 licet
1986 1297 2186 1362 dicere,

596 1375 712 1433 Non
747 1392 964 1448 possum
989 1395 1003 1444 ;
1049 1379 1100 1434 id
1130 1389 1215 1435 est
1254 1395 1509 1437 accusare
1537 1381 1796 1452 Opificcm
1826 1404 1842 1439 :
1871 1401 1990 1439 nam
2019 1387 2063 1441 si
2091 1403 2190 1442 nos

597 1468 720 1522 fecit
749 1469 1046 1524 imbecillos
1089 1481 1142 1526 et
1169 1471 1371 1539 iubeat,
1407 1473 1574 1541 ipsius
1603 1484 1684 1529 est
1711 1478 2005 1530 accusatio.
2043 1476 2189 1545 Quo-

597 1560 758 1616 modo
803 1577 950 1633 ergo,
983 1563 1175 1632 inquit,
1229 1565 1382 1620 multi
1437 1583 1543 1622 non
1589 1569 1855 1637 possunt?
1904 1570 2036 1635 Quia
2091 1585 2186 1625 no-

595 1654 732 1708 lunt.
761 1653 1046 1721 Quomodo
1071 1672 1178 1710 non
1203 1657 1432 1712 volunt?
1456 1659 1572 1714 Pr:e
1601 1660 1806 1716 desidia
1840 1679 1855 1714 :
1885 1677 2004 1716 nam
2033 1663 2075 1718 si
2095 1677 2190 1718 vo-

595 1746 816 1810 luerint,
849 1757 1104 1815 poterunt
1155 1750 1395 1804 omnino.
1447 1751 1732 1820 Propterea
1775 1754 1969 1808 Paulus
2013 1753 2183 1807 dicit:

607 1833 734 1891 Volo
763 1854 935 1891 onmes
964 1840 1193 1893 homines
1215 1856 1323 1894 esse
1348 1842 1477 1894 sicut
1498 1843 1743 1913 meipsum
1774 1845 1820 1913 (l
1837 1885 1848 1896 .
1875 1843 1994 1899 Cor.
2018 1845 2067 1898 7.
2103 1847 2182 1917 7),

593 1929 848 1997 quoniam
877 1930 1083 1984 sciebat
1116 1946 1306 1986 omnes
1333 1947 1495 2002 posse
1548 1949 1667 1988 esse
1698 1935 1837 1988 sicut
1879 1948 1994 1990 erat
2025 1937 2137 2004 ipso
2165 1954 2178 1989 :

595 2035 768 2090 neque
795 2022 939 2076 enim
969 2022 1071 2077 hoc
1098 2023 1341 2086 dixisset,
1403 2025 1447 2078 si
1506 2025 1616 2079 ﬁeri
1672 2043 1778 2080 non
1835 2036 2034 2096 posset.
2095 2029 2184 2084 Vis

595 2114 709 2168 fieri
768 2115 1003 2182 probus?
1040 2118 1214 2171 solum
1246 2117 1589 2187 apprehende
1632 2120 1866 2175 initium.
1914 2120 2048 2176 Nam
2095 2125 2183 2180 dic

594 2205 722 2258 mihi
749 2244 765 2269 ,
817 2205 868 2257 in
897 2206 1148 2259 oninibus
1187 2209 1395 2262 artibus
1416 2251 1431 2273 ,
1474 2210 1520 2263 si
1569 2210 1798 2265 velimus
1825 2227 1918 2266 eas
1945 2216 2180 2282 “sequi,

591 2295 862 2351 sufficitue
905 2297 1058 2352 nobis
1087 2300 1242 2364 velle,
1285 2316 1352 2354 an
1381 2301 1540 2355 etiam
1572 2317 1659 2357 res
1687 2305 2067 2374 aggredimur?
2117 2307 2204 2362 Ut-

1293 278 1349 332 S.
1382 272 1658 332 JOANNIS
1691 269 1825 326 Clll'.
1845 263 2162 323 ίὸυδτυδίί
2202 261 2533 318 ΛΗΟΙΙΙΕΡί
2561 260 3089 318 CUNS'I'ANTINOP.

3774 252 3875 312 138

2252 375 2484 445 exempli
2504 389 2662 428 causa
2694 392 2708 428 :
2742 374 2856 427 vult
2877 373 3069 441 aliquis
3088 383 3209 426 esse
3230 367 3566 441 gubernator
3591 382 3605 414 =
3639 379 3746 420 non
3773 363 3854 417 di-

2252 471 2344 529 cit,
2363 466 2516 529 Volo,
2535 478 2588 522 et
2620 467 2720 520 hoc
2744 467 2794 520 ei
2819 464 3039 528 sufﬁcit,
3066 463 3160 519 sed
3181 464 3342 518 etiam
3371 474 3486 515 rem
3514 458 3845 528 aggreditur.

2256 561 2379 614 Vult
2429 569 2698 615 mercator
2749 572 2869 613 esse
2911 574 2925 609 :
2969 572 3076 612 non
3124 557 3300 611 solum
3346 554 3497 617 dicit,
3543 552 3703 616 Volo,
3753 550 3851 606 sed

2251 667 2364 707 rem
2395 652 2641 720 suscipit.
2674 651 2800 704 Vult
2831 664 3053 720 peregre
3081 648 3350 718 proﬁcisci
3376 665 3391 700 :
3417 660 3523 700 nou
3548 645 3704 708 dicit,
3737 641 3850 698 Vo-

2252 742 2324 803 lo.
2357 753 2583 803 tantum.
2615 742 2709 797 sed
2743 743 2903 797 etiam
2935 757 3048 796 rem
3071 740 3407 812 aggreditur.
3435 739 3618 807 Itaque
3641 737 3697 790 in
3725 749 3850 790 om-

2261 831 2417 883 nibus
2440 844 2545 883 nou
2568 827 2765 883 sufﬁcit
2791 828 2966 882 solum
2995 827 3154 892 velle,
3181 827 3275 881 sed
3302 825 3498 881 factum
3524 840 3743 896 quoque
3775 834 3862 881 est

2259 922 2564 982 addendum
2590 936 2604 976 :
2639 922 2829 976 volens
2854 931 3036 976 autem
3081 922 3133 974 in
3161 919 3354 974 cadum
3383 917 3699 983 ascendere,
3724 916 3860 972 dicis

2259 1014 2460 1076 solum,
2503 1013 2677 1068 Volo?
2703 1010 2988 1079 Quomodo
3025 1024 3188 1081 ergo,
3222 1010 3393 1078 inquit
3417 1051 3430 1073 ,
3464 1008 3686 1063 dicebas
3715 1008 3858 1078 quod

2260 1102 2458 1159 sufficit
2493 1102 2667 1158 velle?
2701 1103 2848 1158 \‘clle
2874 1117 2997 1157 cum
3031 1101 3203 1166 factis,
3238 1115 3350 1154 rem
3381 1110 3437 1154 et
3464 1100 3704 1155 laborem
3739 1114 3862 1154 sus-

2257 1197 2460 1266 cipere.
2489 1194 2760 1251 Habemus
2807 1195 2953 1249 enim
2993 1194 3160 1248 Deum
3205 1191 3550 1260 adjuvantem
3593 1199 3649 1247 et
3697 1206 3858 1258 apem

2262 1290 2524 1345 ferentem
2557 1305 2572 1343 :
2605 1288 2782 1343 solum
2830 1287 3114 1357 eligamus,
3146 1284 3322 1340 solum
3345 1284 3410 1338 ad
3443 1299 3556 1339 rem
3587 1291 3862 1350 tamquam

2260 1382 2325 1438 ad
2355 1397 2490 1452 opus
2516 1381 2837 1437 accedamus
2861 1421 2876 1447 ,
2911 1389 3117 1434 tantum
3161 1377 3334 1432 simus
3377 1376 3621 1440 solliciti,
3653 1384 3866 1430 tantum

2261 1485 2497 1531 mentem
2527 1473 2900 1536 adhibeamus,
2927 1480 2984 1528 et
3008 1471 3187 1526 omnia
3214 1481 3533 1541 sequuntur.
3563 1469 3659 1524 Sin
3682 1476 3862 1523 autem

2261 1569 2614 1633 dormiamus,
2629 1576 2685 1622 et
2711 1575 3006 1622 stcrtentes
3025 1574 3404 1635 exspectemus
3418 1563 3612 1618 cadum
3633 1560 3865 1631 ingredi,

2261 1658 2477 1729 quando
2504 1659 2802 1728 poterimus
2827 1657 3181 1712 hereditatem
3198 1655 3455 1710 etclorum
3485 1649 3865 1723 apprehende—

2263 1753 2366 1808 re?
2404 1751 2647 1807 Velimus
2672 1765 2823 1821 ergo,
2851 1765 3003 1820 rogo,
3032 1749 3278 1804 velimus.
3305 1747 3416 1802 Cur
3440 1745 3507 1800 ad
3533 1745 3674 1798 hanc
3701 1746 3867 1797 vitam

2263 1845 2444 1899 omnia
2475 1857 2783 1898 mercamur
2807 1881 2822 1906 ,
2856 1856 3016 1910 quam
3063 1853 3184 1894 cras
3214 1836 3560 1893 deserimus?
3591 1835 3868 1904 Eligamus

2263 1952 2392 2008 ergo
2414 1935 2690 2000 virtutem,
2718 1949 2838 2004 qua:
2867 1933 3022 1988 uobis
3045 1932 3097 1987 in
3124 1946 3286 1986 omne
3307 1930 3564 1985 sarculum
3596 1929 3867 1982 sufficiet:

2263 2029 2318 2083 in
2345 2041 2451 2098 quo
2481 2034 2742 2097 perpetuo
2769 2026 2991 2084 erimus,
3041 2033 3098 2078 et
3143 2023 3301 2076 bonis
3351 2021 3571 2076 aeternis
3615 2016 3869 2091 perfrue-

2262 2138 2388 2177 mur
2414 2138 2428 2175 :
2455 2137 2574 2191 qua:
2603 2118 2808 2175 utinam
2839 2132 3028 2172 omnes
3054 2130 3444 2187 assequamur,
3476 2113 3651 2184 gratia
3684 2121 3742 2166 et
3771 2112 3863 2166 be-

2263 2212 2541 2284 nignitate,
2573 2221 2680 2267 etc.

1929 2512 2272 2575 HOMILIA
2322 2515 2524 2577 XVII.

583 2653 712 2711 CAP.
759 2654 810 2710 9.
849 2672 899 2709 ν.
930 2655 1018 2709 ΩΑ.
1061 2652 1183 2708 Νοη
1213 2655 1346 2708 enim
1373 2656 1422 2708 in
1456 2658 1747 2726 mmmfacta
1792 2665 1969 2708 sancta
2012 2654 2174 2710 Iesus

655 2749 870 2811 introiit,
897 2748 1211 2813 exeinplariu
1248 2763 1476 2801 verorum
1501 2767 1519 2813 ;
1551 2749 1638 2802 sed
1663 2750 1716 2801 in
1744 2750 1910 2816 ipsum
1950 2753 2130 2803 etclam
2155 2790 2169 2814 ,

656 2847 710 2892 ut
734 2849 978 2908 appareat
1005 2855 1140 2892 nunc
1170 2840 1328 2894 vultui
1355 2839 1450 2895 Dei
1481 2857 1575 2907 pro
1603 2842 1745 2895 nobis
1774 2856 1793 2895 :
1811 2841 1902 2896 9.5.
1933 2858 2090 2911 neque
2119 2849 2173 2895 ut

654 2946 789 3000 πρε
808 2928 989 2997 o/ferat
1018 2931 1268 2999 seipsum,
1299 2935 1722 3002 quemadmodum
1751 2935 1983 3004 pontifex
2012 2935 2166 2988 intrat

655 3024 707 3076 in
736 3035 914 3092 sancta
939 3035 1230 3077 sanctorum
1261 3041 1349 3092 per
1393 3023 1620 3095 singulos
1646 3042 1808 3079 annos
1833 3026 1888 3079 in
1926 3028 2175 3096 sanguine

653 3117 821 3171 alieno
853 3135 871 3172 :
891 3116 983 3172 ‘26.
1013 3119 1205 3188 alioqui
1232 3118 1493 3188 Oportebat
1520 3135 1632 3172 eum
1663 3122 1950 3188 frequenter
1978 3120 2083 3186 pati
2111 3119 2173 3173 ab

665 3201 860 3268 origine
883 3202 1056 3250 mundi
1089 3214 1107 3250 :
1138 3214 1272 3250 mtnc
1295 3207 1464 3250 autem
1492 3198 1644 3250 semul
1670 3198 1720 3250 in
1749 3198 2183 3251 consummatione

665 3289 967 3343 surculorum
994 3288 1062 3340 ad
1085 3289 1454 3341 destitutionem
1478 3289 1667 3356 peccati
1685 3306 1774 3358 per
1796 3288 2010 3342 hostium
2034 3305 2182 3342 suam

665 3386 925 3451 apparuit.

666 3474 716 3526 1.
743 3471 910 3526 Valde
939 3471 1035 3526 sibi
1075 3472 1355 3540 placebant
1382 3481 1434 3525 et
1458 3471 1818 3527 efferebantur
1844 3471 2013 3528 Judaei
2053 3489 2177 3541 pro-

593 3575 712 3636 pter
739 3565 994 3633 templum
1035 3574 1091 3619 et
1137 3564 1583 3619 tabernaculum:
1627 3575 1678 3619 et
1722 3565 1841 3621 ideo
1888 3566 2178 3632 dicebant,

593 3657 861 3725 Templum
924 3655 1159 3718 Domini,
1221 3656 1460 3724 templum
1510 3655 1714 3710 Domini
1765 3655 1928 3727 (Jer._
1983 3657 2035 3710 7.
2086 3657 2179 3727 5).

598 3747 869 3815 Nusquam
906 3747 1046 3800 enim
1093 3756 1353 3799 terrarqu
1383 3754 1754 3798 constructum
1784 3743 1886 3798 fuit
1915 3743 2178 3813 ejusmodi

601 3837 878 3907 ien'iplum,
908 3851 1006 3890 nec
1032 3836 1173 3905 quod
1202 3840 1394 3890 attinet
1433 3837 1501 3888 ad
1537 3847 1807 3904 sumptum
1853 3849 1915 3887 ac
1941 3833 2182 3904 magnifi-

596 3928 850 3991 centiam,
885 3941 987 3982 nec
1028 3929 1171 3997 quod
1203 3927 1266 3980 ad
1295 3925 1769 3995 pulchritudinem,
1804 3941 1901 3979 nec
1928 3925 2068 3995 quod
2112 3925 2179 3979 ad

597 4017 822 4086 quodvis
863 4017 1026 4078 aliud.
1081 4019 1220 4073 Deus
1263 4019 1403 4071 enim
1455 4017 1546 4086 qui
1587 4017 1973 4082 conatituerat,
2022 4018 2182 4086 jussit

599 4111 773 4175 ipsum
820 4107 933 4163 fieri
960 4123 1078 4162 cum
1119 4109 1282 4162 multa
1314 4108 1729 4177 magnificentia,
1775 4109 2026 4178 quoniam
2068 4124 2178 4161 mtt-

596 4199 677 4265 gis
722 4199 1112 4253 inducebantur
1157 4198 1230 4253 illi
1262 4207 1315 4253 et
1344 4199 1749 4253 attrabebautur
1787 4199 2175 4267 corporalibus.

599 4291 818 4345 lateres
843 4291 985 4344 enim
1027 4305 1221 4345 aureos
1271 4289 1501 4344 habebat
1528 4291 1576 4343 in
1627 4292 1949 4360 parietibus,
1977 4302 2030 4347 et
2058 4295 2180 4348 licet

598 4381 793 4436 volenti
827 4381 877 4435 id
923 4381 1131 4436 discere
1182 4382 1232 4434 iu
1261 4381 1500 4436 secundo
1529 4382 1732 4452 Regum
1785 4394 1839 4437 et
1880 4384 2018 4452 apud
2051 4386 2181 4441 Eze—

595 4474 860 4538 t-liielem,
919 4481 973 4527 et
1025 4484 1156 4542 quot
1202 4474 1315 4527 auri
1376 4473 1573 4527 talenta
1629 4485 1752 4527 tunc
1811 4474 2004 4529 fuerint
2051 4491 2181 4530 con—

598 4577 827 4632 sumpta.
874 4563 1118 4619 Secunda
1169 4573 1347 4618 autem
1398 4564 1681 4619 aedificatio
1723 4565 1816 4618 fuit
1848 4568 2176 4634 praeclarior,

592 4664 646 4708 et
697 4663 920 4726 propter
978 4654 1428 4723 pulchritudinem
1505 4664 1560 4708 et
1615 4665 1833 4725 propter
1892 4657 1995 4710 alia
2065 4674 2182 4712 om—

595 4746 700 4801 nia.
739 4744 853 4801 Nec
881 4755 1164 4815 propterea
1194 4746 1369 4800 solum
1407 4756 1524 4800 erat
1555 4747 1892 4816 magnificum
1924 4758 1979 4803 et
2017 4766 2182 4806 vene-

593 4838 852 4902 randum,
905 4839 1000 4893 sed
1039 4840 1200 4893 etiam
1254 4840 1398 4909 quod
1452 4851 1595 4894 esset
1654 4858 1837 4903 ttmttn,
1885 4853 1939 4896 et
1992 4860 2180 4900 omnes

593 4930 995 4998 pulchritudine
1030 4930 1325 4984 attraheret
1360 4951 1371 4986 :
1407 4946 1527 4984 naui
1561 4950 1585 4983 ει
1614 4933 1805 4986 finibus
1858 4943 2010 4988 terra:
2054 4937 2178 4992 illuc

596 5021 915 5082 veniebant,
949 5020 1064 5074 sive
1093 5035 1122 5072 a
1160 5020 1449 5092 Baliylmic,
1501 5023 1613 5076 sive
1664 5025 1730 5073 ah
1773 5023 2066 5093 A’ithiopia.
2110 5028 2180 5082 Et

594 5110 694 5164 hoc
725 5111 1034 5178 significans
1062 5111 1235 5165 Lucas
1265 5112 1475 5165 diccbat
1503 5114 1552 5164 in
1580 5114 1795 5167 Actibus
1831 5133 1842 5168 :
1891 5116 2048 5171 Erant
2072 5120 2179 5173 illic

594 5204 868 5254 l-abitautcs
907 5201 1086 5255 Parthi
1116 5213 1159 5255 et
1192 5203 1328 5254 Medi
1377 5215 1421 5256 et
1457 5203 1711 5271 Elamitrc,
1762 5219 1806 5258 et
1836 5210 1921 5275 qui
1952 5211 2176 5264 habitant

593 5293 1038 5360 Mesopotamiam,
1079 5292 1315 5346 Iudicum
1350 5305 1393 5347 et
1424 5296 1800 5364 Cappadociam
1827 5341 1840 5365 ,
1880 5299 2099 5355 Pontum
2129 5313 2174 5356 et

591 5386 782 5449 Asiam,
819 5383 1094 5454 Phrygiam
1124 5394 1168 5436 et
1199 5383 1578 5456 Pamphylium,
1621 5385 1908 5458 nggptan;
1932 5404 1977 5445 et
2008 5407 2174 5461 partes

591 5475 763 5544 Libyae
787 5491 901 5544 qua:
946 5486 1016 5528 est
1065 5475 1200 5527 circa
1240 5475 1463 5544 Cyrenen
1513 5478 1651 5544 (Act.
1681 5481 1735 5532 2.
1784 5481 1860 5548 5).
1904 5483 2000 5549 Qui
2045 5501 2172 5553 ergo

591 5574 743 5618 erant
773 5567 822 5617 in
858 5577 967 5618 toto
1017 5566 1151 5619 orbe
1183 5576 1360 5631 teme,
1397 5568 1518 5624 illuc
1540 5584 1921 5637 conveneram,
1955 5565 2170 5629 citem-

593 5658 661 5724 pli
694 5657 918 5712 multum
943 5668 1056 5712 erat
1087 5674 1299 5714 nonicu.
1327 5659 1460 5727 Quid
1490 5676 1616 5731 ergo
1645 5660 1763 5717 facit
1801 5663 2032 5717 Paulus?
2054 5668 2166 5720 Sit:-

2283 2667 2340 2708 nt
2415 2657 2465 2708 iu
2519 2653 2820 2717 sacrificiis,
2861 2651 2931 2706 ita
2987 2651 3075 2705 hic
3136 2664 3348 2719 quoque
3393 2663 3408 2700 :
3455 2648 3592 2702 sicut
3651 2647 3763 2701 illic
3808 2661 3876 2701 ex

2283 2749 2510 2802 adverso
2579 2743 2967 2798 sacriﬁciorum
3000 2744 3182 2812 posuit
3236 2751 3463 2794 mortem
3516 2738 3759 2803 Christi,
3803 2739 3874 2791 ita

2282 2839 2368 2895 hic
2412 2853 2628 2908 quoque
2683 2844 2852 2889 totum
2903 2835 3093 2887 cadum
3145 2846 3208 2887 ex
3258 2831 3490 2886 adverso
3546 2831 3732 2899 templi
3783 2847 3878 2899 po.

2280 2932 2380 2984 nit.
2439 2928 2548 2983 Nec
2612 2926 2753 2980 hanc
2810 2924 2983 2977 solam
3041 2921 3278 2976 ostendit
3327 2921 3719 2984 differentiam,
3778 2921 3875 2976 sed

2279 3024 2439 3076 etiam
2483 3017 2623 3088 quod
2673 3016 2932 3084 adjecerit
2974 3012 3310 3069 sacerdotem
3354 3012 3547 3066 factum
3599 3026 3724 3066 esse
3769 3013 3879 3067 Deo

2281 3111 2717 3183 propinquiorem
2774 3125 2787 3160 :
2847 3107 2980 3161 dicit
3047 3106 3224 3172 enim,
3286 3103 3354 3159 Ut
3404 3113 3655 3174 appareat
3713 3104 3877 3158 cultui

2279 3205 2395 3258 Dei.
2425 3202 2571 3258 Fecit
2597 3203 2775 3272 itaque
2805 3216 2920 3255 rem
2948 3199 3284 3270 praeclaram,
3313 3214 3418 3252 non
3450 3198 3621 3251 solum
3651 3210 3878 3268 propter

2266 3285 2478 3345 czelum,
2498 3282 2592 3338 sed
2615 3285 2775 3337 etiam
2819 3293 3034 3350 propter
3061 3282 3357 3335 introitum.
3390 3281 3503 3334 Non
3527 3284 3701 3335 solum
3727 3286 3872 3339 enim

2270 3373 2358 3428 hic
2410 3387 2504 3442 per
2551 3372 2816 3443 symbolo,
2867 3372 2963 3426 sed
3003 3372 3176 3442 ipsum
3234 3373 3398 3426 Deum
3433 3373 3542 3428 illic
3579 3373 3747 3429 videt.
3785 3375 3874 3428 Vi-

2268 3463 2368 3518 des
2411 3462 2577 3533 quod,
2621 3472 2680 3516 ut
2724 3476 2783 3516 se
2824 3461 3072 3516 demittat
3120 3472 3176 3514 et
3223 3462 3635 3528 accommodet,
3669 3465 3872 3533 ubique

2271 3553 2492 3608 humilia
2549 3553 2692 3608 dicta
2737 3553 2882 3607 sint?
2925 3551 3066 3619 Quid
3113 3567 3248 3606 vero
3302 3553 3416 3621 jam
3469 3552 3686 3607 miraris
3726 3555 3872 3623 quod

2275 3646 2607 3709 intercedat,
2660 3662 2782 3700 cum
2837 3647 3010 3714 ipsum
3059 3655 3256 3700 statuat
3309 3657 3580 3717 tamquam
3653 3650 3874 3718 pontifi-

2270 3736 2429 3792 cem?
2482 3735 2663 3808 Neque
2699 3748 2754 3789 ut
2793 3753 2927 3805 sarpe
2961 3736 3141 3802 o/I'erat
3168 3739 3411 3807 scipsum,
3444 3740 3876 3810 quemadmodum

2272 3829 2504 3900 pontifex
2532 3829 2686 3881 intrat
2711 3830 2761 3880 in
2783 3838 2960 3881 sancta
2987 3845 3076 3898 per
3100 3831 3331 3899 singulos
3356 3842 3516 3884 annos
3546 3831 3600 3884 in
3625 3832 3876 3900 sanguine

2271 3920 2457 3973 alieno.
2493 3917 2615 3971 Non
2664 3919 2797 3972 enim
2825 3921 2878 3971 in
2921 3925 3216 3989 uianafacta
3241 3934 3418 3975 sancta
3442 3923 3593 3975 Jesus
3640 3926 3875 3990 introiit,

2273 4014 2584 4082 exemplaria
2617 4029 2867 4067 verorum.
2905 4013 2994 4067 Illa
3036 4030 3164 4084 ergo
3213 4024 3340 4068 sunt
3378 4032 3522 4082 vera,
3580 4016 3697 4072 ιλιι-ο
3747 4035 3876 4072 νει-ο

2278 4106 2386 4178 typi
2424 4123 2438 4156 :
2475 4105 2730 4172 templum
2760 4105 2903 4157 enim
2937 4106 3006 4158 ita
3036 4117 3150 4159 erat
3177 4117 3567 4170 construcuun,
3598 4117 3658 4162 ut
3682 4111 3876 4164 cadum

2277 4197 2414 4250 cadi.
2447 4195 2584 4263 Quid
2617 4196 2794 4249 dicis?
2831 4197 2931 4250 nisi
2985 4197 3176 4251 cazlum
3227 4199 3387 4251 fuerit
3427 4202 3724 4268 ingressus,
3772 4217 3876 4255 non

2279 4299 2500 4358 apparet
2543 4288 2633 4357 qui
2682 4288 2835 4340 adest
2881 4288 3076 4357 ubique
3104 4298 3160 4343 et
3214 4290 3398 4358 implet
3444 4291 3670 4344 omnia?
3715 4292 3879 4347 Vides

2279 4378 2418 4447 quod
2457 4377 2571 4432 h;i‘.c
2596 4382 2776 4432 omnia
2828 4380 2937 4433 sint
2982 4381 3205 4433 carnis?
3249 4380 3318 4434 Ut
3363 4394 3628 4452 appareat,
3682 4386 3873 4456 inquit,

2281 4470 2438 4523 vultui
2464 4468 2562 4522 Dei
2599 4486 2690 4540 pro
2734 4471 2894 4522 nobis.
2939 4471 3076 4538 Quid
3114 4482 3215 4536 est,
3250 4472 3355 4525 Pro
3383 4475 3569 4528 nobis?
3596 4477 3874 4541 Ascendit,

2280 4561 2489 4630 inquit,
2521 4577 2640 4615 cum
2692 4561 2959 4616 sacrificio
2987 4565 3127 4632 quod
3162 4574 3339 4632 potest
3380 4565 3595 4634 placare
3639 4568 3873 4623 Patrem.

2280 4650 2389 4706 Cur
2412 4666 2558 4717 vero,
2593 4652 2681 4707 dic
2703 4653 2871 4708 mihi?
2894 4655 3011 4723 ipse
3038 4663 3155 4709 erat
3183 4655 3432 4711 inimicus
3463 4657 3487 4710 ’ἔ
3514 4659 3705 4728 Angeli
3727 4672 3878 4715 erant

2282 4744 2518 4810 inimici,
2578 4748 2691 4815 ipse
2739 4762 2844 4800 non
2897 4755 3012 4800 erat
3060 4747 3310 4804 inimicus
3359 4766 3371 4800 :
3414 4766 3536 4803 nam
3586 4753 3730 4821 quod
3777 4771 3875 4807 au-

2280 4838 2383 4905 geli
2432 4837 2630 4892 fuerint
2681 4837 2904 4906 inimici,
2960 4840 3082 4894 audi
3139 4842 3265 4907 quid
3313 4842 3456 4896 dicat
3510 4862 3522 4897 :
3578 4844 3878 4915 Paci/iram

2277 4945 2392 4998 qua:
2422 4930 2618 4983 suntin
2651 4940 2784 4983 terra
2831 4941 2876 4982 et
2912 4947 3026 4998 qua:
3047 4942 3165 4985 sunt
3217 4936 3269 4986 in
3314 4935 3453 4988 caelis
3501 4936 3634 5007 (Col.
3683 4942 3732 4994 1.
3759 4942 3875 5009 ΞΟ).

2283 5024 2447 5078 Recte
2476 5038 2605 5093 ergo
2633 5024 2780 5084 dicit,
2812 5023 2876 5077 In
2898 5026 3079 5078 crs-lum
3099 5027 3358 5095 ingressus
3379 5039 3469 5092 est,
3498 5040 3551 5083 ut
3577 5033 3739 5088 vultui
3784 5034 3878 5090 Dei

2281 5131 2413 5168 nunc
2443 5125 2690 5183 appareat
2718 5133 2810 5183 pro
2840 5117 3003 5170 nobis.
3038 5117 3189 5172 Nunc
3222 5131 3465 5189 apparet,
3512 5124 3607 5177 sed
3654 5141 3756 5194 pro
3782 5145 3875 5184 tto-

2282 5205 2382 5257 bis.
2421 5204 2598 5274 Neque.
2624 5217 2680 5258 ut
2711 5223 2844 5276 stupe
2863 5207 3044 5273 offerat
3071 5212 3419 5279 semetipsum,
3450 5217 3878 5281 quemadmodum

2282 5296 2511 5365 pontifex
2539 5298 2694 5350 intrat
2729 5299 2780 5351 in
2808 5311 2984 5353 sancta
3007 5313 3299 5356 sanctorum
3335 5323 3422 5374 per
3460 5309 3688 5376 singulos
3717 5332 3876 5368 atinas

2279 5390 2333 5442 in
2358 5391 2602 5461 sanguine
2631 5392 2818 5446 alieno.
2854 5393 3012 5450 Vides
3042 5411 3202 5466 quam
3235 5399 3414 5452 multa:
3460 5413 3585 5455 sunt
3627 5405 3875 5464 differen-

2283 5484 2390 5537 tize.
2437 5485 2620 5540 Semel
2667 5486 2849 5541 ditl‘ert
2877 5505 2904 5539 a
2941 5505 3113 5559 saepe;
3145 5493 3287 5561 quod
3335 5493 3387 5548 in
3421 5499 3684 5566 sanguine
3718 5505 3876 5556 intra-

2284 5577 2418 5630 verit
2443 5578 2680 5646 proprio,
2706 5579 2881 5634 differt
2920 5583 2987 5636 ab
3017 5584 3259 5652 ingressu
3292 5587 3340 5639 in
3374 5589 3570 5642 alit-no.
3607 5592 3725 5661 Ipse
3753 5613 3875 5661 ergo

2283 5678 2363 5721 est
2391 5681 2442 5722 et
2471 5668 2818 5737 sacrificatui,
2854 5681 2908 5726 et
2934 5675 3212 5740 sacerdos,
3247 5688 3300 5732 et
3325 5679 3520 5734 hostia.
3541 5681 3676 5737 Nam
3713 5689 3754 5740 si
3782 5688 3875 5743 hoc
