4060 6406
131 356 232 412 129

138 464 246 500 mm
281 452 447 505 esset,
478 450 532 495 et
559 437 726 493 multa
755 434 957 489 offerre
985 437 1262 501 oporteret
1289 422 1576 482 sacriﬁcia,
1601 435 1745 488 stt-pe

138 546 421 609 oporteret
447 532 708 602 cruciﬁgi.
744 528 985 598 Alioquin
1027 523 1294 596 Oportebat
1320 534 1436 573 eum
1462 518 1749 588 frequenter

150 599 262 705 ρήιὶ
290 632 355 685 ab
385 630 581 698 origine
617 599 814 680 mundi.
848 620 945 674 Hic
972 617 1136 672 etiam
1167 610 1421 684 quiddam
1453 599 1759 658 abscondit.

153 725 315 779 Nunc
337 730 507 775 autem
534 716 687 771 semel
723 715 786 768 in
812 704 1247 767 consummatione
1274 699 1601 757 sazculorum.
1634 691 1763 754 Cur,

151 819 221 873 In
249 813 689 871 consummatione
722 801 1069 862 steculorum?
1101 800 1222 854 Post
1249 795 1416 850 multa
1443 796 1685 861 peccata.
1709 782 1767 838 Si

149 916 303 970 enim
340 915 475 965 facta
498 908 726 962 fuissent
747 903 815 956 ab
836 900 1012 963 initio,
1034 910 1194 951 nemo
1212 903 1391 946 autem
1419 882 1767 943 credidisset,

150 1006 344 1062 omnia
375 1017 496 1073 qua:
523 996 589 1053 ad
619 993 981 1052 teconomiaut
1026 990 1304 1060 pertinent
1328 984 1560 1038 fuissent
1600 973 1766 1032 inuti—

147 1099 257 1155 lia:
304 1110 410 1149 non
434 1087 720 1161 Oportebat
756 1085 899 1141 enim
945 1083 1141 1137 iterum
1179 1078 1318 1133 mori
1360 1073 1658 1132 Christum,
1696 1066 1768 1119 ita

149 1202 211 1245 ut
233 1191 315 1245 sic
332 1187 493 1242 etiam
518 1181 829 1238 efﬁceretur
846 1175 989 1246 quod
1009 1173 1384 1245 qurerebatur:
1406 1164 1662 1243 quoniam
1683 1175 1771 1214 au-

148 1295 262 1337 tem
282 1289 464 1349 postea
481 1276 646 1329 multa
663 1272 879 1325 fuerunt
893 1277 1130 1337 peccata,
1148 1263 1344 1318 merito
1359 1270 1485 1313 tunc
1499 1252 1768 1326 apparuit.

147 1374 312 1443 Quod
343 1369 559 1440 quidem
591 1366 723 1420 dicit
752 1364 915 1419 etiam
940 1360 1067 1414 alibi
1113 1375 1126 1409 :
1166 1355 1263 1411 Ubi
1290 1349 1565 1407 abundavit
1593 1360 1771 1417 pecca—

149 1440 287 1530 tum,
315 1458 747 1533 superabundavit
772 1464 817 1507 et
846 1452 1010 1525 gratia
1042 1450 1220 1519 (Rom.
1251 1448 1305 1502 5.
1334 1445 1449 1515 ΞΟ).
1496 1440 1655 1495 Nunc
1675 1453 1772 1489 au—

149 1570 290 1620 tem,
340 1553 551 1622 inquit,
600 1544 758 1603 semel
785 1546 840 1598 in
888 1540 1323 1597 consummatione
1359 1535 1661 1592 steculorum
1705 1527 1773 1580 ad

150 1619 537 1703 destitutionem
584 1638 775 1709 peccati
821 1650 910 1706 per
940 1632 1160 1686 hostiam
1200 1644 1346 1683 suam
1383 1623 1644 1696 apparuit.
1676 1619 1769 1672 2'7.

157 1741 224 1795 Et
276 1733 710 1804 quemadmodum
732 1737 980 1785 statutum
1024 1735 1097 1780 est
1114 1721 1403 1777 hominibus
1426 1717 1582 1773 semel
1618 1714 1769 1779 mori,

155 1843 272 1904 post
304 1832 398 1883 hoc
425 1836 594 1881 autem
614 1822 891 1894 judicium.

225 1924 284 1977 2.
320 1923 457 1976 Cum
486 1916 810 1973 ostendisset
841 1911 991 1965 itlnm
1019 1922 1127 1962 non
1160 1920 1305 1975 szepe
1334 1903 1470 1957 mori
1499 1900 1773 1962 debuisse,

156 2021 290 2075 dicit
322 2017 485 2072 etiant
517 2028 614 2068 cur
648 2008 818 2065 semel
848 2015 928 2061 eSt
968 2011 1215 2059 mortuus
1243 2016 1257 2055 :
1294 2012 1488 2067 nempe
1522 1994 1775 2066 quoniam

158 2114 325 2167 unius
366 2107 556 2162 mortis
601 2102 698 2157 fuit
743 2099 976 2169 pretium
1026 2090 1417 2161 redemptionis
1460 2107 1473 2143 :
1514 2087 1780 2142 Statutum

158 2215 296 2271 erat,
329 2204 521 2271 inquit,
547 2194 778 2250 omnibus
806 2188 1093 2243 hominibus
1123 2184 1276 2240 semel
1304 2182 1453 2236 mori.
1493 2181 1601 2234 lloc
1624 2192 1775 2247 ergo,

160 2297 341 2356 semel
389 2303 636 2349 mortuus
675 2295 777 2353 est,
819 2300 918 2355 pro
962 2281 1213 2337 omnibus
1259 2276 1588 2332 hominibus.
1640 2273 1780 2341 Quid

161 2390 342 2449 vero?
386 2400 570 2443 annon
610 2380 786 2436 adhuc
832 2384 1007 2432 morte
1048 2374 1139 2428 illa
1183 2369 1482 2427 morimur?
1524 2367 1783 2422 Morimur

162 2486 415 2559 quidem,
440 2480 534 2537 sed
563 2480 615 2533 iu
637 2492 699 2532 ea
728 2488 834 2529 non
865 2483 1168 2531 manemus,
1192 2466 1333 2535 quod
1366 2478 1432 2518 nc
1454 2472 1537 2517 est
1562 2460 1781 2531 quidem

165 2580 333 2638 mori.
378 2574 563 2631 Mortis
608 2569 749 2626 enim
796 2563 1040 2637 tyrannis
1079 2571 1133 2616 et
1174 2573 1302 2614 vere
1349 2566 1431 2611 est
1482 2555 1569 2608 illa
1612 2567 1780 2619 mors,

163 2671 391 2747 quando
421 2676 633 2724 mortuo
663 2678 767 2717 non
797 2668 879 2715 est
904 2655 1139 2726 amplius
1166 2663 1485 2706 concessum
1512 2656 1569 2701 ttt
1601 2646 1785 2700 redeat

162 2738 234 2824 ad
267 2766 441 2820 vitam
481 2779 494 2816 :
525 2755 743 2830 quando
771 2762 949 2807 autem
986 2749 1131 2802 vivet
1174 2754 1297 2816 post
1334 2749 1589 2804 mortem,
1625 2738 1786 2808 idque

162 2862 278 2916 vita
311 2855 567 2917 meliore,
599 2849 703 2904 hoc
731 2861 838 2901 non
871 2852 953 2899 est
985 2854 1167 2905 mors,
1204 2836 1299 2891 sed
1329 2835 1602 2889 dormitio.
1637 2832 1785 2899 Quo-

162 2955 318 3012 niam
362 2962 495 3019 ergo
542 2943 782 2999 futurum
825 2945 944 2993 erat
993 2944 1050 2988 ιιι
1090 2945 1236 2987 mors
1273 2942 1466 2983 omnes
1496 2926 1784 2988 detineret,

164 3055 467 3122 proriterea
514 3047 599 3095 est
647 3044 894 3091 mortuus
940 3039 996 3085 ut
1036 3042 1137 3082 nos
1186 3025 1465 3081 liberaret.
1494 3020 1586 3076 28.
1619 3019 1710 3075 Sic
1742 3027 1789 3072 et

165 3113 409 3198 Christus
452 3132 610 3189 semel
650 3128 851 3184 oblatus
896 3132 989 3177 est.
1030 3122 1075 3175 A
1105 3133 1213 3190 quo
1243 3114 1499 3171 oblatus?
1532 3114 1571 3166 A
1607 3113 1789 3180 seipso

166 3234 406 3289 scilicet.
439 3226 537 3282 llic
569 3238 677 3277 non
708 3220 880 3274 solum
908 3229 1030 3269 eum
1062 3211 1191 3265 dicit
1217 3206 1578 3269 sacerdotem,
1609 3202 1704 3257 sed
1737 3212 1791 3257 et

168 3325 409 3382 hostiam
442 3327 497 3375 et
527 3312 875 3371 sacriﬁcium.
926 3304 1133 3361 Deinde
1168 3317 1387 3357 causam
1417 3297 1574 3352 aﬁ‘ert
1599 3312 1695 3351 cur
1720 3296 1792 3349 sit

168 3418 390 3471 oblatus
418 3431 431 3465 :
459 3406 672 3469 Semel,
706 3400 901 3472 inquit,
933 3397 1133 3451 oblatus
1173 3394 1240 3446 ad
1282 3389 1561 3444 multorum
1600 3390 1795 3442 exliau-

172 3498 361 3553 rienda
390 3502 618 3569 peccata.
652 3489 762 3545 Cur
786 3488 1078 3543 multorum
1105 3493 1162 3541 et
1190 3498 1299 3537 non
1328 3474 1604 3534 omnium?
1642 3472 1789 3537 Quo—

172 3590 324 3646 niam
356 3600 467 3641 uon
500 3596 693 3637 omnes
721 3578 1092 3635 crediderunt.
1139 3576 1243 3630 Pro
1280 3569 1532 3626 omnibus
1570 3561 1788 3635 quidem

172 3696 258 3740 est
286 3691 559 3744 mortuus,
591 3685 648 3731 ut
688 3688 879 3730 omnes
920 3681 1183 3736 servaret,
1212 3675 1470 3739 quantum
1509 3660 1575 3714 ad
1618 3658 1793 3727 ipsum

175 3778 372 3831 attinet
395 3793 407 3827 :
428 3786 579 3827 mors
607 3770 752 3824 enim
782 3768 869 3822 illa
888 3782 954 3822 ex
976 3779 1134 3835 mque
1164 3757 1527 3828 reSpondebat
1553 3750 1794 3807 omnium

181 3867 476 3924 interitui:
525 3880 631 3918 non
676 3861 923 3918 exhausit
970 3868 1152 3913 autem
1199 3864 1253 3909 et
1293 3850 1508 3907 sustulit
1555 3844 1798 3901 omnium

184 3971 431 4034 peccata,
467 3965 755 4028 propterea
787 3954 929 4025 quod
959 3954 1060 4023 ipsi
1089 3950 1380 4005 noluerint.
1406 3942 1543 4013 Quid
1582 3950 1664 3994 est
1692 3953 1788 3991 au-

187 4031 322 4119 lem,
379 4050 585 4105 Tollere
633 4047 883 4115 peccata?
911 4045 1064 4101 Sicut
1092 4043 1145 4097 in
1174 4040 1450 4095 oblatione
1479 4031 1803 4105 proferimus

185 4149 351 4203 etiam
376 4152 599 4215 peccata
627 4142 906 4197 dicentes:
930 4140 1059 4195 Sive
1082 4138 1348 4195 volentes,
1372 4133 1487 4185 sive
1505 4126 1656 4183 inviti
1676 4140 1802 4196 pec-

186 4240 459 4305 cavimus,
484 4235 732 4292 coudona
762 4252 777 4290 :
802 4234 907 4289 hoc
938 4241 1042 4300 est,
1074 4233 1307 4301 primum
1340 4228 1582 4292 ipsorum
1613 4218 1806 4275 memi-

188 4333 397 4394 nimus,
438 4338 495 4385 et
518 4339 645 4383 tunc
676 4328 908 4397 petimus
953 4334 1011 4380 ut
1047 4323 1465 4379 condonentur:
1501 4317 1604 4371 hoc
1634 4314 1808 4383 ipsum

194 4422 287 4479 liic
315 4436 534 4493 quoque
565 4420 643 4474 ﬁt.
678 4418 781 4475 Ubi
811 4420 913 4473 hoc
952 4416 1081 4473 fecit
1110 4413 1392 4471 Christus?
1439 4409 1579 4465 Audi
1634 4408 1807 4476 ipsum

199 4516 479 4570 dicentem
506 4529 518 4564 :
548 4510 614 4565 Et
641 4525 732 4580 pro
759 4510 887 4580 ipsis
911 4509 1177 4577 sanctiﬁco
1206 4506 1452 4575 meipsuin
1481 4503 1498 4570 (
1523 4499 1684 4554 Joan.
1724 4499 1808 4551 l7.

199 4606 321 4677 19).
363 4605 587 4659 Peccata
620 4601 841 4657 abstulit
874 4601 940 4656 ab
966 4599 1292 4665 hominibus,
1328 4605 1382 4651 et
1414 4593 1558 4649 Patri
1588 4591 1808 4653 obtulit,

201 4715 313 4754 non
347 4706 407 4752 ut
435 4694 639 4766 aliquid
668 4692 929 4747 adversus
958 4692 1104 4761 ipsos
1130 4697 1426 4749 statueret,
1471 4685 1565 4741 sed
1609 4694 1666 4737 ut
1702 4683 1817 4752 ipsa

202 4791 533 4848 remitteret.
582 4785 824 4842 Secundo
865 4786 973 4839 sine
1015 4792 1223 4854 peccato
1254 4778 1520 4850 apparebit
1551 4773 1816 4838 omnibus,

207 4883 408 4952 inquit,
432 4877 843 4949 exspectantibus
870 4892 983 4930 eum
1008 4877 1061 4929 in
1084 4876 1319 4929 salutem.
1349 4869 1488 4938 Quid
1512 4878 1594 4925 est
1616 4876 1819 4931 autem,

212 4978 344 5034 Sine
369 4973 619 5047 peccato?
650 4971 766 5025 Non
796 4970 860 5024 ad
895 4977 1113 5040 peccata
1145 4966 1456 5031 delendum,
1488 4976 1665 5033 neque
1694 4975 1823 5031 pro-

213 5083 338 5143 pter
363 5068 673 5138 iniquitates
702 5064 899 5119 iterum
929 5063 1146 5126 veniet,
1177 5069 1238 5116 ut
1268 5074 1483 5115 rursum
1518 5056 1780 5111 moriatur
1811 5072 1824 5106 :

216 5179 327 5219 ltO'l
359 5160 504 5216 enim
536 5156 678 5229 quod
717 5156 888 5211 semel
930 5163 1172 5209 mortuus
1208 5154 1309 5215 sit,
1346 5150 1485 5206 ntori
1515 5149 1719 5204 debetis
1746 5154 1831 5201 est

217 5265 489 5314 mortuus.
524 5250 810 5319 Quomodo
837 5249 1159 5319 apparebit?
1192 5247 1449 5311 Puniens,
1491 5243 1687 5315 inquit.
1721 5240 1831 5295 Sed

222 5351 327 5406 huc
352 5364 457 5404 non
482 5347 633 5413 dixit,
660 5360 846 5400 verum
880 5344 929 5398 id
957 5343 1098 5413 quod
1125 5353 1205 5397 est
1228 5341 1408 5395 lastum
1432 5349 1483 5394 et
1511 5336 1833 5409 jucundum,

226 5445 356 5500 Sine
386 5451 587 5513 peccato
624 5438 890 5510 apparebit
923 5439 983 5491 iis
1014 5439 1102 5506 qui
1135 5438 1302 5506 ipsum
1331 5442 1626 5503 exspectant
1653 5431 1721 5485 ad
1748 5448 1836 5484 δας

226 5541 386 5593 latent
417 5551 435 5589 :
461 5543 519 5588 ut
546 5534 613 5589 de
640 5541 840 5588 cretero
869 5546 974 5584 non
999 5530 1227 5599 amplius
1248 5542 1383 5597 opus
1409 5525 1640 5579 habeant
1670 5524 1839 5577 sacri-

232 5634 376 5692 ficio,
403 5637 455 5681 ut
486 5626 618 5681 salvi
651 5625 779 5690 sint,
812 5624 905 5678 sed
936 5639 1001 5676 ex
1033 5621 1288 5690 operibus
1313 5619 1415 5673 hoc
1443 5618 1655 5671 faciant.
1690 5614 1838 5687 (Cap.

232 5723 327 5789 10)
363 5722 413 5774 i.
449 5718 697 5774 Umbram
747 5718 901 5782 enim,
952 5716 1144 5784 inquit,
1193 5714 1380 5766 habens
1430 5712 1511 5764 lea:
1554 5712 1846 5780 {utm'ormu

958 338 1022 394 IN
1064 333 1282 390 EPIST.
1329 328 1419 383 AD
1463 316 1828 380 llEBRAiUS.
1872 314 2026 370 CAP.
2072 309 2143 366 Χ.
2190 304 2426 364 ιιυωιρ
2472 297 2637 356 XV“.

3355 283 3459 339 130

1847 416 2018 484 ipsam
2060 410 2369 465 veritatem.
2416 398 2884 473 Quemadmodum
2917 396 3061 452 enim
3096 394 3151 448 in
3182 392 3419 463 imagine
3447 433 3463 457 ,

1846 509 2020 562 donec
2054 504 2279 573 pictura:
2310 498 2478 554 additi
2510 495 2712 549 fuerint
2738 492 2950 547 colores
2972 531 2987 554 ,
3028 503 3136 543 non
3168 486 3353 542 videre
3384 493 3471 539 est

1849 600 1952 655 nisi
1986 595 2232 651 umbram
2269 600 2512 652 tantum;
2551 586 2639 640 ubi
2670 598 2823 649 vero,
2855 580 3135 641 coloribus
3164 576 3468 649 impositis,

1850 693 1994 747 nitor
2025 684 2360 758 supervenit,
2389 691 2516 735 tune
2549 678 2606 733 ﬁt
2636 677 2836 747 imago.
2883 674 3016 729 Tale
3059 671 3334 742 quidpiam
3386 669 3469 724 lex

1852 798 2068 857 quoque
2097 788 2235 837 erat.
2269 775 2515 832 Umbram
2543 772 2698 838 enim,
2724 768 2922 840 inquit,
2948 767 3139 820 habens
3162 765 3245 819 lea:
3272 766 3476 836 fimiro-
3496 791 3518 798 -

1852 890 1973 927 rum
2004 873 2287 929 bonorum,
2326 880 2431 916 non
2468 864 2641 930 ipsam
2668 858 2957 925 imaginem
2988 867 3201 915 rerum;
3232 849 3337 902 hoc
3364 853 3472 909 est,

1852 961 2136 1024 sacriﬁcii,
2156 954 2526 1013 remissionis.
2545 951 2650 1005 Per
2672 947 2912 1018 singulos
2938 959 3106 997 annos
3128 936 3476 1007 eisdemipsis

1853 1056 2065 1119 hostiis,
2104 1066 2238 1121 quas
2283 1046 2517 1116 offerunt
2550 1042 2939 1102 indesinenter,
2979 1049 3272 1104 numquam
3304 1038 3477 1101 potest

1856 1149 2166 1204 accedentes
2190 1141 2454 1213 perfectos
2482 1139 2659 1208 facere
2681 1152 2697 1190 :
2718 1135 2775 1188 2.
2806 1132 3013 1202 alioqui
3040 1145 3146 1183 non
3174 1130 3479 1180 cessassent

1856 1240 2064 1311 oﬂ‘erri,
2096 1236 2215 1289 ideo
2243 1230 2384 1304 quod
2413 1229 2620 1283 nullam
2651 1225 2902 1279 haberent
2924 1223 3071 1276 ultra
3094 1216 3478 1274 conscientiam

1857 1335 2088 1388 cultores
2120 1329 2279 1384 semel
2313 1322 2666 1379 ntundati:5.
2693 1322 2782 1375 sed
2804 1321 2860 1373 in
2881 1317 3016 1387 ipsis
3036 1310 3479 1368 commemoratio

1856 1434 2195 1498 peccatorum
2224 1436 2318 1490 per
2346 1417 2590 1489 singulos
2623 1431 2792 1469 annos
2824 1413 2907 1481 ﬁt.
2939 1410 2996 1465 4.
3033 1403 3379 1477 Impossibile
3398 1412 3479 1458 est

1858 1518 1995 1573 enim
2032 1514 2280 1584 sanguine
2322 1521 2584 1562 taurorum
2621 1515 2667 1558 et
2707 1503 2970 1556 hircorum
3009 1496 3201 1567 auferri
3240 1502 3472 1564 peccata.

1860 1613 1916 1668 5.
1948 1609 2074 1664 Ideo
2096 1604 2386 1677 ingrediens
2415 1598 2683 1659 mundum,
2717 1595 2843 1647 dicit
2873 1608 2892 1645 :
2924 1589 3163 1644 Hostiam
3192 1597 3239 1641 et
3268 1584 3480 1638 oblatio-

1863 1722 1977 1759 nem
2006 1698 2234 1763 noluisti,
2267 1710 2453 1763 corpus
2479 1700 2650 1744 autem
2680 1686 2871 1757 optasti
2900 1682 3026 1736 mihi
3054 1698 3071 1734 :
3097 1681 3150 1735 6.
3181 1678 3481 1732 holocausta

1863 1807 1909 1851 et
1940 1810 2034 1865 pro
2060 1800 2265 1863 peccato
2293 1804 2393 1841 non
2427 1784 2516 1838 tibi
2540 1783 2863 1853 placuerunt.
2900 1777 2952 1829 7.
2988 1773 3134 1828 Tunc
3163 1772 3271 1825 dixi
3306 1786 3323 1822 :
3352 1766 3484 1821 Ecce

1866 1863 2009 1947 venio
2047 1888 2126 1960 (in
2162 1884 2325 1955 capite
2354 1879 2471 1935 libri
2500 1878 2747 1946 scriptum
2775 1880 2845 1926 est
2878 1869 2941 1923 de
2972 1867 3075 1935 me)
3095 1908 3107 1929 ,
3147 1875 3201 1917 ut
3246 1863 3434 1934 faciam
3464 1900 3479 1925 ,

1866 1987 2007 2041 Deus
2029 1954 2059 2046 ,-
2080 1954 2394 2036 uoluntatem
2433 1988 2593 2026 tuam.
2629 1969 2683 2025 8.
2719 1965 2972 2034 Superius
2998 1962 3193 2022 dicens,
3226 1955 3364 2027 quod
3390 1954 3485 2007 Ito—

1866 2081 2017 2146 stias,
2046 2075 2325 2131 oblationes
2356 2081 2405 2124 et
2436 2066 2852 2120 holocautomata
2878 2074 2973 2129 pro
3003 2062 3207 2124 peccato
3236 2049 3483 2113 noluisti,

1869 2189 1960 2226 nec
2005 2144 2200 2240 placita
2241 2173 2359 2218 sunt
2396 2159 2485 2214 tibi
2528 2172 2645 2229 qua:
2672 2152 2953 2209 secundum
2984 2151 3146 2221 legem
3173 2144 3485 2212 o/feruntur,

1870 2265 1925 2322 9.
1956 2273 2075 2317 tunc
2101 2259 2249 2313 dixi:
2282 2255 2415 2309 Ecce
2441 2252 2608 2314 venio,
2638 2260 2694 2302 ut
2728 2246 2917 2316 faciam
2938 2286 2953 2310 ,
2986 2240 3146 2304 Deus,
3177 2239 3491 2293 voluntatem

1874 2366 2036 2410 tuam.
2063 2352 2246 2423 Aufert
2279 2352 2520 2419 primum,
2548 2352 2602 2395 ut
2628 2356 2840 2410 sequens
2867 2344 3079 2390 statuat.
3112 2331 3276 2385 Vides
3304 2343 3494 2383 rursus

1875 2444 2303 2506 abundantiam?
2343 2440 2458 2497 Una
2485 2448 2588 2503 est,
2620 2435 2825 2505 inquit,
2861 2431 2975 2485 hinc
3008 2427 3221 2491 bnStia;
3254 2424 3361 2479 illa:
3391 2437 3492 2478 au-

1877 2554 1986 2601 tem
2021 2543 2205 2598 multa;
2236 2558 2248 2593 ε
2283 2539 2403 2593 ideo
2429 2536 2574 2591 enim
2604 2547 2707 2587 nec
2731 2528 2945 2590 validm,
2981 2526 3105 2594 quia
3132 2531 3259 2578 sunt
3291 2520 3495 2574 multae.

1951 2641 2003 2696 ὅ.
2040 2636 2313 2706 Sacri/icio
2332 2633 2640 2686 Iudaeorum
2667 2643 2821 2699 quam
2840 2624 3146 2693 in/irma.—
3163 2618 3301 2685 Quid
3326 2617 3496 2684 enim,

1880 2734 1969 2791 dic
1992 2745 2201 2804 qumso,
2235 2742 2371 2798 opus
2401 2733 2513 2780 erat
2547 2721 2754 2785 multis,
2778 2735 2901 2773 cum
2931 2731 3038 2771 una
3066 2712 3337 2768 sufﬁciat?
3366 2711 3503 2764 Pro-

1884 2836 2070 2898 ptcrea
2112 2822 2319 2883 multat,
2352 2826 2407 2872 et
2435 2815 2580 2886 quod
2613 2825 2833 2881 semper
2854 2808 3175 2871 offerantur,
3208 2802 3504 2859 ostendunt

1884 2934 1981 2975 eos
2011 2928 2305 2986 numquam
2341 2909 2611 2966 mttudari.
2660 2905 2813 2962 Sicut
2841 2904 2985 2959 enim
3017 2900 3501 2963 medicamentum,

1884 3029 2008 3068 eum
2046 3010 2213 3065 fuerit
2239 3005 2510 3070 validum,
2543 3012 2599 3059 et
2628 3001 2874 3057 efﬁciens
2914 2995 3195 3054 sanitatis,
3233 3002 3287 3046 et
3320 2990 3506 3044 valens

1887 3120 2106 3161 omnem
2140 3101 2387 3156 morbum
2421 3096 2761 3167 propulsare,
2794 3089 2966 3146 semel
3000 3087 3309 3158 impositum
3343 3082 3510 3137 efﬁcit

1890 3199 2207 3253 universum
2240 3212 2251 3247 :
2283 3191 2427 3261 quod
2472 3191 2517 3244 si
2559 3187 2728 3243 semel
2769 3184 3080 3256 impositum
3112 3190 3281 3235 totttnt
3312 3192 3509 3247 opera«

1894 3302 2011 3353 tur,
2042 3285 2282 3342 ostendit
2309 3284 2415 3337 vim
2444 3296 2596 3336 suam
2628 3294 2694 3334 eo
2733 3276 2875 3349 quod
2916 3290 3022 3329 non
3061 3273 3294 3343 amplius
3334 3271 3512 3339 impo-

1895 3389 2076 3445 natur,
2107 3389 2161 3433 et
2189 3378 2289 3431 hoe
2315 3385 2399 3431 est
2424 3375 2592 3443 ipsius
2614 3387 2770 3438 apus,
2796 3367 2937 3436 quod
2969 3382 3073 3419 non
3099 3363 3332 3432 amplius
3357 3377 3516 3415 usur-

1896 3471 2092 3536 petur:
2121 3460 2207 3515 sin
2232 3465 2416 3511 autem
2444 3452 3127 3523 semperimponatur,est
3155 3447 3511 3518 perspicuum

1897 3555 2044 3627 quod
2066 3554 2273 3607 nullam
2300 3550 2409 3605 vim
2440 3544 2734 3612 habuerit;
2768 3552 2854 3599 est
2875 3542 3023 3597 enim
3054 3539 3235 3593 virtus
3267 3537 3512 3593 medica-

1901 3644 2071 3701 menti
2110 3641 2277 3697 semel
2311 3637 2548 3708 imponi,
2581 3644 2635 3689 et
2663 3650 2776 3689 non
2812 3647 2956 3701 saepe
2986 3650 2996 3682 :
3037 3630 3111 3684 ita
3139 3628 3228 3682 hic
3259 3642 3516 3697 quoque;

1900 3756 2002 3795 cur
2031 3735 2253 3791 tandem
2280 3731 2476 3787 iisdem
2506 3742 2725 3797 semper
2757 3734 3028 3781 curantur
3053 3718 3445 3776 hostiis?Nam
3471 3719 3520 3774 si

1910 3837 2098 3888 essent
2125 3825 2339 3881 liberati
2373 3822 2441 3876 ab
2470 3821 2731 3876 omnibus
2754 3816 3023 3889 peccatis,
3050 3831 3162 3869 non
3184 3813 3523 3869 oﬁ’erreutur

1910 3925 2109 3979 hostia:
2142 3916 2390 3989 quotidie
2423 3934 2435 3969 :
2464 3922 2623 3968 erant
2653 3912 2800 3965 enim
2841 3907 3181 3970 constitutae,
3214 3912 3275 3959 ut
3300 3918 3525 3973 semper

1909 4016 2241 4073 offerrentur
2274 4026 2371 4081 pro
2397 4008 2600 4080 populo
2631 4004 2914 4065 universo,
2943 4008 2997 4055 et
3022 4014 3251 4067 vespere
3272 4004 3325 4049 et
3352 3997 3526 4050 inter-

1907 4101 2019 4155 diu.
2057 4101 2187 4154 Erat
2220 4100 2400 4168 itaque
2432 4097 2483 4151 id
2513 4096 2653 4165 quod
2685 4096 2846 4149 ﬁebat
2870 4134 2886 4160 ,
2922 4103 3268 4164 peccatorum
3299 4103 3523 4143 accusa-

1910 4195 2005 4260 tio,
2038 4208 2146 4247 non
2178 4192 2409 4255 solutio;
2444 4191 2719 4245 accusatio
2750 4187 3103 4252 inﬁrmitatis,
3138 4201 3242 4240 non
3282 4184 3526 4239 ostensio

1908 4284 2147 4339 virtutis.
2195 4283 2327 4337 Nam
2376 4282 2633 4351 quoniam
2683 4281 2851 4349 prima
2904 4278 3039 4332 nihil
3090 4277 3373 4338 valuerat,
3422 4274 3527 4328 alia

1911 4395 2125 4451 quoque
2152 4377 2515 4440 oﬁ‘erebatur;
2550 4384 2605 4430 et
2634 4374 2891 4445 quoniam
2922 4372 3037 4441 ipsa
3068 4369 3206 4424 nihil
3233 4368 3534 4431 efﬁciebat,

1912 4487 2102 4527 rursus
2138 4471 2242 4524 alia
2273 4488 2286 4523 :
2320 4478 2374 4523 et
2415 4469 2537 4523 ideo
2582 4468 2672 4522 illa
2704 4476 2822 4521 erat
2855 4473 3198 4536 peccatorum
3239 4460 3531 4517 convictio.

1914 4570 2091 4638 Atque
2119 4565 2264 4636 quod
2296 4563 2556 4618 oﬁ'eratur
2586 4562 2839 4632 quidem,
2878 4561 3055 4630 arguit
3092 4566 3348 4629 peccata;
3386 4552 3534 4625 quod

1915 4674 2095 4718 autem
2130 4675 2379 4732 semper,
2410 4658 2586 4728 arguit
2615 4657 3065 4711 imbecillitatem.
3098 4652 3155 4707 In
3188 4649 3405 4706 Christo
3435 4664 3533 4702 au-

1920 4773 2027 4815 tem
2056 4768 2244 4815 contra
2278 4776 2289 4811 :
2323 4754 2493 4811 semel
2526 4763 2609 4808 est
2637 4752 2872 4815 oblatus,
2906 4758 2961 4805 et
2994 4751 3049 4803 in
3084 4758 3400 4820 perpetuum
3443 4757 3535 4798 sa-

1920 4858 1988 4909 tis
2017 4854 2136 4909 fuit.
2179 4853 2258 4907 Ac
2297 4861 2444 4906 recte
2475 4849 2612 4904 dixit
2657 4848 2747 4901 illa
2789 4844 3120 4915 exemplaria
3156 4860 3168 4896 :
3201 4856 3332 4911 ergo
3359 4840 3537 4895 solum

1924 4949 2124 5003 habent
2148 4959 2353 5017 typum,
2387 4959 2493 4997 non
2522 4942 2778 4996 virtutem
2812 4957 2824 4993 :
2859 4940 3000 4994 sicut
3030 4940 3081 4992 in
3116 4935 3441 5006 imaginibus
3473 4932 3537 4985 li-

1924 5058 2110 5114 guram
2153 5039 2391 5096 hominis
2441 5037 2606 5092 habet
2644 5038 2843 5105 imago,
2879 5051 2984 5087 non
3024 5032 3300 5085 virtutem.
3334 5028 3453 5096 Quo
3485 5025 3540 5079 ﬁt

1924 5147 1983 5191 ut
2006 5150 2193 5189 verum
2216 5142 2269 5188 ct
2294 5132 2462 5202 ﬁgura
2486 5129 2723 5183 habeant
2750 5128 2890 5182 inter
2913 5140 2970 5180 se
2993 5122 3195 5194 aliquid
3219 5134 3507 5177 commune
3527 5136 3541 5173 :

1930 5247 2026 5302 par
2070 5240 2154 5283 est
2193 5228 2339 5283 enim
2386 5226 2587 5295 ﬁgura,
2623 5224 2796 5277 virtus
2840 5230 3019 5275 autem
3064 5232 3426 5287 nequaquam.
3470 5214 3547 5269 lta

1930 5327 2090 5381 etiam
2120 5324 2171 5377 iu
2196 5322 2331 5377 caelo
2354 5332 2407 5377 et
2433 5322 2486 5375 in
2517 5318 2901 5381 tabernaculo;
2936 5324 3052 5370 erat
3075 5314 3217 5369 enim
3246 5329 3338 5382 par
3364 5321 3543 5383 typus,

1931 5428 2087 5474 erant
2114 5418 2257 5472 enim
2292 5426 2512 5479 sancta;
2560 5414 2732 5466 virtus
2764 5422 2942 5465 autem
2978 5421 3031 5463 et
3062 5408 3167 5462 alia
3199 5422 3304 5461 non
3333 5405 3547 5461 eadem.

1933 5511 2069 5580 Quid
2114 5520 2218 5571 est,
2269 5509 2349 5561 Ad
2396 5507 2780 5562 destitutionem
2818 5503 3011 5571 peccati
3039 5517 3128 5572 per
3156 5502 3375 5553 hostium
3404 5517 3555 5553 suum

1934 5605 2229 5676 apparuit?
2280 5603 2409 5673 quid
2456 5611 2539 5657 est
2582 5599 2900 5656 destilulio?
2942 5595 3260 5665 Abrogatio,
3306 5602 3553 5648 contem-

1937 5704 2085 5771 ptio;
2138 5709 2419 5770 peccatum
2477 5713 2582 5752 non
2642 5694 2805 5749 habet
2845 5690 3073 5762 amplius
3116 5688 3364 5743 ﬁduciam
3410 5706 3423 5741 :
3464 5687 3557 5742 de-

234 5820 501 5869 bonorum.
534 5828 634 5865 non
672 5811 837 5874 ipsam
881 5807 1151 5875 imaginem
1190 5821 1356 5860 rerum
1395 5803 1542 5857 :boc
1584 5810 1699 5867 est,
1743 5816 1846 5853 non
1939 5795 2183 5849 stitutum
2239 5794 2382 5848 enim
2432 5800 2515 5846 est
2569 5795 2872 5861 peccatum.
2931 5782 3259 5852 Quomodo?
3324 5778 3562 5834 Debebat
