4060 6424
580 376 673 435 {3i

569 478 781 532 pinnam
811 463 1103 531 Suscipere,
1135 475 1239 512 non
1268 458 1503 525 suscepit
1532 464 1710 508 autem
1738 470 1749 504 :
1778 451 1879 505 hoc
1906 458 1985 504 est
2004 491 2019 513 ,
2049 448 2153 501 vim

567 565 652 610 est
698 570 910 626 passum
942 573 952 605 :
984 552 1198 623 quando
1224 551 1572 620 exspectabat
1611 546 1728 602 fore
1771 554 1829 600 ut
1871 556 2063 599 cunne:
2090 541 2157 598 de

590 644 770 698 medio
801 643 1027 703 tolleret,
1043 640 1215 708 ipsum
1242 649 1327 692 est
1351 637 1417 691 de
1444 631 1933 690 medio'sublatum.
1956 631 2055 685 Per
2070 632 2166 685 he-

589 738 739 789 stimn
763 752 906 788 suam
938 733 1173 802 apparuit
1195 746 1214 794 ;
1253 731 1354 783 hoc
1378 739 1480 791 est,
1512 729 1883 781 manifestatus
1906 734 1989 779 est
2022 725 2130 778 Deo
2151 766 2165 784 .

590 828 657 881 ad
695 842 814 880 enin
850 824 1096 879 accessit.
1142 822 1257 876 Non
1297 822 1453 892 igitur
1491 819 1740 889 quoniam
1764 816 2037 871 sacerdos
2067 816 2171 870 hoc

592 930 733 985 sa-pe
760 915 883 970 facit
908 913 960 968 in
983 929 1146 976 anno,
1168 922 1323 982 putes
1356 911 1454 963 hoc
1484 920 1770 976 utcumque
1795 918 1848 961 et
1875 921 1979 959 non
2000 906 2068 959 ob
2092 906 2172 959 in-

592 1005 895 1059 firmitatem
925 1001 1041 1057 fieri
1069 1020 1081 1055 :
1110 1004 1154 1055 si
1184 1016 1287 1054 non
1310 1000 1379 1052 ob
1410 998 1804 1057 infirmitatem,
1837 1011 1934 1049 cur
1958 996 2169 1048 tandem

594 1094 831 1148 fiebant?
874 1094 1099 1147 sublatis
1140 1089 1446 1144 vulneribus
1470 1130 1484 1152 ,
1525 1104 1629 1142 non
1661 1086 1887 1156 amplius
1921 1100 2056 1155 opus
2090 1096 2173 1140 est

590 1185 1015 1240 medicamentis.
1040 1183 1326 1253 Propterea
1344 1181 1522 1249 jussit.
1545 1180 1728 1246 inquit,
1758 1192 1973 1247 semper
1992 1177 2169 1232 afferri

590 1284 810 1343 propter
837 1274 1197 1329 infirmitatem
1226 1311 1241 1336 ,
1270 1282 1432 1339 utque
1462 1278 1680 1340 peccata
1709 1278 2089 1322 revocarentur
2117 1267 2169 1320 in

591 1365 925 1422 memoriam.
978 1363 1115 1430 Quid
1157 1362 1319 1417 vero?
1360 1376 1537 1414 annon
1580 1374 1677 1413 nos
1714 1358 1953 1427 quotidie
1990 1357 2172 1411 offeri-

594 1457 748 1511 mus?
774 1455 1057 1510 Offerimus
1082 1454 1321 1523 quidem,
1341 1452 1433 1507 sed
1459 1451 1575 1520 ejus
1604 1462 1831 1506 mortem
1862 1464 2172 1504 revocamus

593 1551 644 1603 in
674 1549 982 1603 memoriam
1010 1567 1023 1601 :
1047 1557 1100 1601 et
1123 1547 1232 1615 ipsa
1264 1562 1365 1599 una
1390 1557 1493 1610 εει,
1520 1560 1626 1597 non
1660 1544 1861 1597 ntultaa.
1893 1543 2172 1609 Quomodo

594 1656 694 1693 una
718 1649 818 1703 est,
842 1655 946 1692 non
970 1637 1187 1691 multm?
1212 1636 1473 1703 Quoniam
1501 1634 1668 1689 semel
1698 1633 1793 1687 fuit
1820 1635 2015 1697 oblata,
2038 1636 2174 1687 sicut

594 1730 681 1782 illa
711 1727 809 1782 fuit
840 1729 890 1781 in
922 1737 1106 1781 sancta
1133 1734 1461 1783 sanctorum.
1497 1724 1609 1777 Hoc
1640 1734 1722 1778 est
1750 1725 1913 1791 figura
1943 1723 2102 1797 illius,
2121 1733 2175 1776 et

593 1822 706 1888 ipsa
748 1820 938 1873 istius:
970 1817 1217 1871 eumdem
1266 1814 1407 1868 enim
1452 1828 1665 1881 semper
1706 1812 2015 1875 offerimus,
2065 1828 2170 1866 non

594 1926 731 1963 nunc
766 1907 945 1967 aliam,
972 1922 1091 1960 etas
1116 1905 1274 1957 aliam
1299 1918 1454 1956 ovem
1476 1944 1490 1967 ,
1531 1902 1624 1956 sed
1661 1916 1874 1970 semper
1902 1902 2169 1956 eamdem.

590 2000 945 2068 Quamobrem
972 2012 1131 2050 unum
1154 2004 1235 2050 est
1255 1993 1571 2051 sacrificium
1600 2002 1817 2064 propter
1846 1995 1981 2048 hanc
2009 1996 2173 2049 ratio-

591 2106 711 2145 nem
744 2107 757 2143 :
787 2088 1022 2158 alioquin
1062 2087 1161 2142 hac
1203 2086 1407 2141 ratione
1429 2128 1443 2151 ,
1476 2086 1725 2152 quoniam
1756 2086 1935 2140 multis
1961 2086 2012 2139 in
2042 2087 2173 2141 locis

589 2179 829 2244 offertur,
855 2178 1077 2231 niultine
1104 2186 1225 2230 sunt
1254 2175 1495 2231 Christi?
1522 2175 1889 2244 Nequaquam,
1914 2176 2007 2229 sed
2036 2192 2172 2231 unus

592 2274 785 2341 ubique
814 2272 1077 2335 Christus,
1098 2270 1186 2340 qni
1212 2282 1264 2323 et
1294 2269 1379 2323 hic
1409 2279 1487 2323 est
1515 2269 1724 2337 plenus,
1749 2278 1801 2323 et
1831 2269 1937 2323 illic
1961 2269 2170 2336 plenus,

592 2379 753 2416 unum
786 2376 998 2431 corpus.
1042 2360 1110 2417 Ut
1153 2376 1279 2429 ergo
1320 2360 1497 2414 multis
1526 2360 1575 2412 in
1604 2359 1735 2414 locis
1765 2360 1975 2414 oblatus
2007 2376 2170 2416 unum

590 2464 673 2509 est
696 2469 911 2524 corpus,
929 2464 982 2508 et
1010 2468 1113 2507 non
1144 2454 1304 2507 multa
1325 2468 1583 2521 corpora:
1611 2454 1681 2506 ita
1710 2453 1871 2507 etiam
1899 2470 2059 2508 unum
2090 2465 2173 2509 est

590 2544 928 2600 sacrificium.
970 2542 1212 2598 Pontifex
1250 2553 1432 2597 neSter
1476 2544 1562 2596 ille
1601 2551 1683 2597 est
1720 2545 1807 2611 qui
1846 2544 2038 2598 obtulit
2078 2546 2175 2600 bo-

591 2640 744 2690 stiam
765 2682 777 2701 ,
807 2651 924 2706 qua:
952 2650 1049 2690 nos
1080 2634 1319 2689 mundat.
1363 2633 1509 2687 lllam
1558 2650 1698 2689 nunc
1737 2650 1949 2704 quoque
1986 2636 2171 2691 offeri-

593 2745 732 2795 mus,
755 2744 873 2799 qua:
905 2739 1030 2783 tunc
1057 2729 1154 2781 fuit
1183 2727 1359 2782 oblata
1381 2767 1393 2788 ,
1424 2742 1539 2794 qua:
1571 2742 1677 2781 non
1706 2737 1881 2797 potest
1906 2730 2170 2784 consumi.

594 2824 704 2877 lloc
733 2824 789 2876 fit
824 2824 874 2877 in
918 2822 1339 2877 recordationem
1367 2822 1485 2891 ejus
1509 2823 1649 2891 quod
1675 2835 1799 2879 tunc
1825 2821 2019 2879 factum
2045 2834 2127 2879 est
2156 2842 2169 2878 :

593 2917 708 2970 Hoc
747 2916 889 2971 enim
935 2916 1087 2983 facile
1106 2956 1121 2979 ,
1155 2915 1354 2983 inquit,
1385 2916 1434 2967 in
1460 2930 1621 2967 meam
1650 2916 2171 2970 commemorationem

595 3007 741 3079 (Luc.
771 3006 858 3060 9:2.
894 3006 1001 3075 l9).
1036 3005 1149 3059 Non
1176 3005 1331 3058 aliam
1363 3004 1608 3070 hostiam,
1634 3006 1769 3059 sicut
1794 3004 2052 3075 pontifex,
2076 3006 2170 3061 sed

593 3097 833 3152 eamdem
861 3112 1072 3165 seraper
1101 3095 1341 3162 facimus,
1371 3096 1453 3149 vel
1482 3096 1655 3165 potius
1677 3096 1921 3150 sacrificii
1951 3096 2174 3151 facimus

593 3184 1172 3248 commemorationem.

661 3274 715 3325 4.
751 3273 830 3323 Ad
855 3273 1101 3342 mysteria
1124 3275 1227 3326 sive
1256 3271 1635 3325 Eucharistiam
1673 3278 1919 3341 quomodo
1946 3287 2174 3343 oporteat

588 3361 1029 3415 accedam—Sed
1060 3363 1310 3429 quoniam
1338 3362 1555 3415 memini
1582 3363 1737 3432 hujus
1761 3366 2029 3428 sacrificii,
2050 3366 2171 3419 Volt)

591 3467 755 3521 pauca
799 3451 948 3505 vobis
970 3450 1168 3518 dicere,
1202 3452 1292 3521 qui
1333 3452 1603 3521 mysteriis
1629 3454 1761 3507 estis
1790 3453 1977 3509 initiati
2000 3496 2013 3519 ,
2051 3471 2170 3524 qua:

588 3557 842 3596 mensura
869 3541 1080 3610 quidem
1105 3552 1230 3595 sunt
1275 3557 1465 3610 pauca,
1500 3557 1745 3611 magnam
1771 3555 1948 3598 autem
1972 3544 2169 3601 habent

589 3633 693 3686 vim
724 3643 775 3687 et
807 3633 1091 3686 utilitatem
1121 3651 1133 3685 :
1167 3648 1271 3686 non
1300 3633 1441 3686 enim
1485 3643 1609 3687 sunt
1636 3644 1815 3688 nostra
1836 3678 1850 3700 ,
1882 3637 1974 3691 sed
2004 3638 2168 3693 divini

588 3721 815 3792 Spiritus
846 3739 963 3792 qum
990 3723 1258 3777 dicuntur.
1276 3723 1412 3790 Quid
1439 3734 1517 3778 est
1547 3726 1708 3795 ergo?
1730 3727 1874 3781 Multi
1904 3728 2061 3797 hujus
2085 3746 2167 3783 sa-

588 3815 953 3869 crificiisemel
974 3826 1085 3869 toto
1100 3831 1241 3868 anno
1265 3822 1389 3868 sunt
1417 3817 1726 3885 participes,
1752 3818 1840 3871 alii
1868 3830 2045 3872 autem
2066 3820 2167 3887 bis,

587 3903 674 3957 alii
700 3920 827 3957 vero
864 3920 1027 3973 saepe.
1077 3906 1157 3959 Au
1198 3920 1385 3958 omnes
1427 3921 1555 3973 ergo
1588 3906 1812 3960 habetur
1838 3910 2032 3976 oratio,
2063 3926 2168 3964 non

588 3994 757 4048 solum
789 3994 853 4048 ad
885 4010 977 4049 eos
1002 3996 1089 4064 qui
1132 3996 1217 4048 hic
1247 4004 1391 4060 sunt,
1424 3995 1516 4049 sed
1544 3996 1611 4050 ad
1652 4010 1746 4051 eos
1775 3998 1935 4051 etiam
1965 4001 2052 4068 qui
2076 3988 2170 4054 se-

588 4085 715 4139 dent
745 4084 796 4137 in
824 4084 1038 4138 deserto
1069 4103 1080 4136 :
1111 4100 1232 4137 nam
1257 4085 1330 4139 illi
1360 4086 1528 4140 semel
1555 4086 1607 4139 in
1638 4102 1780 4141 anno
1802 4100 1926 4142 sunt
1950 4090 2171 4159 partici-

590 4191 705 4245 pes,
734 4191 876 4245 saepe
897 4177 1057 4232 etiam
1088 4186 1206 4244 post
1226 4178 1362 4231 duos
1385 4193 1575 4234 annos.
1606 4178 1745 4244 Quid
1774 4182 1936 4249 ergo?
1956 4186 2170 4251 quinam

588 4276 742 4319 erunt
775 4265 929 4319 nobis
953 4268 1119 4335 magis
1136 4267 1379 4335 accepti?
1397 4284 1462 4321 an
1482 4269 1573 4337 qui
1600 4271 1791 4335 semel,
1816 4286 1882 4325 an
1901 4273 1986 4342 qui
2005 4288 2169 4341 smpe,

588 4371 654 4409 an
683 4357 771 4426 qui
802 4356 961 4410 raro?
988 4357 1097 4411 Nec
1126 4358 1200 4421 hi,
1230 4374 1329 4413 nec
1373 4359 1469 4425 illi,
1494 4360 1588 4415 sed
1638 4362 1673 4414 ii
1703 4363 1793 4429 qui
1823 4376 1943 4416 cum
1977 4365 2171 4418 munda

586 4451 932 4512 conscientia,
958 4449 1046 4516 qui
1070 4464 1189 4503 eum
1218 4450 1417 4504 mundo
1439 4452 1622 4517 corde,
1650 4452 1740 4522 qui
1770 4468 1891 4506 cum
1921 4453 2024 4507 vita
2054 4471 2173 4525 qua:

588 4542 713 4597 nulli
747 4553 827 4598 est
858 4543 1032 4597 affinis
1060 4545 1487 4613 reprehensioni.
1536 4546 1638 4615 Qui
1668 4556 1793 4603 sunt
1824 4548 2127 4619 hujusmodi
2155 4594 2169 4618 ,

587 4648 802 4703 semper
826 4634 1079 4688 accedant
1106 4654 1118 4689 :
1152 4637 1239 4704 qui
1270 4652 1374 4689 non
1406 4647 1529 4691 sunt
1558 4639 1881 4707 hujusmodi,
1914 4656 1981 4695 ne
2006 4643 2172 4697 semel

588 4724 823 4793 quidem.
854 4725 1074 4791 Quare?
1116 4726 1379 4793 Quoniam
1420 4729 1522 4781 sibi
1570 4740 1788 4784 sumunt
1827 4730 2087 4800 judicium
2119 4744 2174 4788 et

586 4816 1084 4873 condemnationem
1109 4828 1164 4873 et
1194 4820 1533 4889 supplicium.
1592 4821 1703 4877 Nec
1745 4824 1955 4878 mireris
1989 4843 2001 4877 :
2036 4825 2171 4880 sicut

585 4908 728 4960 enim
755 4907 905 4961 cibus
927 4918 1114 4963 natura
1155 4926 1248 4964 sua
1278 4912 1615 4979 nutritorius,
1654 4916 1697 4968 si
1741 4917 1791 4968 in
1831 4931 1951 4969 eum
1976 4918 2173 4972 incidat

588 4998 674 5068 qui
705 4999 967 5053 stomachi
986 5000 1112 5054 vitio
1138 5002 1361 5068 laborat,
1388 5006 1563 5058 omnia
1585 5008 1761 5076 perdit
1782 5017 1833 5061 et
1855 5012 2168 5079 corrumpit,

586 5100 637 5143 et
670 5091 837 5143 morbi
864 5090 919 5145 fit
940 5093 1153 5147 occasio
1179 5111 1191 5145 :
1215 5094 1281 5147 ita
1304 5099 1461 5149 etiam
1495 5097 1610 5151 haec
1641 5101 1938 5154 veneranda
1970 5112 2170 5172 myste-

586 5184 683 5235 ria.
715 5182 932 5239 Frueris
954 5201 1137 5240 mensa
1159 5186 1442 5255 spirituali,
1472 5205 1653 5243 mensa
1684 5193 1867 5260 regali,
1898 5203 1949 5247 et
1976 5194 2169 5248 iterum

585 5289 647 5328 os
697 5287 840 5330 tuum
892 5279 1002 5332 luto
1030 5278 1316 5347 inquinas?
1363 5283 1515 5352 ungis
1548 5296 1836 5351 unguento,
1883 5297 1936 5339 et
1986 5302 2172 5343 rursus

586 5368 779 5438 imples
810 5368 1037 5425 fauore?
1089 5372 1182 5426 Die
1223 5374 1373 5439 mihi,
1404 5390 1525 5429 cum
1557 5387 1673 5445 post
1695 5394 1891 5432 annum
1920 5396 1976 5434 es
2006 5384 2171 5450 parti-

585 5475 713 5529 ceps
732 5462 1153 5528 communionis,
1187 5466 1531 5523 existimasne
1559 5470 1905 5541 quadraginta
1929 5472 2043 5527 dies
2074 5475 2170 5527 tibi

585 5552 833 5608 sufficere
860 5555 924 5609 ad
947 5556 1377 5613 emundalionem
1403 5573 1743 5631 peccatorum
1774 5567 1938 5620 totius
1966 5576 2171 5637 tempo-

592 5642 702 5695 ris?
732 5654 925 5698 etcum
958 5664 1142 5702 rursus
1175 5654 1491 5719 praeterierit
1541 5654 1891 5722 hebdomada,
1938 5668 1985 5711 le
2017 5659 2168 5716 dedis

592 5734 897 5802 prioribus?
934 5738 1025 5793 Die
1055 5739 1203 5807 mihi,
1269 5743 1310 5798 si
1366 5760 1486 5799 cum
1530 5748 1878 5818 quadraginta
1924 5750 2110 5807 diebus
2137 5768 2168 5809 a

1316 362 1373 417 s.
1414 350 1690 411 JOANNIS
1726 341 2197 405 cnnrsosront
2240 339 2554 397 AflClllEP.
2598 339 3135 398 (IONSTANTINOP.

3760 340 3780 391 i
3790 337 3862 394 Ἡ

2279 451 2437 518 longo
2463 452 2651 507 morbo
2680 454 3041 520 convalueris,
3073 467 3257 508 rursus
3285 460 3338 507 te
3378 449 3546 505 dedas
3582 447 3716 504 cibis
3768 449 3870 497 illis

2278 540 2367 606 qui
2408 540 2624 595 morbos
2654 553 2955 609 procreant,
2982 547 3271 597 nonetiam
3304 546 3531 611 priorem
3567 546 3747 613 perdis
3785 548 3861 600 la-

2280 630 2503 684 borem?
2530 631 2661 686 Nam
2702 634 2745 685 si
2786 643 3057 688 mutantur
3082 652 3197 704 qum
3223 649 3345 690 sunt
3377 640 3657 703 naturalia,
3694 642 3861 694 multo

2278 723 2445 790 magis
2473 738 2592 792 qum
2637 725 2804 777 nostri
2853 734 2976 778 sunt
3024 725 3179 782 liberi
3227 730 3454 782 arbitrii.
3508 730 3577 787 Ut
3626 732 3859 800 exempli

2276 824 2456 873 causa,
2483 822 2671 865 natura
2701 812 2958 879 ridemus,
2983 824 3037 869 et
3062 830 3221 869 sanos
3247 819 3502 873 habemus
3521 822 3707 874 oculos
3727 836 3743 885 ;
3766 823 3859 876 sed

2279 912 2423 968 serpe
2443 918 2471 953 a
2502 902 2640 954 mala
2669 902 2981 958 habitudine
3010 905 3221 960 laeditur
3249 918 3430 961 nostra
3460 910 3671 964 videndi
3694 912 3861 965 facul-

2280 997 2381 1042 tas.
2405 990 2458 1043 Si
2511 1005 2641 1058 ergo
2668 1002 2942 1045 mutantur
2968 996 3227 1049 naturalia
3250 1037 3265 1059 ,
3294 1012 3471 1053 annon
3497 1000 3663 1053 multo
3691 1003 3860 1069 magis

2273 1093 2391 1145 qme
2423 1083 2586 1133 nostri
2616 1090 2738 1133 sunt
2766 1082 2914 1135 liberi
2942 1083 3190 1137 arbitrii?
3216 1088 3576 1157 Quadraginta
3609 1090 3727 1145 dies
3765 1092 3857 1144 tri-

2274 1168 2390 1221 buis
2420 1171 2630 1223 sanitati
2663 1174 2872 1235 animm,
2898 1173 3141 1227 fortassis
3162 1186 3337 1230 autem
3366 1195 3465 1232 nec
3485 1180 3854 1251 quadraginta,

2272 1269 2326 1311 et
2356 1269 2405 1311 te
2428 1260 2588 1313 Deum
2611 1259 2849 1329 placasse
2877 1266 3193 1331 exSpectas?
3216 1266 3440 1332 Jocaris,
3462 1285 3495 1323 ο
3519 1271 3701 1325 Ιιοιηο.
3735 1272 3858 1329 Ilzrc

2273 1349 2415 1412 dico,
2458 1365 2563 1403 non
2616 1352 2681 1403 ab
2728 1368 2832 1405 uno
2858 1354 3154 1425 eodemque
3198 1373 3375 1411 annuo
3399 1375 3617 1416 accessu
3644 1379 3745 1417 vos
3767 1380 3856 1418 ar-

2272 1455 2421 1503 cens,
2452 1442 2543 1495 sed
2578 1444 2750 1512 potius
2780 1446 2961 1499 volens
2982 1462 3076 1500 vos
3108 1460 3366 1517 perpetuo
3394 1452 3458 1505 ad
3486 1465 3670 1508 sancta
3697 1472 3856 1512 acce-

2271 1533 2423 1587 dere.
2458 1534 2743 1603 Propterea
2782 1539 3040 1591 acelamat
3090 1541 3250 1593 etiam
3290 1543 3541 1598 sacerdos
3570 1555 3699 1601 tunc
3734 1565 3857 1603 san-

2270 1629 2384 1675 ctos
2421 1638 2636 1684 vocans,
2687 1636 2737 1679 et
2772 1642 2864 1693 per
2902 1626 3036 1682 hanc
3078 1644 3260 1683 vocem
3287 1646 3475 1689 omnes
3498 1650 3765 1703 scrutans,
3799 1651 3859 1695 ut

2271 1727 2429 1766 nemo
2475 1714 2694 1769 accedat
2722 1732 2825 1771 non
2876 1731 3225 1787 pra-paratus.
3267 1723 3414 1778 Sicut
3457 1729 3598 1780 enim
3655 1731 3706 1785 in
3747 1749 3857 1787 uno

2271 1820 2452 1873 grege,
2484 1806 2533 1858 in
2563 1822 2667 1875 quo
2711 1809 2888 1862 multa:
2932 1812 3144 1878 quidem
3174 1829 3302 1867 ores
3342 1827 3464 1869 sunt
3514 1832 3679 1881 salire.
3733 1824 3855 1877 alia:

2268 1904 2446 1948 autem
2468 1894 2637 1963 plena:
2668 1907 2792 1950 sunt
2817 1899 3014 1963 scabie,
3045 1917 3265 1956 necesse
3292 1916 3375 1958 est
3400 1922 3528 1961 oves
3560 1924 3653 1963 eas
3678 1915 3852 1967 arceri

2268 2000 2297 2037 a
2327 1988 2471 2039 sanis
2502 2004 2518 2041 :
2552 1989 2619 2041 ita
2650 1991 2809 2045 etiam
2843 1991 2892 2044 in
2920 1991 3192 2060 Ecclesia;
3219 1999 3468 2065 quoniam
3496 2002 3615 2056 alia:
3635 2005 3853 2074 quidem

2268 2091 2395 2132 oves
2416 2089 2542 2132 sunt
2568 2095 2729 2139 suum.
2764 2083 2882 2138 alia:
2904 2099 3032 2139 vero
3062 2087 3197 2140 male
3221 2088 3448 2155 affeetce,
3482 2108 3576 2160 per
3598 2093 3740 2151 hanc
3758 2112 3853 2153 vo-

2267 2184 2383 2223 cem
2409 2170 2505 2225 bas
2529 2184 2674 2227 arcet
2695 2174 2761 2229 ab
2790 2174 2915 2242 illis,
2943 2176 2995 2230 in
3023 2191 3236 2233 omnem
3277 2191 3482 2249 partem
3513 2185 3727 2253 obiens,
3758 2205 3853 2260 per

2269 2259 2405 2317 hanc
2427 2277 2609 2317 vocem
2640 2264 2791 2319 valde
2818 2266 3110 2322 terribilem
3132 2270 3383 2326 sacerdos
3410 2282 3627 2328 sanctos
3654 2259 3855 2334 means

2269 2360 2322 2405 et
2348 2353 2582 2409 trahens.
2617 2356 2746 2410 Nam
2777 2359 3027 2427 quoniam
3074 2361 3189 2416 fieri
3244 2378 3348 2418 non
3380 2377 3556 2434 potest
3605 2380 3662 2423 ut
3689 2371 3855 2427 homo

2268 2444 2407 2495 norit
2435 2459 2552 2513 qua:
2580 2457 2701 2500 sunt
2728 2450 2984 2517 proximi;
3012 2450 3136 2515 Qui:
3163 2455 3313 2519 enim,
3361 2458 3553 2526 inquit,
3595 2477 3659 2514 ea:
3688 2461 3853 2516 homi-

2269 2535 2416 2587 nibus
2437 2539 2570 2589 novit
2594 2554 2707 2606 qua:
2732 2550 2846 2593 sunt
2872 2542 3110 2603 hominis.
3140 2546 3240 2597 nisi
3265 2548 3478 2612 spiritus
3506 2551 3744 2618 hominis,
3765 2555 3853 2623 qui

2264 2636 2335 2677 est
2371 2627 2424 2679 in
2461 2626 2660 2682 homine
2687 2630 2705 2699 (
2732 2632 2785 2687 ί.
2814 2630 2936 2689 Cor.
2966 2631 3023 2689 2.
3059 2635 3116 2688 ll
3142 2636 3198 2704 )?
3240 2638 3435 2692 emittit
3485 2639 3623 2696 hanc
3660 2659 3848 2701 vocem

2266 2730 2541 2788 postquam
2568 2734 2837 2789 peractum
2863 2724 2967 2779 fuit
2991 2728 3335 2797 sacrificium,
3369 2740 3426 2788 ut
3468 2749 3631 2790 nemo
3661 2735 3850 2792 incon-

2264 2808 2495 2863 siderate
2520 2827 2617 2866 nec
2642 2821 2843 2869 temere
2867 2815 2932 2871 ad
2966 2817 3105 2875 hunc
3127 2820 3326 2878 fontem
3349 2826 3567 2881 accedat
3593 2829 3848 2897 spiritua-

2264 2899 2387 2954 lem.
2443 2900 2570 2955 Nam
2616 2903 2668 2959 in
2702 2922 2861 2977 grege
2889 2910 3060 2979 (nihil
3091 2913 3233 2966 enim
3262 2925 3405 2969 vetat
3431 2918 3719 2986 quominus
3749 2935 3847 2976 eo-

2263 2990 2381 3042 dem
2417 3007 2599 3048 rursus
2622 3004 2832 3051 utamur
2855 3002 3140 3071 exemplo)
3165 3004 3435 3060 morbidas
3459 3008 3675 3076 quidem
3703 3009 3846 3064 intus

2267 3079 2626 3141 includimus.
2680 3094 2735 3137 et
2783 3084 3083 3140 detinemus
3108 3088 3160 3141 in
3210 3090 3479 3155 tenebris,
3519 3104 3573 3147 et
3598 3092 3679 3148 eis
3708 3094 3852 3151 aliud

2267 3168 2455 3223 damus
2494 3172 2908 3239 nutrimentum,
2965 3192 3069 3231 nou
3112 3181 3483 3247 permittentes
3542 3194 3597 3238 ut
3652 3202 3847 3255 purum

2268 3261 2516 3315 hauriant
2541 3279 2741 3329 aerem,
2786 3282 2956 3335 neque
2992 3279 3048 3322 ut
3074 3270 3236 3324 herba
3286 3284 3576 3329 vescantur
3600 3278 3811 3333 sincera
3835 3319 3852 3345 ,

2269 3366 2445 3419 neque
2472 3362 2527 3405 ut
2558 3369 2585 3406 a
2616 3353 2761 3409 fonte
2787 3358 2873 3426 qui
2906 3369 2987 3412 est
3017 3358 3143 3415 foris
3188 3363 3390 3419 bibant.
3425 3364 3567 3435 Ergo
3596 3364 3687 3422 hic
3715 3384 3852 3437 quo-

2265 3456 2369 3509 que
2397 3441 2509 3497 haec
2540 3458 2637 3498 vox
2672 3456 2752 3499 est
2783 3447 2950 3501 instar
2986 3449 3263 3517 cujusdam
3297 3454 3513 3510 vinculi.
3536 3455 3655 3510 Νοιι
3698 3467 3855 3527 potes

2266 3528 2447 3585 dicere
2472 3551 2486 3587 :
2514 3533 2847 3600 Nesciebam,
2874 3538 3181 3607 ignorabam
3222 3542 3359 3597 hanc
3401 3560 3513 3597 rem
3553 3549 3711 3616 sequi
3758 3564 3852 3618 pe-

2266 3621 2495 3679 riculum
2523 3643 2535 3676 :
2557 3626 2785 3679 maxime
2803 3626 2901 3681 hoc
2917 3638 3246 3697 protestatus
3260 3643 3337 3687 est
3356 3634 3570 3691 Paulus.
3591 3638 3851 3697 Atdices:

2270 3711 2382 3764 Non
2414 3714 2557 3781 legi?
2600 3715 2711 3770 Hec
2758 3733 2861 3771 non
2898 3730 2980 3773 est
3029 3725 3339 3790 excusatio,
3389 3726 3481 3781 sed
3528 3733 3850 3787 accusatio:

2267 3802 2504 3871 quotidie
2528 3805 2821 3874 ingrederis
2848 3810 3131 3866 ecclesiam
3153 3854 3167 3876 ,
3202 3825 3252 3868 et
3276 3816 3378 3870 hoc
3399 3818 3574 3875 adhuc
3600 3820 3854 3890 ignoras?

2338 3894 2392 3947 5.
2425 3893 2719 3951 Sacerdotis
2749 3900 2817 3951 ad
2856 3904 3095 3970 mysteria
3135 3908 3359 3978 uocantis
3398 3909 3609 3964 clamor.
3638 3913 3855 3971 --C:c-

2268 3993 2439 4037 terum
2471 3995 2529 4039 ut
2571 4002 2638 4039 ne
2676 3986 2778 4041 hoc
2805 3990 3021 4057 quidem
3052 3994 3227 4061 possis
3271 3996 3347 4050 uti
3374 4010 3659 4068 praztextu,
3690 4019 3756 4059 ea
3786 4006 3857 4061 de

2266 4087 2423 4126 causa
2447 4090 2633 4145 magna
2659 4092 2809 4143 voce,
2832 4082 3055 4136 terribili
3078 4085 3332 4151 clamore,
3355 4099 3624 4160 tamquam
3649 4110 3852 4164 praet»,

2268 4178 2483 4217 manum
2515 4168 2705 4221 tollens
2738 4169 2786 4221 in
2819 4171 3004 4237 altum,
3038 4185 3184 4227 stans
3212 4178 3457 4233 excelsus
3503 4193 3557 4234 et
3598 4186 3856 4241 omnibus

2267 4254 2597 4321 manifestus,
2652 4268 2705 4311 et
2750 4260 2800 4313 in
2826 4264 3102 4317 tremendo
3146 4266 3236 4320 illo
3264 4268 3478 4324 silentio
3500 4273 3856 4332 vehementer

2266 4344 2586 4413 vociferans,
2639 4348 2770 4402 alios
2800 4351 3013 4421 quidem
3042 4366 3231 4423 vocat,
3274 4359 3409 4413 alios
3439 4378 3565 4416 vero
3590 4375 3739 4421 arcet
3768 4382 3855 4422 εει-

2266 4437 2458 4491 cerdos
2490 4456 2501 4489 :
2534 4456 2638 4494 non
2672 4440 2773 4495 hoc
2800 4458 2955 4497 manu
2984 4445 3203 4511 faciens,
3234 4450 3328 4503 sed
3372 4452 3549 4522 lingua
3577 4457 3779 4512 clarius
3800 4472 3855 4513 et

2266 4530 2501 4595 apertius
2531 4546 2687 4600 quam
2726 4549 2903 4587 manu.
2932 4536 3066 4590 Nam
3091 4554 3188 4591 vox
3216 4540 3300 4592 illa
3333 4541 3386 4595 in
3434 4553 3643 4599 nostras
3686 4562 3852 4603 aures

2267 4616 2527 4683 incidens,
2578 4632 2843 4694 tamquam
2878 4642 3067 4682 manus
3118 4630 3255 4683 alios
3295 4632 3509 4700 quidem
3548 4636 3771 4706 expellit
3796 4651 3853 4694 et

2266 4710 2431 4778 ejicit,
2460 4712 2594 4766 alios
2622 4727 2795 4769 autem
2819 4719 3108 4775 introducit
3130 4723 3360 4777 etsistit.
3397 4724 3489 4780 Dic
3516 4728 3665 4793 mihi,
3692 4747 3848 4803 rogo,

2267 4802 2318 4854 in
2348 4802 2639 4873 Olympicis
2680 4810 3062 4868 certaminibus
3093 4829 3268 4870 nonne
3304 4826 3409 4870 stat
3449 4835 3622 4888 ιιι-τιεεο
3654 4802 3849 4895 magna

2266 4904 2318 4947 et
2366 4898 2468 4949 alta
2508 4913 2641 4952 voce
2690 4902 2945 4967 clamans,
2989 4915 3039 4959 et
3096 4894 3323 4961 dicens:
3358 4909 3619 4981 Numquid
3652 4894 3849 4986 aliquis

2267 4984 2407 5040 hunc
2436 4997 2671 5056 accusat,
2704 4992 2843 5047 sitne
2874 5009 3082 5061 servus,
3114 5006 3204 5049 aut
3245 4998 3349 5063 fur,
3379 5012 3473 5054 aut
3501 5004 3656 5058 malis
3680 4984 3837 5061 mori-

2266 5075 2399 5129 bus?
2427 5095 2741 5146 quamquam
2768 5082 2853 5137 illa
2888 5087 3174 5140 certamina
3225 5103 3332 5143 non
3359 5099 3483 5145 sunt
3526 5094 3712 5159 animi,
3749 5115 3846 5154 nec

2266 5185 2488 5233 morum,
2517 5186 2614 5225 nec
2644 5175 2858 5240 mentis,
2891 5176 2984 5229 sed
3007 5177 3209 5231 roboris
3231 5188 3284 5232 et
3313 5184 3574 5251 corporis.
3605 5185 3661 5240 Si
3690 5203 3844 5258 ergo,

2266 5263 2351 5315 ubi
2379 5274 2459 5316 est
2488 5266 2799 5320 exercitatio
2844 5282 3165 5338 corporum,
3200 5272 3423 5327 instituti
3455 5286 3510 5328 et
3553 5277 3848 5333 voluntatis

2266 5368 2453 5422 magna
2485 5356 2556 5408 sit
2598 5356 2885 5423 inquisitio,
2919 5368 3116 5428 quanto
3156 5363 3323 5431 magis
3354 5362 3459 5426 hic,
3491 5364 3575 5417 ubi
3610 5376 3716 5423 tota
3761 5384 3847 5422 est

2262 5448 2425 5499 animi
2457 5448 2768 5502 decet-latio.
2789 5450 2905 5503 Stat
2926 5466 3053 5521 ergo
3081 5468 3220 5508 nunc
3246 5469 3460 5525 quoque
3476 5459 3565 5524 qui
3595 5466 3678 5510 est
3699 5460 3842 5526 apud

2264 5554 2359 5590 nos
2392 5553 2586 5607 praeco,
2618 5556 2721 5594 non
2762 5557 3190 5613 unumquemque
3232 5548 3406 5616 capite
3451 5555 3635 5603 tenens
3662 5558 3715 5605 et
3742 5552 3842 5607 ad-

2252 5648 2490 5711 ducens,
2524 5646 2619 5702 sed
2649 5662 2838 5701 omnes
2888 5646 3045 5701 simul
3093 5646 3304 5701 interno
3351 5648 3525 5718 capite
3552 5647 3854 5705 detinens:

2254 5756 2359 5795 non
2383 5740 2517 5795 alios
2547 5742 2677 5808 ipsis
2703 5739 2842 5793 sistit
2871 5747 3233 5803 accusatores,
3269 5740 3360 5795 sed
3392 5740 3539 5808 ipsos
3561 5740 3801 5813 sibiipsis
3835 5765 3848 5797 :
