4060 6406
173 339 263 403 151
1003 338 1070 395 IN
1115 335 1332 394 EI’IST.
1374 334 1462 390 AD
1502 328 1768 388 HEBIUE‘

1917 332 2068 388 CAP.
2114 335 2182 391 Χ.
2229 324 2464 392 1103111..
2505 332 2667 392 XVII.

171 473 336 526 μενον
359 472 373 486 ·
433 454 740 526 κατηγορία
782 453 1094 520 ἀσθενείας,
1127 455 1229 508 οὑκ
1263 451 1449 522 ἰσχύος
1481 449 1765 516 ἐπίδειξις.

180 539 402 611 Ἐπειδὴ
433 541 544 609 γὰρ
577 542 610 609 η
640 537 832 609 πρώτη
863 538 1019 592 οὐδὲν
1051 540 1260 608 ἴσχυεν,
1295 537 1329 605 ἡ
1354 535 1585 606 δευτέρα
1613 550 1777 604 προσ-

167 624 430 696 εφέρετο·
466 623 564 676 καὶ
596 620 784 692 ἐπειδὴ
817 622 969 675 οὐδὲν
1002 622 1144 693 αῦτη
1175 623 1357 690 ἤνυεν,
1395 620 1558 690 ἑτέρα
1585 618 1770 672 πάλιν·

167 707 313 760 ὥστε
339 707 560 776 ἐλεγχος
593 705 1014 776 ἁμαρτημάτων
1039 702 1130 777 ἦν.
1165 704 1240 757 Τὸ
1272 703 1374 773 μὲν
1403 699 1498 756 οὖν
1527 701 1774 770 προσφέ-

170 791 362 861 ρεσθαι
399 791 624 859 ἐλεγχος
664 790 1121 860 ἁμαρτημάτων·
1178 785 1240 840 τὸ
1274 787 1332 840 δὲ
1382 786 1504 851 ἀεὶ,
1551 785 1776 856 ἐλεγχος

165 873 480 938 ἀσθενείας.
543 873 668 926 Ἐπὶ
707 872 766 925 δέ
814 872 910 925 τοῦ
945 871 1190 943 Χριστοῦ
1218 870 1534 924 τούναντίον
1559 887 1570 899 ·
1627 869 1774 936 ἅπαξ

165 957 546 1029 προσηνέχθη,
583 957 680 1011 καὶ
704 958 784 1020 είς
808 957 872 1009 τὸ
900 958 990 1011 ἀεὶ
1015 958 1248 1028 ἢρκεσε.
1287 957 1396 1008 Καὶ
1419 953 1599 1016 καλῶς
1620 948 1775 1006 εἶπεν

164 1043 357 1094 ἐκεῖνα
383 1041 661 1095 ἀντίτυπα
686 1057 698 1069 ⁸
738 1043 850 1111 ἄρα
878 1039 1051 1095 τύπον
1081 1041 1191 1113 ἔχει
1224 1042 1406 1112 μόνον,
1438 1039 1560 1109 οὑχὶ
1587 1037 1645 1090 δὲ
1679 1036 1776 1090 καὶ

163 1128 266 1192 τὴν
313 1126 469 1195 ἰσχύν
500 1141 516 1156 ·
569 1125 762 1198 ὥσπερ
811 1125 905 1178 ἐπὶ
948 1125 1056 1178 τῶν
1083 1125 1312 1178 εἰκόνιον
1335 1125 1507 1178 τύπον
1532 1122 1645 1192 ἔχει
1679 1119 1772 1173 τοῦ

163 1208 354 1280 ἀνθρώ
379 1227 460 1260 ;ου
492 1211 525 1276 ἡ
559 1207 756 1273 είκὼν,
793 1209 914 1278 οᾷχὶ
946 1210 1047 1277 τὴν
1083 1208 1258 1279 ίσχύν.
1288 1209 1454 1260 Ὥστε
1487 1206 1550 1259 τὸ
1576 1202 1776 1275 ἀληθὲς

167 1295 266 1345 καὶ
293 1295 324 1346 6
347 1293 516 1357 τύπος
553 1291 907 1346 κοινωνοῦσιν
935 1291 1220 1359 ἀλλήλοιςο
1252 1293 1280 1344 6
1305 1293 1413 1362 γάρ
1438 1289 1610 1352 τύπος
1637 1288 1774 1352 ίσος,

166 1379 200 1442 ἡ
253 1376 313 1428 δέ
367 1377 522 1448 ἰσχὺς
575 1376 785 1429 οὐκέτι.
843 1373 1003 1428 Οὕτω
1029 1375 1093 1446 δὴ
1141 1375 1236 1428 καὶ
1269 1375 1361 1426 ἐπὶ
1389 1372 1485 1425 τοῦ
1516 1369 1770 1443 ούρανοῦ,

165 1461 265 1512 καὶ
323 1462 416 1513 ἐπὶ
464 1464 565 1532 τῆς
609 1461 859 1531 σκηνῆς·
923 1462 952 1513 6
1002 1459 1101 1530 μὲν
1151 1457 1262 1527 γὰρ
1315 1457 1488 1519 τύπος
1529 1457 1643 1518 ίσος
1682 1449 1770 1525 ἦν.

164 1545 308 1613 ἆγια
338 1544 448 1616 γάρ
472 1540 564 1616 ἦν·
601 1546 635 1615 ἡ
664 1545 720 1597 δέ
754 1543 987 1614 δύναμις
1019 1543 1113 1595 καὶ
1140 1543 1208 1594 τά
1238 1541 1394 1606 ἄλλα,
1426 1539 1488 1593 οὐ
1515 1541 1584 1591 τά
1609 1539 1770 1593 αὑτά.

163 1629 236 1679 Τί
271 1631 421 1681 ἐστιν
441 1668 456 1691 ,
501 1630 604 1692 Εἰς
632 1626 928 1693 ἀθέτησιν
955 1625 1245 1695 ἁμαρτίας
1291 1623 1390 1677 διὰ
1418 1621 1527 1691 τῆς
1554 1623 1773 1688 θυσίας

162 1712 361 1767 αὑτοῦ
418 1712 881 1780 πεφανέρωται;
915 1709 968 1763 τί
1023 1711 1173 1762 ἐστιν
1223 1707 1535 1777 ἀθέτησιςς
1597 1707 1771 1758 Τουτ-

164 1800 319 1860 έστι,
370 1795 782 1866 καταφρόνησις
821 1809 836 1826 ·
886 1793 1072 1847 οὑκέτι
1129 1793 1238 1863 γάρ
1289 1791 1606 1863 παρρησίαν
1659 1789 1772 1861 ἔχει

162 1882 198 1948 ἠ
261 1880 548 1949 ἁμαρτία·
601 1877 868 1948 ἠθέτηται
919 1876 1050 1948 γάρ.
1106 1876 1267 1940 Πῶς;
1314 1875 1633 1944 Ὀφείλουσα
1675 1876 1773 1941 μὲν

165 1963 471 2015 ἀπολαϐεῖν
527 1961 772 2024 κόλασιν,
803 1961 904 2012 οὑκ
947 1958 1300 2012 ἀπολαϐοῦσα
1353 1957 1447 2011 δέ·
1497 1956 1772 2022 τουτέστι,

166 2046 298 2116 βίαν
331 2045 534 2098 ἔπαθεν
561 2062 572 2074 ·
605 2045 695 2096 ὅτε
737 2042 1110 2114 προσεδόκησε
1151 2043 1362 2106 πάντας
1389 2041 1620 2106 ἀνελεῖν,
1650 2041 1773 2094 τότε

163 2127 439 2200 ἀνῃρέθη.
460 2127 564 2180 Διά
579 2126 688 2195 τῆς
705 2126 925 2193 θυσίας
939 2126 1150 2190 αὐτοῦ,
1164 2127 1321 2196 φησί,
1335 2125 1768 2194 πεφανέρωται·

161 2213 474 2276 τουτέστιν,
519 2208 846 2280 ἐφανερώθη
897 2209 976 2280 τῷ
1016 2207 1136 2280 8εῷ
1186 2211 1283 2262 καὶ
1332 2209 1631 2281 προσῆλθε.
1679 2208 1772 2280 Μὴ

161 2291 284 2370 οὖν,
300 2295 489 2365 ἐπειδὴ
510 2297 538 2346 6
562 2294 744 2363 ἱερεὺς
768 2291 1031 2356 πολλάκις
1056 2292 1218 2346 τοῦτο
1240 2293 1416 2345 ἐποίει
1435 2304 1460 2334 ι
1475 2291 1569 2344 τοῦ
1588 2297 1773 2345 ἐνιαυ-

161 2377 286 2442 τοῦ,
310 2382 544 2450 νομίσῃς
563 2378 648 2430 ὃτι
673 2375 880 2442 ἁπλῶς,
909 2376 1004 2429 καὶ
1027 2377 1151 2447 οὑχῖ
1180 2376 1249 2430 δι’
1274 2375 1583 2440 ἀσθένειαν,
1609 2373 1774 2428 τοῦτο

162 2466 384 2532 ἐγίνετο
412 2481 426 2494 ·
451 2467 500 2518 εί
521 2463 631 2536 γὰρ
661 2467 736 2534 μὴ
765 2463 832 2517 δι’
863 2455 1174 2528 ἀσθένειαν,
1210 2463 1264 2516 τί
1296 2465 1391 2517 καὶ
1412 2463 1662 2531 ἐγίνετο;
1695 2461 1771 2532 μὴ

158 2549 342 2602 ὄντων
369 2547 478 2618 γὰρ
520 2548 878 2618 τραυμάτων,
926 2547 1053 2600 οὑδὲ
1091 2547 1408 2618 φαρμάκων
1451 2546 1641 2600 λοιπὸν
1691 2546 1774 2599 δεῖ

159 2631 247 2702 τῷ
275 2631 716 2702 ἐπιμελουμένῳ.
748 2630 851 2684 Διά
876 2631 1038 2684 τοῦτο
1076 2630 1407 2703 προσέταξε,
1447 2630 1635 2701 φησὶν,
1681 2631 1772 2684 ἀεὶ

163 2716 584 2787 προσφέρεσθαι
614 2715 704 2768 διὰ
737 2715 800 2768 τὸ
832 2715 1082 2780 ἀσθενὲς,
1133 2718 1229 2769 καὶ
1270 2715 1410 2768 ὥστε
1460 2717 1772 2786 ἀνάμνησιν

159 2801 461 2873 ἁμαρτιῶν
490 2799 763 2870 γίνεσθαι.
786 2801 852 2853 Τί
873 2796 1000 2865 οῦν;
1033 2801 1196 2870 ἡμεῖς
1221 2800 1342 2852 καθ’
1367 2800 1610 2868 ἑκάστην
1633 2799 1772 2870 ὴμέ-

163 2903 272 2956 ραν
322 2885 384 2938 οὑ
435 2884 868 2957 προσφέρομεν;
903 2882 1297 2954 Προσφερομεν
1341 2883 1465 2953 μὲν,
1496 2883 1613 2936 ἀλλ’
1637 2884 1772 2939 ἀνά-

164 2987 373 3040 μνησιν
405 2969 721 3040 ποιούμενοι
750 2967 846 3021 τοῦ
877 2967 1111 3021 θανάτου
1136 2967 1304 3020 αὑτοῦ
1328 2985 1341 2998 ο
1374 2968 1469 3020 καὶ
1496 2968 1596 3037 μία
1620 2969 1770 3020 ἐστὶν

160 3053 330 3123 αῦτη,
352 3053 450 3107 καὶ
477 3053 541 3106 οὑ
576 3052 791 3109 πολλαί.
824 3051 947 3113 Πῶς
979 3051 1096 3122 μία,
1125 3052 1217 3104 καὶ
1239 3052 1299 3103 οὑ
1334 3050 1557 3115 πολλαί;
1591 3051 1770 3104 Ἐπει-

161 3137 234 3206 δὴ
261 3137 414 3203 ᾶπαξ
446 3136 817 3209 προσηνέχθη,
866 3135 1057 3206 ὥσπερ
1104 3135 1292 3202 ἐκείνη
1327 3137 1358 3205 ἡ
1390 3137 1469 3198 είς
1504 3140 1571 3188 τα
1602 3136 1770 3204 ’Δγια

159 3218 278 3271 τῶν
293 3219 490 3286 άγίων.
503 3218 676 3270 Τοῦτο
691 3218 903 3286 ἐκείνης
920 3215 1090 3278 τύπος
1109 3215 1245 3279 ἐστὶ,
1261 3216 1354 3267 καὶ
1369 3214 1507 3284 αῦτη
1526 3216 1764 3286 ἐκείνης·

159 3299 258 3350 τὸν
302 3302 413 3367 γάρ
457 3297 623 3350 αὑτὸν
653 3297 741 3349 ἀεὶ
778 3295 1190 3367 προσφέρομεν,
1223 3294 1284 3345 οὑ
1317 3291 1412 3366 νῦν
1443 3293 1544 3360 μὲν
1578 3293 1768 3364 ἕτερον

162 3375 464 3448 πρόϐατον,
497 3373 686 3447 αῦριον
721 3375 778 3427 δὲ
823 3376 1034 3445 ἕτερον,
1071 3372 1188 3426 ἀλλ’
1217 3373 1303 3426 ἀεὶ
1333 3371 1394 3426 τὸ
1417 3373 1550 3425 αὑτό
1579 3388 1594 3403 ’
1625 3371 1768 3425 ὥστε

163 3459 271 3529 μία
317 3458 470 3513 ἐστὶν
521 3460 555 3528 ὴ
593 3457 778 3510 θυσία.
836 3458 993 3511 Ἐπεὶ
1027 3454 1110 3526 τῷ
1163 3455 1309 3526 λόγῳ
1341 3453 1537 3526 τούτῳ,
1575 3455 1767 3526 ἐπειδὴ

162 3546 443 3618 πολλαχοῦ
464 3546 857 3617 προσφέρεται,
892 3545 988 3598 καὶ
1018 3543 1208 3597 πολλοὶ
1241 3543 1472 3614 Χριστοί
1492 3560 1506 3610 ;
1530 3543 1646 3596 ἀλλ’
1679 3544 1770 3594 οὑ-

161 3630 378 3700 δαμῶς,
415 3628 566 3702 1169]
593 3629 712 3682 ἀλλ’
743 3628 825 3691 εἷς
865 3627 1145 3700 πανταχοῦ
1181 3629 1210 3681 6
1246 3627 1504 3700 Χριστὸς,
1538 3629 1634 3681 καὶ
1679 3630 1768 3681 ἐν-

159 3713 345 3767 ταῦθα
372 3715 588 3784 πλήρης
617 3711 714 3778 ὢν,
743 3712 837 3765 καὶ
859 3713 977 3766 ἐκεῖ
999 3711 1238 3783 πλήρης,
1260 3712 1320 3765 ἓν
1349 3711 1532 3782 σῶμα.
1554 3711 1767 3783 Ὥσπερ

161 3793 260 3849 οὗν
292 3797 568 3867 πολλαχοῦ
597 3794 1048 3868 προσφερόμενος
1077 3795 1136 3849 ἓν
1181 3795 1343 3866 σῶμά
1379 3796 1523 3857 ἐστι,
1573 3795 1668 3848 καὶ
1705 3798 1766 3849 οὑ

163 3879 341 3934 πολλά
384 3897 640 3950 σωματα,
670 3877 817 3931 οῦτω
861 3880 957 3931 καὶ
998 3878 1097 3949 μία
1146 3877 1330 3932 θυσία.
1383 3879 1440 3932 '0
1475 3880 1768 3950 ἀρχιερεὺς

161 3965 326 4035 ἡμῶν
379 3964 590 4027 ἐκεῖνός
634 3967 784 4017 ἐστιν
817 3963 846 4014 6
881 3961 980 4033 τὴν
1013 3962 1206 4015 θυσίαν
1250 3963 1352 4035 τὴν
1393 3964 1767 4034 καθαίρουσαν

161 4050 316 4120 ἡμᾶς
342 4046 754 4120 προσενεγκὼν.
803 4045 1052 4117 Ἐκείνην
1092 4047 1482 4118 προσφέρομεν
1517 4048 1613 4098 καὶ
1648 4046 1764 4111 νῦν,

159 4138 265 4204 τὴν
306 4134 430 4186 τότε
486 4132 964 4202 προσενεχθεῖσαν,
997 4131 1096 4203 τὴν
1139 4131 1438 4192 ἀνάλωτον.
1479 4130 1652 4184 Τοῦτο
1683 4136 1766 4195 εἰς

159 4220 476 4288 ἀνάμνησιν
507 4218 719 4286 γίνεται
756 4214 851 4269 τοῦ
902 4215 1024 4269 τότε
1054 4215 1352 4286 γενομένου
1381 4231 1394 4245 υ
1432 4214 1620 4268 Τοῦτο
1655 4217 1766 4288 γάρ

162 4303 411 4367 ποιεῖτε,
449 4302 636 4371 φησιν,
673 4303 762 4368 εις
791 4300 908 4369 τὴν
944 4299 1102 4370 ἐμὴν
1129 4300 1494 4370 ἀνάμνησιν.
1529 4301 1643 4354 Οὑκ
1668 4301 1765 4355 άλ-

161 4386 264 4456 λην
311 4385 529 4451 θυσίαν,
573 4385 826 4456 καθάπερ
869 4387 897 4438 6
943 4386 1237 4456 ἀρχιερεὺς
1277 4385 1422 4449 τότε,
1473 4383 1612 4438 ἀλλά
1666 4385 1765 4456 τὴν

159 4468 338 4539 αὐτὴν
365 4470 455 4522 ἀεὶ
480 4469 747 4539 ποιοῦμεν
778 4485 792 4499 ⁸
835 4469 1040 4542 μᾶλλον
1079 4467 1137 4522 δέ
1182 4468 1492 4539 ἀνάμνησιν
1532 4469 1765 4540 ἐργαζόι

162 4550 310 4622 μεθα
345 4551 558 4616 θυσίας.

233 4638 300 4692 δ’.
488 4636 678 4708 ἐπειδὴ
694 4637 792 4708 τῆς
807 4635 1000 4700 θυσίας
1018 4635 1224 4707 ταύτης
1255 4635 1556 4709 ἐμνήσθην,
1578 4637 1765 4708 βούλο-

162 4738 266 4794 μαι
287 4720 464 4792 μικρά
481 4719 617 4790 πρὸς
637 4723 781 4790 ὑμᾶς
802 4723 978 4773 εἰπεῖν
999 4722 1124 4783 τοὺς
1151 4721 1562 4792 μεμυημένους,
1588 4725 1764 4796 μικρά

162 4807 266 4879 μέν
299 4805 379 4878 τῷ
413 4805 618 4877 μέτρῳ,
656 4805 900 4876 μεγάλην
955 4805 1011 4857 δὲ
1065 4806 1260 4886 ἔχοντα
1311 4805 1411 4876 τὴν
1467 4807 1621 4876 ίσχυν
1670 4812 1767 4864 καὶ

157 4893 266 4966 τὴν
319 4892 591 4960 ὠφέλειαν
623 4907 636 4920 ’
692 4892 754 4943 ού
804 4891 913 4960 γὰρ
965 4891 1437 4960 ἡμέτεράέστιν,
1485 4890 1622 4944 ἀλλὰ
1667 4893 1763 4947 τοῦ

161 4978 315 5032 θείου
357 4974 676 5046 Πνεῦματος
727 4973 796 5028 τά
824 4974 1116 5043 λεγόμενα.
1155 4973 1220 5026 Τί
1254 4969 1348 5025 οῦν
1383 4976 1500 5027 ἐστι
1526 4994 1540 5042 ;
1571 4977 1764 5032 Πολλοὶ

160 5061 264 5134 τῆς
291 5060 482 5123 θυσίας
504 5058 709 5128 ταύτης
739 5058 886 5122 άπαξ
922 5057 1400 5128 μεταλαμϐάνουσι
1435 5059 1528 5112 τοῦ
1562 5065 1764 5127 παντὸς

159 5145 442 5210 ἐνιαυτοῦ,
480 5144 630 5196 ἄλλοι
677 5144 732 5196 δέ
769 5143 871 5209 δίς,
904 5144 1055 5197 ἄλλοι
1087 5144 1145 5196 δέ
1180 5143 1463 5208 πολλάκις.
1498 5147 1641 5217 Πρὸς
1670 5145 1764 5202 οὖν

163 5237 414 5295 ἅπαντας
441 5232 577 5301 ἡμῖν
608 5233 636 5284 6
667 5230 826 5297 λόγος
856 5232 1028 5293 ἐστὶν,
1069 5230 1130 5282 οὑ
1173 5229 1310 5301 πρὸς
1347 5233 1475 5294 τοὺς
1523 5233 1762 5288 ἐνταῦθα

159 5318 220 5371 δέ
255 5318 436 5388 μόνον,
480 5315 615 5369 ἀλλὰ
646 5316 738 5368 καὶ
777 5316 916 5386 πρὸς
953 5317 1080 5376 τοὺς
1109 5315 1167 5366 ἐν
1205 5317 1270 5385 τῇ
1308 5317 1501 5386 ἐρήμῳ
1532 5318 1762 5384 καθεζο-

164 5401 364 5474 μένους
397 5416 411 5429 ·
447 5402 646 5453 ἐκεῖνοι
681 5401 789 5469 γὰρ
821 5398 968 5464 ἅπαξ
1012 5396 1106 5450 τοῦ
1161 5398 1412 5450 ἐνιαυτοῦ
1447 5401 1760 5472 μετέχουσι,

160 5487 432 5550 πολλάκις
471 5486 529 5539 δέ
559 5487 652 5538 καὶ
682 5484 769 5538 διὰ
796 5484 892 5539 δύο
924 5485 1083 5539 ἐτῶν.
1115 5484 1180 5536 Τί
1209 5480 1303 5537 οῦν
1335 5501 1348 5550 ;
1388 5487 1538 5549 τίνας
1564 5490 1762 5544 άποδε-

225 5619 244 5642 ⁸
267 5619 321 5667 lu
341 5617 502 5686 (2013):,
521 5616 759 5686 Coqump].
786 5623 848 5686 οιΔ
873 5617 1030 5686 R933.
1058 5618 1410 5686 scqu_enlia_sic
1429 5618 1611 5686 habent
1636 5639 1645 5670 :
1671 5624 1761 5673 τοῦ

162 5680 402 5731 ἐνιαυτοῦ.
426 5681 583 5729 Ὥστε
603 5680 700 5728 ἐκεῖ
721 5682 885 5728 λοιπὸν
917 5680 1094 5739 γίνεται
1114 5680 1276 5742 τοῦτο,
1300 5681 1337 5727 εἰ
1363 5684 1443 5729 καὶ
1473 5684 1667 5742 γίνεται.
1702 5688 1760 5735 Τί

162 5743 373 5860 Eni?“
398 5742 679 5807 φαρμάκων,
708 5743 796 5790 οὐκ
808 5742 958 5789 ὄντων
978 5741 1260 5804 τραυμάτων
1279 5755 1290 5800 ;
1317 5747 1406 5790 Δια
1431 5744 1574 5791 τοῦτο
1601 5764 1760 5810 προσ-

191 5822 252 5854 τα

191 5822 360 5854 tau...

3379 333 3482 387 133

1881 449 2118 518 ξάμεθα;
2157 453 2281 516 τοῦς
2307 454 2496 520 ἃπαξς
2525 456 2653 518 τοὺς
2685 455 2809 508 πολ)
2823 454 2981 518 άκιςς
3018 451 3144 516 τοῦς
3191 449 3482 520 όλιγάκιςς

1878 533 2017 588 Οὔτε
2046 537 2175 600 τοὺς
2214 536 2383 602 ἀπαξ,
2413 536 2540 592 οὔτε
2565 539 2691 603 τοῦς
2741 539 3024 602 πολλάκις,
3054 533 3180 590 οὐτε
3208 535 3337 597 τοὺς
3376 534 3480 586 ὀλι-

1877 616 2063 688 γάκις,
2102 619 2254 674 ἀλλά
2292 621 2424 686 τοὺς
2469 623 2612 693 μετὰ
2671 622 2920 693 καθαροῦ
2975 619 3304 683 συνειδότος,
3355 616 3486 680 τοὺς

1881 702 2024 773 μετά
2053 704 2304 776 καθαράς
2340 707 2598 776 καρδίας,
2627 709 2752 770 τοὺς
2783 705 2923 777 μετά
2947 705 3066 781 βίου
3101 705 3372 774 ἀλήπτου.
3418 701 3485 754 Ol

1877 786 2111 840 τοιοῦτοι
2162 789 2250 841 ἀεὶ
2303 791 2657 862 προσίτωσαν
2683 806 2696 820 ο
2738 792 2787 843 οί
2823 791 2883 845 δέ
2938 790 3014 860 μὴ
3055 787 3312 850 τοιοῦτοι,
3344 783 3485 855 μηδέ

1879 869 2046 937 ἅπαξ.
2084 871 2152 924 Τί
2179 871 2431 944 Signata;
2468 873 2596 926 Ὀτι
2632 877 2808 945 κρῖμα
2854 874 3071 935 ἑαυτοῖς
3114 869 3480 942 λαμϐάνουσι,

1878 957 1972 1006 καὶ
2008 957 2336 1027 κατάκριμα
2369 956 2466 1009 καὶ
2497 955 2722 1010 κόλασιν
2768 957 2864 1010 καὶ
2908 955 3204 1028 τιμωρίαν.
3251 953 3365 1008 Καὶ
3406 953 3484 1024 μὴ

1879 1036 2169 1112 θαυμάσῃς
2191 1056 2203 1069 ·
2228 1041 2423 1113 ὥσπερ
2445 1041 2554 1112 γὰρ
2575 1043 2609 1107 ἡ
2635 1042 2814 1111 τροφὴ
2838 1039 2998 1108 φύσει
3027 1036 3165 1093 οὖσα
3186 1037 3482 1111 θρεπτικὴ,

1880 1120 1977 1175 ἐὰν
2006 1123 2087 1187 είς
2127 1123 2422 1176 κακόσιτον
2451 1123 2694 1194 ἐμπέσῃ,
2724 1124 2906 1177 πάντα
2942 1122 3210 1178 ἀπόλλυσι
3241 1123 3337 1176 καὶ
3360 1124 3483 1175 δια-

1881 1203 2115 1276 φθείρει,
2136 1208 2459 1275 καὶγίνεται
2477 1207 2634 1260 νόσου
2657 1210 2885 1279 ἀφορμή
2906 1223 2918 1236 ·
2939 1207 3084 1260 οὕτω
3106 1206 3170 1278 δὴ
3201 1208 3293 1258 καὶ
3309 1205 3487 1259 ταῦτα

1878 1286 1949 1340 τὰ
1986 1288 2094 1344 τῶν
2144 1291 2394 1359 φρικτῶν
2441 1291 2782 1361 μυστηρίων.
2843 1288 3140 1360 Τραπέζης
3186 1288 3488 1351 ἀπολαύεις

1878 1373 2288 1444 πνευματικῆς,
2317 1371 2598 1444 τραπέζης
2635 1372 2956 1442 βασιλικῆς,
2977 1374 3074 1426 καὶ
3103 1372 3268 1426 πάλιν
3290 1371 3486 1441 φύρεις

1879 1453 2128 1526 βορϐόρῳ
2151 1456 2212 1509 τὸ
2245 1457 2456 1524 στόμα;
2485 1458 2646 1529 μύρῳ
2673 1457 2873 1527 χρίεις,
2906 1458 2998 1510 καὶ
3032 1457 3193 1510 πάλιν
3215 1456 3485 1521 δυσωδίας

1878 1539 2138 1610 πληροῖςς
2194 1541 2334 1594 Είπέ
2372 1557 2484 1609 μοι,
2544 1541 2873 1610 παρακαλῶ,
2919 1540 3036 1609 μετ’
3087 1542 3336 1593 ἐνιαυτὸν
3384 1541 3485 1611 τῆς

1879 1621 2240 1692 μεταλήψεως
2313 1623 2583 1694 μετέχων,
2645 1623 2744 1687 τὰς
2796 1625 3217 1694 τεσσαράκοντα
3264 1624 3484 1696 ἡμέρας

1876 1706 1978 1760 οῖει
2009 1708 2202 1777 ἀρκεῖν
2242 1724 2326 1760 σοι
2375 1709 2516 1778 πρὸς
2566 1708 2854 1778 καθαρμὸν
2909 1709 3020 1760 τῶν
3067 1710 3486 1782 ἁμαρτημάτων

1879 1791 2080 1854 παντὸς
2122 1790 2220 1844 τοῦ
2273 1792 2503 1862 χρόνους
2555 1793 2651 1845 καὶ
2697 1793 2882 1853 πάλιν,
2920 1791 3221 1863 ἑϐδομάδος
3276 1791 3486 1865 παρελ-

1877 1875 2100 1944 θούσης,
2149 1874 2377 1940 ἐκδίδως
2442 1879 2640 1930 σαυτὸν
2688 1881 2803 1941 τοῖς
2855 1877 3181 1947 προτέροις;
3224 1876 3362 1931 Εἰπὲ
3415 1877 3482 1949 δή
3531 1915 3534 1920 -

1881 1976 1990 2030 μοι,
2033 1958 2128 2011 ἐὰν
2164 1959 2401 2026 ὑγιάνας
2442 1960 2862 2032 τεσσαράκοντα
2915 1961 3129 2033 ἡμέρας
3178 1960 3287 2014 ἀπὸ
3324 1960 3484 2016 νόσου

1879 2044 2120 2112 μακρᾶς,
2156 2043 2323 2096 πάλιν
2383 2045 2581 2098 σαυτὸν
2636 2047 2772 2114 τοῖς¹
2805 2045 2998 2106 σιτίοις
3047 2042 3220 2114 ἐκδῴς
3252 2044 3485 2108 ἐκείνοις

1873 2129 1989 2190 τοῖς
2020 2129 2341 2190 νοσοποιοίς,
2379 2127 2503 2196 οὑχ).
2551 2127 2650 2181 καὶ
2711 2127 2803 2180 τὸν
2846 2128 3117 2198 πρότερον
3171 2129 3340 2181 κόπον
3373 2129 3482 2182 ἀπ-

1874 2210 2124 2276 ώλεσαςς
2159 2211 2400 2283 Εύδηλον
2424 2213 2526 2268 ὅτι.
2559 2213 2622 2265 Ei
2643 2212 2754 2285 γὰρ
2777 2213 2846 2265 τά
2882 2213 3094 2280 φυσικά
3130 2211 3482 2284 μεθίσταται,

1877 2293 2027 2366 [170]
2049 2295 2229 2366 πολλῷ
2249 2295 2452 2366 μᾶλλον
2475 2296 2657 2366 τάτῆς
2686 2297 3088 2368 προαιρέσεως.
3105 2290 3231 2349 Οἶόν
3249 2314 3300 2350 τι
3315 2297 3482 2366 λέγω·

1875 2381 2044 2433 Φύσει
2083 2380 2380 2451 βλέπομεν,
2418 2381 2513 2434 καὶ
2546 2382 2722 2450 ὑγιεῖς
2753 2379 2954 2451 ἔχομεν
2991 2379 3312 2451 ὀφθαλμοὺς
3341 2384 3484 2438 κατά

1875 2463 2040 2534 φύσιν
2067 2481 2081 2495 ·
2118 2464 2256 2518 ἀλλὰ
2278 2463 2544 2527 πολλάκις
2572 2463 2682 2517 ἀπὸ
2709 2463 2974 2534 καχεξίας
3000 2460 3298 2534 βλάπτεται
3324 2465 3484 2537 ἡμῶν

1873 2547 1936 2600 τὸ
1958 2548 2205 2602 ὀπτικόν.
2233 2549 2297 2600 Εἰ
2329 2548 2514 2602 τοίνυν
2543 2548 2609 2600 τὰ
2637 2551 2701 2601 ἐκ
2730 2549 2952 2618 φύσεως
2987 2546 3333 2618 μεθίσταται,
3362 2550 3485 2620 ούχὶ

1878 2631 2118 2700 μάλιστα
2148 2632 2214 2683 τὰ
2252 2634 2317 2684 ἐκ
2348 2630 2766 2702 προαιρέσεως;
2804 2631 3236 2701 Τεσσαρὲκοντα
3267 2633 3484 2703 ἡμέρας

1872 2713 2172 2783 ἀπονέμεις
2204 2716 2272 2786 τῇ
2315 2714 2476 2785 ὑγεία
2509 2716 2606 2783 τῆς
2639 2713 2845 2784 ψυχῆς,
2879 2713 3023 2783 τάχα
3051 2713 3105 2768 δὲ
3133 2716 3254 2768 οὐδὲ
3283 2732 3484 2769 τεσσαο

1875 2796 2137 2867 ράκοντα,
2192 2797 2290 2851 καὶ
2338 2797 2650 2869 προσδοκᾷς
2698 2796 3099 2860 ἐξιλεώσασθαι
3150 2798 3244 2853 τὸν
3307 2800 3480 2865 Θεόν;

1872 2881 2119 2945 Παίζεις,
2171 2881 2450 2952 ἄνθρωπε.
2489 2881 2680 2934 Ταῦτα
2724 2879 2892 2949 λέγω,
2933 2883 3058 2952 οὐχὶ
3089 2887 3190 2954 τῆς
3225 2885 3352 2953 μιᾶς
3387 2887 3483 2938 καὶ

1871 2964 2209 3018 ἐνιαυσ.αίου
2243 2965 2506 3036 προσόδου
2532 2963 2761 3018 κωλύων
2788 2966 2817 3017 ὑ
2827 2966 2956 3034 μᾶς,
2981 2966 3120 3019 ἀλλὰ
3153 2967 3482 3038 βουλόμενος

1875 3048 2076 3118 μᾶλλον
2120 3049 2418 3111 διαπαντὸς
2468 3049 2616 3119 ὑμᾶς
2665 3048 2953 3120 προσιέναι
2987 3053 3101 3112 τοῖς
3137 3051 3338 3119 ἁγίοις.
3380 3052 3482 3105 Διά

1870 3131 2032 3185 τοῦτο
2051 3135 2146 3186 καὶ
2163 3136 2188 3186 6
2209 3135 2386 3205 ίερευς
2416 3134 2443 3173 b
2470 3136 2740 3201 ὲπιφωνεῖ
2763 3134 2888 3186 τότε
2910 3135 3037 3197 τοὺς
3057 3137 3244 3205 ἁγίους
3274 3137 3479 3202 καλῶν,

1871 3218 1966 3270 καὶ
2011 3217 2099 3270 διά
2150 3219 2249 3289 τῆς
2291 3220 2475 3288 φωνῆς
2507 3217 2715 3290 ταύτης
2769 3219 3162 3289 μωμοσκοπῶν
3202 3221 3478 3288 ἅπαντας,

1870 3300 2012 3353 ὥστε
2044 3303 2118 3371 μὴ
2148 3302 2469 3375 προσελθεῖν
2492 3319 2616 3355 τινα
2634 3303 3052 3374 ἀπαράσκευον.
3076 3305 3348 3376 Καθάπερ
3367 3307 3480 3378 γάρ

1868 3387 1962 3438 ἐπὶ
2020 3388 2279 3457 ποίμνης,
2351 3385 2485 3440 ἔνθα
2546 3386 2722 3440 πολλά
2767 3388 2869 3456 μὲν
2913 3388 3148 3456 ὑγιαίνει
3202 3391 3478 3462 πρόϐατα,

1870 3470 2044 3524 πολλά
2071 3471 2126 3523 δέ
2166 3469 2358 3543 ψώρας
2392 3471 2836 3541 ἀναπέπλησται,
2875 3473 3092 3544 ἀνάγκη
3116 3474 3291 3529 ταῦτα
3312 3476 3482 3550 διείρ-

1868 3556 2064 3624 γεσθαι
2084 3557 2192 3609 ἀπὸ
2212 3558 2321 3610 τῶν
2347 3558 2703 3626 ὑγιαινόντων
2721 3573 2734 3587 °
2762 3557 2908 3611 οῦτω
2936 3559 3030 3611 καὶ
3058 3561 3115 3612 ἐν
3145 3564 3211 3631 τῇ
3244 3560 3477 3633 Ἐκκληο

1869 3639 1983 3710 σία,
2037 3639 2227 3710 ἐπειδὴ
2283 3639 2354 3693 τά
2415 3641 2513 3710 μέν
2572 3643 2723 3694 ἐστιν
2757 3641 2975 3708 ὑγιεινὰ
3014 3644 3290 3715 πρόϐατα,
3324 3647 3392 3699 τά
3421 3647 3477 3701 δὲ

1869 3722 2262 3794 κεκακωμένα,
2301 3723 2391 3776 διά
2427 3725 2528 3794 τῆς
2559 3725 2744 3795 φωνῆς
2788 3725 2998 3796 ταύτης
3033 3727 3268 3798 διείργει
3299 3730 3476 3785 ταῦτα

1867 3806 2095 3862 ἐκείνων
2122 3806 2352 3875 περιιὼν
2383 3807 2664 3877 πανταχοῦ
2712 3807 2800 3862 διὰ
2844 3810 2948 3879 τῆς
2983 3813 3236 3883 κραυγῆς
3264 3813 3476 3886 ταύτης

1866 3892 1965 3963 τῆς
1998 3891 2447 3964 φρικωδεστάτης
2472 3903 2493 3931 ι·
2519 3895 2547 3946 6
2575 3891 2779 3963 ἱερεὺς,
2809 3893 2901 3945 καὶ
2925 3894 3051 3957 τοὺς
3079 3895 3273 3964 ἁγίους
3294 3898 3476 3950 καλῶν

1867 3976 1964 4030 καὶ
1985 3975 2181 4030 ἐλκων.
2224 3975 2448 4048 Ἐπειδὴ
2476 3978 2586 4047 γάρ
2614 3977 2715 4030 οὑκ
2743 3976 2821 4029 ἔνι
2853 3976 3143 4046 ἄνθρωπον
3176 3981 3307 4033 ὄντα
3331 3981 3474 4035 εἰδέ-

1867 4078 1956 4114 ναι
1980 4061 2049 4114 τά
2066 4059 2160 4113 τοῦ
2188 4060 2451 4128 πλησίον⁶
2480 4060 2575 4125 Τίς
2603 4059 2714 4128 γὰρ
2739 4055 2905 4112 οἶδεν
2931 4061 3282 4128 ἀιοθίώπων,
3315 4067 3474 4134 φησὶ,

1866 4143 1938 4198 τὰ
1964 4145 2074 4199 τοῦ
2103 4143 2445 4211 ἀνθρώπου,
2477 4146 2528 4196 εἰ
2552 4143 2640 4212 μὴ
2665 4143 2732 4195 τὸ
2762 4144 3002 4214 πνεῦμα
3028 4145 3133 4198 τοῦ
3155 4146 3474 4215 ἀνθρώπου

1865 4230 1934 4285 τὸ
1961 4230 2030 4284 ἐν
2051 4227 2214 4295 αὐτῷ
2239 4245 2256 4292 ;
2290 4230 2498 4300 ταύτην
2525 4228 2724 4298 ἀφίησι
2751 4228 2850 4298 τὴν
2881 4228 3065 4299 φωνὴν
3108 4230 3247 4299 μετὰ
3280 4231 3342 4285 τὸ
3371 4235 3474 4304 τὴν

1867 4314 2061 4368 θυσίαν
2091 4312 2500 4384 ἀπαρτισθῆναι
2534 4313 2740 4374 πᾶσαν,
2758 4309 2900 4364 ὥστε
2931 4312 3140 4383 μηδένα
3163 4315 3353 4378 ἁπλῶς
3377 4319 3473 4370 καὶ

1866 4398 1944 4462 ὼς
1976 4398 2191 4468 ἔτυχεν,
2217 4397 2313 4450 ἐπί
2343 4397 2444 4466 τὴν
2477 4396 2664 4465 πηγὴν
2689 4395 2865 4447 ἐλθεῖν
2913 4397 3011 4466 τὴν
3060 4403 3470 4472 πνευματικήν,

1867 4485 1980 4540 Καὶ
2000 4487 2110 4555 γὰρ
2142 4484 2236 4538 ἐπὶ
2263 4484 2363 4553 τῆς
2396 4484 2633 4553 ποίμνης
2661 4483 2838 4551 (οὐδὲν
2861 4484 2968 4554 γὰρ
2991 4485 3192 4539 κωλύει
3222 4488 3300 4558 τῷ
3323 4490 3475 4561 αὑτῷ

1869 4568 2236 4639 ὑποδείγματι
2277 4568 2442 4621 πάλιν
2471 4566 2805 4638 χρήσασθαι)
2841 4568 2908 4622 τά
2954 4569 3054 4639 μέν
3094 4572 3294 4641 νοσερά
3326 4572 3476 4628 ἔνδον

1866 4652 2260 4722 ἀποκλείομεν,
2295 4651 2393 4706 καὶ
2447 4652 2506 4705 ἐν
2553 4651 2734 4721 σκότῳ
2777 4653 3109 4724 κατέχομεν,
3143 4656 3237 4708 καὶ
3274 4657 3473 4731 ἐτέρας

1871 4736 2230 4808 μεταδίδομεν
2251 4735 2477 4806 τροφῆς,
2507 4734 2634 4788 οὔτε
2664 4736 2826 4808 ἀέρος
2870 4737 3138 4808 καθαροῦ,
3176 4738 3303 4794 οὒτε
3334 4743 3474 4807 πόας

1866 4819 2216 4893 εἰλικρινοῦς,
2252 4819 2377 4871 οῦτε
2415 4819 2600 4889 πηγῆς
2645 4820 2746 4889 τῆς
2776 4820 2881 4885 ἔξω
2914 4824 3332 4893 συγχωροῦντες
3371 4845 3472 4897 με·

1865 4902 2147 4958 ταλαϐεῖν.
2182 4905 2293 4956 Καὶ
2325 4903 2564 4955 ἐνταῦθα
2592 4903 2775 4957 τοίνυν
2799 4905 2939 4978 αῦτη
2975 4909 3007 4977 ἡ
3033 4908 3187 4979 φωνὴ
3218 4911 3342 4963 ἀντὶ
3385 4913 3470 4965 δε-

1868 4987 2008 5058 σμοῦ
2061 4987 2208 5051 τινός
2266 4988 2436 5040 ἐστιν.
2500 4988 2616 5040 Ούκ
2677 4988 2824 5060 ἔχεις
2878 4992 3075 5052 εἰπεῖν.
3119 4994 3235 5046 Οὐκ
3295 4994 3469 5066 ᾔδειν,

1865 5073 2097 5143 ἠγνόουν
2126 5072 2208 5124 ὅτι
2240 5071 2484 5135 κίνδυνος
2513 5072 2708 5126 ἕπεται
2747 5074 2824 5145 τῷ
2867 5077 3153 5146 πράγματι
3186 5094 3198 5107 °
3232 5081 3471 5149 μάλιστα

1871 5157 1972 5224 μὲν
2011 5151 2105 5209 οὖν
2135 5156 2232 5208 καὶ
2279 5155 2307 5206 6
2347 5155 2562 5218 Παῦλος
2612 5157 2770 5212 τοῦτο
2821 5159 3253 5233 διεμαρτύρατο.
3328 5167 3471 5222 Ἀλλ’

1867 5243 2016 5311 ἐρεῖς
2053 5241 2157 5305 ὅτι,
2191 5240 2305 5292 Οὐκ
2336 5240 2610 5307 ἀνέγνων;
2646 5243 2761 5295 Ούκ
2790 5242 2905 5296 ἔστι
2957 5245 3122 5298 τοῦτο
3174 5247 3467 5318 ἀπολογία,

1867 5324 2005 5378 ἀλλά
2027 5324 2124 5377 καὶ
2148 5323 2404 5395 ἔγκλημα
2426 5342 2438 5355 ·
2477 5327 2598 5379 καθ’
2624 5327 2863 5399 ἑκάστην
2895 5330 3110 5399 ἡμέραν
3131 5335 3361 5407 είσέρχῃ
3389 5338 3469 5400 είς

1865 5410 1966 5480 τὴν
1998 5409 2319 5480 ἐκκλησίαν,
2354 5412 2450 5464 καὶ
2480 5413 2561 5464 ἔτι
2590 5413 2754 5466 τοῦτο
2783 5416 3030 5482 άγνοεῖς;

1939 5499 2000 5547 ε’.
2028 5494 2175 5565 Πλὴν
2209 5495 2324 5547 ἀλλ’
2361 5495 2448 5549 ἵνα
2474 5497 2610 5568 μηδέ
2645 5500 2804 5553 τοῦτο
2842 5501 2972 5573 ἔχῃς
3004 5500 3469 5573 προφασίζεσθαι,

1932 5618 1959 5657 b
1987 5620 2047 5696 ‘9
2074 5621 2292 5696 διάκονος
2317 5622 2478 5696 _(‘.olb..
2501 5638 2656 5695 marg.
2678 5627 2856 5696 εει-11,
2892 5631 3050 5696 Regg.
3084 5637 3138 5681 el
3158 5632 3368 5692 Comm,
3394 5640 3470 5682 at-

1867 5699 1967 5746 que
1987 5687 2068 5750 _i_la
2093 5687 2236 5750 _Ieg_il_
2261 5687 2532 5745 interpres,
2561 5687 2788 5750 itémque
2819 5687 3086 5742 Μιιιίοἷιῖιε,

1932 5754 1954 5781 ε
1987 5746 2149 5819 νοτίδα
2176 5746 2252 5819 διὰ
2381 5757 2588 5818 κραυγῆς
2608 5746 2782 5810 ταύτης
2808 5772 2850 5803 τ.
2878 5772 2953 5819 φρ.
2988 5754 3267 5807 inducenda
3293 5760 3468 5808 viden-

1872 5817 1952 5860 ωι-
1977 5817 2181 5872 propter
2207 5815 2548 5868 lamulugiam.
