4060 6402
202 364 305 422 155

1011 378 1077 437 ιη
1116 377 1333 437 εριετ.
1381 372 1470 429 an
1496 364 1879 444 nummos.
1922 364 2079 422 cap.
2123 364 2193 422 x.
2236 365 2473 425 HOMlL.
2520 363 2715 426 xvnt.

3414 347 3519 407 liii

196 494 306 532 non
329 475 476 533 enim
499 472 631 530 dicit
662 471 838 528 :Nnm
869 470 989 544 quis
1027 486 1152 526 cum
1192 470 1455 527 accusat?
1508 468 1605 524 sed
1642 467 1811 540 quid?
1904 460 2213 533 pulchrum.
2253 457 2482 527 Quando
2524 457 2672 513 enim
2706 469 2814 511 non
2855 454 2923 512 ad
2952 453 3183 522 fumum,
3236 471 3414 530 neque
3454 459 3522 513 ad

198 571 332 626 Num
357 568 480 639 quis
504 568 741 638 seipsum
768 565 1027 621 accusat?
1048 564 1180 619 Nam
1198 564 1416 635 quando
1436 562 1589 630 dicit,
1610 562 1806 619 Sancta

202 660 420 726 «metis,
450 659 555 716 hoc
578 658 711 714 dicit
743 676 756 712 :
797 656 857 714 Si
886 658 1006 729 quis
1036 672 1142 712 non
1172 666 1256 713 est
1280 663 1524 723 sanctus,
1556 670 1665 711 non
1710 669 1807 711 ae-

199 753 371 807 :edat.
399 751 516 807 Non
546 750 723 807 solum
751 748 949 819 inquit,
970 749 1010 802 A
1031 747 1269 819 peccatis
1285 762 1475 818 purus,
1495 746 1594 802 sed
1614 746 1802 815 etiam,

194 846 740 899 Sanetus:sanctum
790 840 935 897 enim
978 854 1085 895 non
1136 837 1267 894 facit
1290 837 1466 893 solum
1496 835 1805 894 liberatioa

191 936 459 1006 peccatis,
490 933 584 989 sed
614 933 777 988 etiam
811 932 1099 1002 praesentia
1130 929 1365 1001 Spiritus
1385 972 1399 995 ,
1432 939 1487 986 et
1534 928 1803 994 honorum

188 1042 418 1098 operum
464 1024 657 1097 e0pire.
688 1022 805 1078 Non
836 1023 1035 1090 solum,
1069 1021 1263 1094 inquit,
1306 1021 1434 1077 volo
1458 1035 1558 1077 vos
1586 1036 1616 1076 a
1644 1036 1804 1078 emno

185 1135 312 1175 esse
336 1119 613 1183 liberatos,
642 1115 739 1172 sed
774 1115 928 1171 albos
953 1129 1077 1171 esse
1116 1123 1173 1171 ct
1222 1113 1522 1185 speciosos.
1563 1111 1698 1168 Nam
1752 1110 1802 1169 si

184 1228 287 1267 rex
318 1208 645 1281 Babylonius
668 1206 898 1279 juvenes
926 1207 1137 1279 eligens
1161 1221 1226 1263 ex
1266 1206 1579 1276 captivitate
1597 1246 1614 1272 ,
1638 1204 1803 1275 elegit

182 1300 447 1373 pulchros
472 1299 656 1370 specie
680 1308 736 1355 et
756 1298 905 1354 vultu
931 1297 1161 1355 decoros
1187 1298 1207 1368 (
1231 1296 1373 1354 Dan.
1398 1298 1451 1353 1.
1479 1297 1554 1369 4)
1583 1313 1599 1350 :
1631 1296 1802 1352 multo

180 1396 359 1468 magis
394 1409 494 1451 nos
532 1394 627 1465 qui
671 1393 891 1449 adstant
921 1406 1126 1448 mensae
1172 1391 1339 1463 regite
1386 1389 1643 1461 pulchros
1674 1403 1800 1447 csso

176 1497 403 1562 Oportet
442 1487 625 1559 specie
666 1488 896 1552 animm,
925 1485 1188 1542 mundum
1237 1482 1501 1542 habentes
1531 1497 1794 1551 aureum,

176 1580 447 1637 mundum
489 1580 898 1645 vestimentum,
955 1577 1168 1649 regales
1210 1577 1448 1643 calceos,
1496 1575 1795 1632 formosum

174 1675 377 1729 anima:
416 1671 650 1739 vultum,
684 1680 937 1727 ornatum
970 1684 1195 1727 aureum
1217 1711 1234 1736 ,
1278 1668 1558 1741 cingulum
1595 1668 1795 1736 verita-

176 1765 270 1820 tis.
300 1763 402 1833 Qui
436 1761 560 1818 talis
602 1769 708 1829 est,
739 1761 984 1828 accedat,
1012 1769 1070 1817 et
1098 1759 1291 1832 pocula
1323 1767 1509 1831 tangat
1534 1759 1703 1831 regia.
1732 1756 1793 1814 Si

173 1857 300 1928 quis
327 1864 510 1909 autem
540 1854 733 1926 pannis
757 1852 987 1920 obsitus,
1027 1851 1280 1908 sordidus
1326 1861 1385 1908 et
1422 1849 1701 1923 squalidus
1725 1849 1795 1906 ad

172 1964 423 2005 mensam
452 1949 656 2020 regiam
679 1947 809 2003 velit
852 1946 1080 2018 ingredi,
1135 1945 1258 2003 vide
1297 1954 1498 2018 quanta
1533 1944 1791 2015 patietur,

171 2056 300 2095 cum
321 2056 429 2095 non
452 2038 727 2094 sufficiant
746 2036 1099 2109 quadraginta
1128 2036 1246 2094 dies
1272 2036 1339 2092 ad
1367 2034 1639 2093 abluenda
1667 2051 1792 2108 qua:

171 2136 325 2189 omni
356 2141 598 2202 tempore
622 2140 750 2186 sunt
782 2130 1017 2186 admissa
1051 2130 1272 2187 delicta.
1299 2128 1435 2187 Nam
1464 2130 1509 2187 si
1539 2144 1646 2186 nou
1673 2129 1791 2187 suf-

174 2225 291 2281 ficit
342 2227 633 2297 gehenna,
690 2223 817 2279 licet
854 2223 926 2279 sit
974 2233 1177 2279 acterna
1202 2264 1220 2291 ,
1262 2222 1468 2280 ideirco
1516 2223 1664 2279 enim
1705 2232 1791 2280 est

170 2326 378 2371 attenta
413 2334 426 2371 :
462 2315 635 2370 multo
675 2315 857 2369 minus
887 2313 993 2369 hoc
1037 2314 1200 2370 breve
1233 2323 1467 2386 tempus.
1499 2313 1619 2371 Non
1646 2315 1791 2372 enim

171 2408 433 2473 Validam,
479 2408 574 2463 sed
628 2406 954 2464 imbecillam
997 2406 1343 2464 exhibuimus
1388 2408 1786 2480 paenitentiam.

169 2502 471 2557 Eunuchos
515 2500 750 2556 maxime
800 2507 1013 2571 oportet
1055 2499 1167 2572 regi
1218 2500 1433 2557 adstare
1465 2520 1479 2554 :
1509 2501 1791 2559 eunuchos

168 2593 318 2655 dico,
353 2593 443 2662 qui
467 2601 648 2647 mente
664 2601 791 2647 sunt
814 2590 1063 2656 candida,
1090 2576 1179 2662 qui
1211 2592 1415 2647 nullam
1444 2578 1647 2649 habent
1672 2607 1792 2649 sor-

168 2683 303 2738 dem
350 2699 450 2737 nec
482 2683 772 2748 maculam,
815 2687 908 2753 qui
955 2694 1139 2738 mente
1166 2692 1295 2739 sunt
1325 2686 1571 2753 excelsa,
1618 2686 1789 2743 animi

168 2776 337 2829 oculo
370 2774 579 2843 placido
606 2783 662 2830 et
708 2783 1012 2841 mansueto,
1057 2776 1167 2831 acri
1214 2776 1472 2849 agilique,
1507 2792 1701 2836 severo
1727 2795 1793 2836 ac

168 2868 425 2931 volubili,
452 2883 557 2921 non
589 2877 767 2921 autem
796 2866 1142 2923 somnolento
1170 2876 1225 2923 et
1265 2869 1489 2940 supino,
1519 2870 1687 2926 multa
1721 2871 1790 2927 li-

167 2967 385 3021 bertate
418 2963 592 3033 pleno,
629 2970 841 3017 remoto
866 2969 1048 3018 autem
1078 2962 1148 3017 ab
1178 2963 1326 3018 omni
1352 2963 1684 3034 impudentia
1729 2972 1792 3024 et

165 3055 523 3119 confidentia,
554 3054 817 3124 vigilanti,
854 3068 1010 3120 sano,
1040 3068 1142 3109 nec
1169 3053 1462 3110 admodum
1496 3067 1695 3114 maesto
1722 3073 1787 3115 ae

169 3149 339 3214 tristi,
369 3163 469 3203 nec
499 3148 671 3201 minus
698 3145 894 3201 diffuso
925 3155 980 3202 et
1018 3145 1196 3201 hilari.
1228 3146 1393 3203 llunc'
1410 3148 1625 3205 oculum
1654 3166 1782 3223 pos-

166 3256 365 3297 sumus
410 3240 568 3293 nobis
596 3238 939 3294 arehiteetari
962 3279 978 3305 ,
1023 3238 1251 3309 visuque
1275 3254 1456 3295 acrem
1484 3240 1702 3297 efficere
1732 3252 1788 3299 et
1822 3286 1833 3311 ί

1903 554 2143 611 cinerem
2170 549 2494 607 deduximus
2517 551 2536 618 (
2556 548 2692 606 tales
2718 548 2919 620 quippe
2947 558 3073 604 sunt
3093 564 3285 605 omnes
3305 565 3393 606 res
3418 550 3521 606 hu-

1901 660 2079 703 manze
2100 646 2143 717 ),
2168 643 2266 699 sed
2295 641 2363 698 ad
2388 656 2575 697 auram
2609 640 2866 697 subtilem
2898 650 2952 697 ct
2973 656 3158 697 aerem
3182 651 3425 709 tenuem,
3454 644 3523 699 ad

1902 755 1965 797 ea
2003 753 2127 811 qua:
2178 743 2309 795 sunt
2345 735 2559 791 excelsa
2607 742 2663 791 et
2702 733 2956 790 sublimia
2983 776 3003 807 ι
3054 744 3111 790 et
3140 735 3311 791 multa
3340 737 3527 809 quiete

1901 834 2062 908 plena
2087 840 2144 889 et
2163 833 2399 903 puritate
2420 838 2475 885 et
2494 828 2877 894 delectatione,
2901 827 3079 899 ipsum
3102 831 3287 885 statim
3308 845 3526 887 recrea-

1900 928 2082 983 bimus
2101 934 2156 982 et
2170 923 2617 1005 confirmabimus
2640 923 2772 977 tanti
2790 921 3085 994 spectaculi
3102 922 3378 994 voluptate
3396 940 3522 993 per-

1899 1017 2102 1075 fusum.
2160 1016 2348 1073 Vidisti
2387 1014 2530 1071 male
2582 1022 2769 1086 partas
2818 1023 2877 1071 et
2931 1015 3131 1071 multas
3172 1015 3425 1073 divitias?
3454 1034 3525 1076 ne

1901 1116 2053 1168 tuum
2079 1110 2299 1167 oculum
2324 1124 2393 1165 eo
2427 1108 2684 1165 sustollas
2708 1124 2722 1163 :
2751 1122 2813 1163 ea
2863 1122 2953 1165 res
2972 1118 3058 1165 est
3083 1124 3303 1167 omnum
3353 1123 3407 1169 et
3438 1114 3523 1169 fu-

1898 1222 2022 1262 mus
2049 1214 2106 1261 et
2134 1203 2311 1260 malus
2340 1217 2530 1273 vapor,
2563 1201 2825 1267 tenebrae,
2864 1209 2921 1259 et
2968 1203 3135 1259 multa
3168 1207 3440 1276 angustia,
3464 1215 3524 1263 et

1896 1312 2153 1356 curarum
2195 1296 2502 1353 suffocatio.
2536 1294 2730 1351 Vidisti
2760 1296 3036 1351 hominem
3063 1308 3411 1355 exercentem
3429 1299 3523 1370 ju-

1897 1392 2127 1459 stitiam,
2182 1389 2298 1446 suis
2324 1396 2668 1455 contentum,
2696 1396 2753 1443 et
2804 1387 2891 1443 cui
2932 1395 3020 1444 est
3067 1404 3261 1460 magna
3294 1391 3524 1449 latitudo

1899 1480 2259 1549 remissionis,
2288 1482 2382 1552 qui
2412 1479 2481 1536 de
2505 1479 2571 1536 iis
2597 1496 2719 1551 qua:
2750 1480 2839 1536 hie
2871 1491 2999 1537 sunt
3023 1481 3225 1537 nullam
3254 1485 3394 1555 gerit
3421 1500 3523 1542 cn-

1898 1590 2014 1630 ram
2062 1588 2165 1631 nec
2211 1582 2297 1630 est
2341 1572 2654 1630 sollicitus?
2683 1572 2793 1629 illic
2820 1588 2945 1629 eum
2980 1572 3083 1645 fige
3110 1582 3167 1630 et
3192 1575 3417 1645 cxtollc,
3465 1588 3526 1635 et

1898 1666 2105 1724 efﬁcies
2130 1680 2255 1722 eum
2280 1664 2451 1722 multo
2474 1664 2840 1738 pulchriorem
2864 1675 2919 1722 et
2939 1666 3389 1738 splendidiorem,
3412 1686 3523 1728 non

1899 1767 2059 1815 terra:
2088 1756 2315 1813 floribus
2343 1772 2467 1814 eum
2496 1771 2749 1828 pascens,
2769 1757 2865 1814 sed
2888 1759 3111 1827 virtute,
3137 1765 3520 1833 temperantia,

1900 1849 2276 1907 moderatione
2308 1857 2366 1907 et
2392 1849 2673 1921 :equitate,
2714 1857 2770 1906 et
2815 1852 3029 1908 caeteris
3072 1853 3347 1911 omnibus.
3376 1855 3526 1914 Nihil

1898 1942 2046 1998 enim
2085 1955 2245 2013 aeque
2291 1940 2474 1997 turbat
2501 1940 2747 2009 oculum,
2776 1949 2939 2013 atque
2966 1942 3108 1999 mala
3131 1947 3462 2006 conscientia
3495 1966 3513 2004 :

1899 2032 2159 2089 Turbatus
2184 2042 2279 2103 est,
2303 2032 2499 2105 inquit,
2521 2034 2588 2089 ab
2611 2033 2693 2088 ira
2717 2034 2902 2089 oculus
2931 2052 3075 2093 meus
3104 2035 3295 2111 (Psal.
3321 2041 3376 2097 ϐ.
3408 2041 3481 2114 8)
3505 2058 3519 2095 :

1898 2124 2035 2181 nihil
2074 2140 2229 2197 teque
2266 2123 2499 2181 offundit
2552 2124 2830 2183 tenebras.
2882 2126 3023 2184 Eum
3082 2128 3252 2187 libera
3297 2133 3369 2189 sb
3420 2134 3527 2193 hae

1900 2218 2223 2287 offensione,
2256 2227 2314 2276 et
2352 2217 2553 2276 reddes
2583 2219 2790 2289 laetum,
2823 2221 3063 2278 alacrem
3091 2231 3149 2279 et
3194 2224 3417 2295 fortem,
3470 2240 3526 2285 et

1900 2313 1990 2383 qui
2041 2312 2182 2368 bona
2231 2326 2330 2383 spe
2379 2326 2601 2383 semper
2627 2313 2915 2370 nutrietur.
2950 2314 3120 2372 Detur
3156 2327 3337 2375 autem
3370 2321 3527 2379 nobis

1901 2404 2174 2472 omnibus,
2203 2414 2263 2460 ut
2285 2413 2342 2461 et
2366 2419 2514 2473 eum,
2538 2414 2594 2464 et
2637 2406 2773 2463 alias
2802 2408 3071 2479 ejusmodi
3107 2412 3303 2469 anima:
3327 2428 3527 2487 opera-

1903 2499 2082 2576 tiones
2106 2511 2512 2567 comparemus,
2541 2498 2847 2569 cuiusmodi
2871 2500 2986 2557 vult
3013 2501 3289 2573 Christus,
3318 2515 3378 2562 ut
3422 2522 3527 2564 no-

1900 2589 1987 2644 bis
2016 2588 2273 2660 imposito
2292 2591 2471 2661 capite
2494 2590 2643 2662 digni
2663 2590 2863 2662 effecti,
2886 2607 3087 2666 coquo.
3104 2597 3218 2652 vult
3237 2598 3526 2659 abeamus.

1905 2682 2045 2738 Dicit
2065 2684 2235 2751 enim,
2273 2681 2403 2738 Volo
2439 2693 2516 2752 ut,
2547 2684 2634 2739 ubi
2662 2702 2764 2758 ego
2790 2703 2927 2755 sum,
2955 2689 3037 2743 illi
3060 2707 3260 2761 quoque
3281 2694 3383 2748 sint
3418 2712 3532 2750 me-

1892 2797 2032 2851 cum,
2059 2790 2116 2837 ut
2138 2798 2304 2837 meam
2332 2782 2553 2855 gloriam
2590 2784 2798 2838 videant
2840 2784 3025 2855 (Joan
3061 2784 3150 2840 ΓΙ.
3177 2783 3284 2847 ει)
3316 2802 3332 2839 :
3361 2800 3524 2857 quam

1893 2873 2055 2930 detur
2082 2875 2240 2931 nobis
2264 2876 2520 2932 omnibus
2537 2878 2799 2949 consequi
2820 2877 2875 2932 in
2898 2876 3121 2933 Christo
3137 2877 3265 2934 Jcsu
3293 2880 3524 2936 Domino

1895 2979 2104 3034 nostro,
2134 2983 2257 3023 cum
2281 2984 2389 3038 quo
2419 2978 2506 3025 est
2533 2968 2679 3023 Patri
2721 2978 2777 3024 et
2813 2967 3037 3041 Spiritui
3080 2981 3271 3026 sancto
3310 2971 3519 3042 gloria,

1903 3076 2190 3146 imperium
2211 3116 2224 3137 ,
2266 3072 2473 3139 honor,
2507 3084 2653 3125 nunc
2673 3077 2728 3124 et
2753 3082 2992 3141 semper,
3024 3075 3076 3123 el
3105 3069 3158 3121 in
3190 3074 3390 3124 saecula
3418 3082 3523 3123 sa:-

1901 3170 2166 3226 culorum.
2198 3167 2394 3222 Amen.

182 3350 3522 3378 Μ

1592 3406 1942 3469 HOMILIA
1984 3404 2219 3471 XVIII.

172 3540 311 3596 (Str.
344 3539 433 3596 10.
465 3555 518 3593 v.
552 3540 606 3595 8.
642 3537 899 3609 Superius
934 3536 1108 3591 dicens
1136 3552 1156 3590 :
1188 3534 1413 3615 Hostias.
1433 3541 1480 3589 et
1511 3531 1799 3588 oblationes

252 3644 304 3688 et
351 3634 657 3688 holocausta
689 3648 785 3698 pro
826 3639 1035 3702 peccato
1065 3630 1299 3695 noluisti,
1341 3644 1433 3683 nec
1459 3629 1650 3699 placita
1674 3634 1794 3680 sunt

250 3726 344 3780 tibi
372 3741 489 3794 qua:
525 3722 809 3779 secundum
841 3723 1003 3794 legem
1032 3720 1323 3789 oﬂ'eruntur
1350 3736 1369 3775 :
1398 3719 1452 3776 9.
1484 3729 1606 3774 tunc
1636 3718 1745 3773 dixi
1774 3734 1792 3771 :

249 3816 391 3870 Ecce
417 3816 559 3870 venio
583 3825 635 3869 ut
665 3815 878 3887 faciam,
904 3812 1065 3875 Deus.
1088 3814 1401 3868 voluntatem
1426 3820 1587 3866 tuam.
1617 3813 1796 3883 Aufert

252 3909 499 3979 primum,
543 3916 597 3960 ut
641 3922 855 3979 sequens
899 3913 1113 3960 statuat.
1160 3904 1250 3961 lO.
1294 3903 1363 3958 In
1403 3920 1506 3971 qua
1535 3903 1797 3958 uoluntate

249 4001 563 4069 sanctificati
633 4016 807 4056 sumus
878 4016 969 4071 per
1028 3999 1336 4054 oblationem
1381 3999 1612 4070 corporis
1665 3995 1795 4051 Jesu

248 4096 443 4150 Christi
474 4095 646 4149 semel.
689 4095 779 4149 Η.
810 4093 879 4148 Et
910 4094 1074 4149 omnis
1102 4094 1305 4165 quidem
1332 4092 1575 4148 sacerdos
1602 4102 1792 4163 prasto

246 4199 323 4244 est
367 4188 592 4259 quotidie
618 4187 937 4251 ministram,
967 4194 1013 4240 et
1042 4186 1243 4241 easdem
1272 4201 1410 4254 saepe
1449 4183 1669 4252 oﬂ'erens
1700 4184 1794 4237 Ito-

246 4282 395 4345 stias,
422 4296 533 4349 qua:
558 4297 657 4333 non
681 4288 893 4347 possunt
917 4278 1122 4347 auferre
1150 4287 1387 4347 peccata:
1406 4276 1491 4331 12.
1519 4277 1600 4330 hic
1620 4286 1792 4330 autem

244 4392 405 4427 unam
435 4391 528 4441 pro
556 4374 773 4444 peccatis
804 4372 1026 4439 o/Ierens
1052 4372 1272 4427 hostiam
1292 4412 1307 4438 ,
1337 4372 1393 4425 in
1423 4373 1791 4443 sempiternum

243 4466 387 4519 sedet
442 4466 494 4518 in
546 4465 755 4518 dextera
807 4463 940 4528 Dei,
994 4464 1084 4519 15.
1118 4464 1180 4517 de
1220 4474 1402 4518 ca’tero
1453 4475 1787 4534 exspectans,

242 4558 408 4612 donec
439 4566 702 4627 ponantur
728 4556 925 4609 inimici
966 4556 1079 4625 ejus
1107 4555 1390 4610 scabellum
1428 4556 1617 4627 pedum
1647 4560 1783 4627 ejus.

243 4652 297 4707 Ι.
344 4650 399 4705 1η
431 4650 497 4705 iis
518 4665 642 4720 qua:
672 4647 989 4717 prmeedunt
1026 4648 1265 4704 ostendit
1300 4648 1509 4703 inutilia
1546 4665 1668 4705 esse
1695 4666 1788 4706 sa-

162 4742 371 4800 crificia
399 4742 463 4795 ad
498 4742 789 4809 perfectam
820 4741 1134 4811 puritatem,
1161 4749 1215 4797 et
1243 4754 1365 4795 esse
1394 4751 1548 4811 typos
1571 4756 1633 4796 ac
1656 4741 1789 4812 figu-

160 4851 279 4897 ras,
312 4843 365 4888 et
398 4833 625 4886 multum
657 4830 910 4887 deficere.
941 4832 1207 4899 Quoniam
1237 4848 1369 4903 ergo
1396 4832 1499 4888 hoc
1525 4834 1574 4888 ei
1598 4849 1791 4889 occur-

162 4927 323 4980 rebat
348 4943 360 4977 :
389 4924 443 4980 Si
470 4933 595 4977 sunt
622 4922 732 4995 typi
763 4937 826 4978 ac
853 4923 1057 4993 figurae,
1082 4923 1356 4993 quomodo
1376 4938 1482 4979 non
1504 4936 1789 4981 cessarunt

163 5032 294 5071 cum
330 5015 618 5069 advenerit
661 5014 883 5080 veritas,
919 5029 1021 5069 nec
1052 5024 1356 5081 cesserunt,
1388 5014 1485 5070 sed
1519 5031 1787 5088 peragun-

164 5110 294 5165 tur?
353 5110 406 5165 in
463 5108 570 5162 hoc
619 5122 754 5176 ergo
806 5123 950 5163 nunc
1006 5108 1094 5163 hic
1128 5108 1240 5179 agit
1289 5110 1589 5166 ostendens
1642 5113 1784 5181 quod

164 5202 545 5271 nonamplius
574 5210 929 5273 peraguntur,
975 5217 1077 5257 nec
1122 5211 1183 5256 ut
1223 5203 1388 5271 ﬁgura
1420 5205 1639 5274 quidem
1675 5223 1688 5259 :
1721 5222 1783 5261 ea

160 5298 311 5351 enim
352 5294 495 5347 Deus
536 5307 643 5347 non
686 5291 943 5347 admittit.
982 5293 1146 5364 quue
1174 5309 1367 5349 rursus
1398 5311 1505 5349 non
1538 5312 1601 5351 ex
1634 5296 1785 5352 Novo

161 5384 401 5441 ostendit
434 5383 526 5437 sed
561 5400 626 5437 ex
661 5384 964 5453 prophetis,
997 5384 1369 5441 firmissimum
1403 5387 1471 5441 ab
1500 5387 1611 5441 alto
1642 5390 1784 5459 peti-

160 5488 276 5531 tum
326 5475 604 5530 adducens
650 5476 1057 5543 testimonium,
1099 5478 1243 5548 quod
1288 5488 1508 5533 cessent
1545 5489 1601 5535 et
1636 5482 1783 5536 desi—

168 5584 321 5635 nant,
354 5581 408 5625 et
438 5582 642 5625 temere
672 5573 852 5625 omnia
884 5582 1068 5641 agant,
1099 5588 1314 5644 semper
1345 5585 1534 5631 sancto
1563 5576 1785 5647 Spiritui

168 5664 515 5720 resistentes.
552 5661 906 5731 OStenditque
941 5679 1005 5717 ex
1047 5663 1340 5719 abundanti
1380 5682 1440 5722 ea
1482 5684 1590 5723 non
1642 5687 1787 5726 nunc

165 5770 437 5816 cessasse,
464 5755 557 5809 sed
586 5755 764 5808 statim
796 5754 848 5806 in
877 5754 997 5824 ipso
1018 5756 1218 5811 Christi
1244 5764 1500 5824 adventu,
1527 5762 1637 5815 imo
1657 5774 1784 5819 ante

169 5850 291 5919 ejus
338 5847 663 5909 adventum;
756 5855 808 5899 et
849 5846 991 5915 quod
1033 5862 1094 5900 ea
1146 5864 1252 5903 non
1300 5851 1520 5906 solverit
1565 5853 1782 5909 domum

492 5955 764 6016 ΙἈτιιει..
818 5958 935 6017 Gn.
993 5957 1213 6019 LXlH.

1914 3527 2189 3598 Christus,
2221 3538 2318 3592 sed
2352 3540 2503 3608 prius
2536 3539 2737 3597 fuerint
2761 3544 2965 3615 soluta,
2991 3557 3047 3605 et
3076 3559 3205 3608 tunc
3236 3554 3353 3626 ipse
3372 3556 3545 3615 adre-

1913 3625 2079 3679 nerit.
2119 3625 2253 3681 Nam
2296 3643 2366 3685 ne
2399 3628 2606 3701 dicant,
2652 3633 2831 3692 Etiam
2874 3638 3081 3711 absque
3122 3643 3225 3702 hoc
3266 3649 3537 3709 sacrificio

1910 3718 2191 3813 potuimus
2219 3720 2436 3790 placere
2461 3723 2595 3794 Deo,
2626 3732 2967 3800 exspectavit
2997 3744 3056 3791 ut
3084 3737 3249 3794 etiam
3283 3758 3380 3813 per
3409 3744 3530 3802 illos

1910 3808 2029 3910 ipsa
2073 3812 2561 3910 redarguercntur,
2592 3830 2647 3875 et
2684 3830 2814 3880 tunc
2853 3825 2971 3897 ipse
3013 3829 3236 3889 advenit
3265 3808 3518 3910 {Sacriﬁ-

1905 3901 2042 3957 cium
2087 3905 2257 3973 enim,
2316 3908 2526 3980 inquit,
2585 3922 2635 3967 et
2680 3914 2994 3975 oblationem
3048 3924 3282 3983 noluisti.
3334 3901 3528 3989 Omnia

1903 4006 2005 4062 per
2048 3993 2165 4052 haec
2212 4000 2432 4055 sustulit
2464 4020 2477 4057 :
2508 4012 2566 4059 ut
2607 4006 2698 4075 qui
2743 4006 2798 4063 in
2844 4026 3048 4081 genere
3095 4015 3298 4075 dixerit
3354 4034 3412 4078 et
3466 4025 3525 4083 iu

1902 4088 2087 4183 specie
2119 4106 2132 4143 :
2167 4089 2489 4149 Holocausta
2524 4114 2620 4167 pro
2648 4113 2857 4169 peccato
2904 4122 3007 4161 non
3056 4110 3146 4164 tibi
3195 4115 3525 4183 placuerunt.

1899 4176 2114 4237 Oblatio
2140 4193 2321 4239 autem
2366 4197 2485 4243 erat
2514 4188 2773 4263 quidquid
2820 4206 2971 4254 extra
3017 4176 3351 4264 sacrificium
3382 4176 3523 4269 ofl‘c;

1899 4270 2141 4328 rebatur.
2178 4273 2321 4330 Tunc
2352 4278 2504 4345 dixit,
2543 4281 2675 4337 Ecce
2700 4288 2865 4342 venio.
2902 4289 2981 4346 De
3008 4308 3243 4363 quonam
3295 4299 3401 4356 hoc
3442 4303 3526 4359 di-

1898 4372 2045 4419 ctum
2068 4367 2190 4422 est?
2224 4368 2299 4425 De
2330 4372 2480 4428 nullo
2499 4375 2606 4431 alio
2637 4393 2796 4446 quam
2828 4381 2894 4438 de
2920 4384 3157 4443 Christo.
3189 4390 3287 4445 Hic
3316 4396 3520 4452 nullam

1896 4455 2115 4515 confert
2157 4460 2373 4532 culpam
2416 4465 2470 4519 in
2516 4482 2614 4523 eos
2649 4472 2739 4541 qui
2770 4473 3097 4547 offerebant,
3132 4484 3433 4543 ostendens
3462 4505 3523 4546 se

2027 4562 2250 4648 propter
2276 4572 2467 4613 eorum
2490 4561 2620 4617 vitia
2644 4580 2752 4621 non
2781 4566 2983 4627 habere
3006 4588 3068 4629 ea
3096 4587 3347 4648 accepta,
3377 4582 3521 4639 sicut

1892 4641 2026 4745 dicit
2046 4646 2197 4713 alibi,
2228 4649 2322 4704 sed
2343 4653 2486 4721 quod
2508 4654 2576 4711 de
2597 4667 2799 4715 caetero
2820 4663 2891 4717 sit
2914 4641 3306 4737 probatum-ct
3322 4641 3519 4745 depre-

1893 4733 2120 4791 hensum
2145 4754 2263 4794 eam
2294 4758 2406 4799 rem
2436 4746 2569 4802 nihil
2599 4749 2803 4809 habere
2831 4733 3025 4811 virium
3052 4801 3067 4823 ,
3098 4733 3274 4832 neque
3298 4733 3516 4838 tem-pus

1888 4832 2243 4931 conveniens.
2280 4836 2419 4905 Quid
2470 4840 2575 4897 hoc
2614 4853 2795 4901 autem
2845 4849 2911 4905 ad
2954 4851 3118 4917 illud,
3164 4857 3308 4928 quod
3361 4832 3513 4931 sa'pe

1887 4921 2217 5026 offerrentur
2264 4933 2568 4990 sacrificia?
2615 4937 2732 4993 Non
2778 4958 2842 4997 ex
2879 4960 2946 4999 eo
2984 4948 3159 5004 solum
3183 4921 3332 5023 quod
3366 4921 3511 5026 smpc

1885 5015 2247 5087 offerrentur,
2282 5022 2415 5079 dicit
2454 5043 2575 5084 esse
2608 5036 2955 5103 perspicuum
3010 5042 3155 5110 quod
3189 5015 3371 5103 essent
3402 5015 3508 5103 iui-

1892 5114 2173 5212 beeillaet
2204 5120 2335 5179 nihil
2372 5126 2720 5197 prodessent,
2761 5134 2855 5189 sed
2892 5136 3056 5193 etiam
3089 5141 3233 5212 quod
3270 5142 3413 5199 Deus
3443 5158 3507 5199 ea

1896 5222 2002 5262 non
2053 5209 2388 5281 admitteret,
2439 5226 2715 5289 tamquam
2772 5225 2979 5283 inutilia
3036 5209 3501 5290 et'infruetuosa.

1895 5298 2129 5368 ldipsum
2178 5304 2309 5359 dicit
2345 5311 2508 5365 etiam
2555 5314 2684 5369 alibi
2719 5334 2730 5369 :
2763 5317 2825 5372 Si
2862 5322 3107 5377 voluisses
3150 5326 3462 5395 sacriﬁcium
3488 5370 3504 5393 ,

1894 5392 2141 5489 dedissent
2173 5396 2345 5489 (l’snl.
2372 5402 2441 5455 LO
2496 5404 2608 5474 18).
2636 5407 2739 5462 Per
2766 5409 2870 5465 hoc
2896 5428 3027 5484 ergo
3048 5414 3209 5469 etiam
3241 5392 3510 5489 significat

1892 5498 1949 5537 se
1994 5486 2158 5541 nolle.
2207 5488 2322 5543 Non
2370 5505 2497 5548 sunt
2551 5511 2684 5567 ergo
2740 5503 3006 5559 sacrificia
3068 5486 3321 5565 voluntas
3378 5510 3507 5575 Dei,

1894 5575 1986 5629 sed
2034 5578 2424 5639 sacrificiorum
2473 5586 2695 5645 abolitio
2738 5608 2753 5646 :
2797 5593 2959 5665 igitur
3007 5609 3207 5667 prater
3259 5602 3509 5658 volunta-

1896 5678 2000 5721 tem
2057 5672 2384 5730 sacrificant.
2457 5677 2597 5747 Quid
2650 5692 2771 5753 cst,
2834 5685 2902 5742 Ut
2950 5690 3141 5758 faciant
3195 5694 3511 5753 voluntatem

1894 5764 2073 5815 (nam?
2115 5763 2187 5821 Ut
2222 5770 2513 5840 meipsum,
2573 5774 2783 5847 inquit,
2836 5783 3226 5841 tradamzhazc
3281 5798 3364 5843 est
3415 5790 3509 5844 Dei

1894 5852 2161 5910 voluntas.
2196 5858 2256 5913 In
2286 5879 2386 5932 qua
2417 5866 2680 5925 voluntate
2709 5874 3018 5943 sancti/irati
3044 5894 3242 5931 sumus.
3280 5880 3378 5933 Per
3407 5881 3510 5937 hoc

3140 5985 3177 6043 9
