4060 6398
545 373 646 430 155

530 483 739 539 quoque
779 469 883 525 alio
923 471 1085 525 modo
1116 468 1399 541 signiﬁcat,
1431 483 1535 525 non
1565 469 1853 539 sacriﬁcia,
1880 468 1973 525 sed
2015 469 2106 525 Dei

531 562 855 617 voluntatem
879 561 1125 619 homines
1140 577 1385 634 purgare.
1406 562 1551 634 Ergo
1572 563 1833 619 sacriﬁcia
1852 578 2109 636 peragere

529 670 634 709 non
665 670 728 710 ex
761 655 850 711 Dei
881 656 1155 712 voluntate
1179 666 1281 712 est.
1320 657 1387 713 Et
1420 656 1549 728 quid
1576 658 1809 724 miraris,
1838 659 1881 712 si
1909 672 2015 713 non
2042 658 2112 713 sit

530 761 675 802 nunc
724 748 816 802 Dei
858 747 1136 815 voluntas,
1171 763 1292 804 cum
1328 764 1428 805 nec
1456 749 1571 821 ejus
1600 759 1745 805 esset
1772 750 2017 806 voluntas
2043 750 2110 805 ab

529 838 718 893 initio?
748 839 871 906 Quis
900 841 1030 894 enim
1072 841 1179 894 Iure
1200 882 1214 906 ,
1249 842 1449 912 inquit,
1478 842 1731 911 requisivit
1771 856 1835 895 ea:
1878 842 2111 896 manibus

531 930 705 984 vestris
732 928 882 1001 (Isai.
904 931 956 986 Ι.
989 931 1121 1003 12)?
1150 930 1431 998 Quomodo
1448 947 1576 1002 ergo
1587 932 1917 1003 jussitipse?
1946 932 2016 988 Se
2045 931 2112 986 ad

530 1036 713 1075 eorum
743 1031 956 1092 captum
988 1022 1278 1079 demittens
1311 1040 1324 1076 :
1355 1025 1492 1079 sicut
1540 1023 1672 1078 dicit
1701 1023 1900 1079 Paulus
1931 1046 1945 1080 ;
1984 1020 2113 1077 Volo

530 1128 699 1167 ontnes
731 1112 977 1169 homines
1023 1115 1151 1169 sicut
1178 1116 1423 1186 meipsum
1460 1130 1568 1169 esse
1595 1114 1671 1187 (l.
1705 1116 1824 1169 Cor.
1858 1115 1911 1169 7.
1949 1114 2005 1185 7)
2059 1114 2112 1167 in

530 1206 893 1272 continentia;
924 1217 978 1262 et
1026 1222 1214 1262 rursus
1256 1206 1383 1261 alibi
1431 1206 1677 1273 hortans,
1718 1204 1868 1274 Volo,
1902 1206 2111 1276 inquit,

532 1299 758 1364 iuniores
784 1299 986 1364 nubere,
1016 1301 1149 1364 ﬁlios
1181 1315 1449 1368 procreare
1477 1300 1550 1370 μ.
1581 1298 1713 1353 Tim.
1745 1300 1798 1354 5.
1830 1299 1941 1369 14).
1975 1298 2115 1353 Duas

532 1392 685 1462 ponit
713 1391 1052 1457 voluntates,
1086 1391 1179 1444 sed
1220 1406 1325 1446 non
1362 1392 1535 1446 ambas
1564 1398 1690 1445 sunt
1724 1390 1861 1460 ejus,
1904 1390 2114 1445 etiamsi

532 1480 752 1551 jubeat;
780 1480 874 1535 sed
903 1480 1018 1535 haec
1047 1480 1263 1551 quidem
1291 1489 1373 1536 est
1412 1481 1598 1551 ipsius,
1626 1492 1681 1537 et
1709 1481 1829 1536 ideo
1867 1495 1985 1536 eam
2014 1495 2114 1551 po-

534 1571 614 1627 nit
662 1588 766 1626 non
810 1572 968 1627 allata
1018 1582 1216 1637 causa;
1277 1573 1365 1627 illa
1412 1582 1589 1627 autem
1636 1588 1741 1627 non
1794 1581 1878 1628 est
1924 1572 2114 1642 ipsius,

534 1662 744 1718 etiamsi
789 1664 933 1731 velit,
976 1674 1031 1720 et
1080 1664 1199 1719 ideo
1245 1663 1451 1734 adjecta
1496 1674 1579 1719 est
1603 1679 1722 1719 cum
1764 1678 1943 1720 causa.
1980 1664 2115 1719 Nam

536 1768 657 1807 cum
686 1753 833 1823 prius
860 1769 952 1810 eas
981 1763 1309 1822 accusasset,
1341 1753 1483 1825 quod
1515 1763 1703 1809 contra
1731 1753 2003 1810 Christum
2034 1770 2121 1811 es-

538 1845 978 1913 sentluxuriatm,
1005 1858 1129 1901 tunc
1151 1845 1283 1901 dixit
1310 1864 1321 1898 :
1356 1844 1481 1901 Volo
1498 1847 1731 1918 juniores
1758 1847 1960 1913 nubere,
1985 1847 2120 1915 ﬁlios

538 1954 826 2006 procreare.
862 1937 935 1992 lta
953 1937 1047 1993 hic
1067 1952 1279 2008 quoque
1303 1951 1421 1992 sese
1444 1936 1861 1993 accommodans
1884 1952 1998 1993 rem
2020 1938 2123 1993 dis-

543 2038 731 2098 pensat
759 2047 771 2081 :
801 2045 905 2083 non
954 2038 1076 2084 erat
1120 2030 1238 2099 ejus
1269 2030 1521 2100 princeps
1566 2029 1817 2085 voluntas
1845 2038 1905 2085 ut
1932 2030 2125 2087 ﬁerent

542 2119 823 2174 sacriﬁcia.
869 2120 946 2175 lta
997 2121 1158 2175 etiam
1208 2135 1331 2175 cum
1375 2120 1581 2177 diceret
1621 2138 1680 2177 se
1720 2123 1865 2178 nolle
1896 2132 2124 2178 mortem

548 2214 866 2283 peccatoris,
897 2212 990 2268 sed
1034 2222 1092 2268 ut
1136 2215 1249 2284 ipse
1275 2223 1620 2270 convertatur
1657 2224 1712 2270 et
1735 2216 1880 2269 vivat
1907 2214 2120 2286 (Ezech.

544 2304 631 2361 18.
665 2303 799 2375 25):
838 2304 966 2359 dicit
1012 2313 1187 2361 autem
1215 2305 1337 2360 alibi
1378 2321 1482 2360 non
1523 2305 1694 2361 solum
1733 2306 1985 2376 voluisse,
2031 2310 2125 2364 sed

545 2398 703 2450 etiam
758 2397 1093 2453 desiderasse
1125 2416 1139 2453 :
1170 2397 1272 2452 etsi
1328 2397 1443 2452 haec
1497 2407 1624 2451 sunt
1677 2400 1977 2467 contraria;
2031 2399 2127 2457 de-

546 2487 799 2541 siderium
831 2489 975 2543 enim
1014 2498 1100 2543 est
1136 2489 1341 2543 intonsa
1382 2488 1648 2544 voluntas.
1678 2489 1957 2556 Quomodo
1996 2508 2125 2563 ergo

546 2593 652 2632 non
685 2579 886 2644 volens,
918 2579 1043 2634 alibi
1072 2578 1365 2644 desideras,
1399 2580 1541 2652 quod
1568 2581 1784 2652 quidem
1810 2583 2017 2655 signum
2041 2596 2127 2642 est

550 2669 686 2739 quod
735 2668 889 2725 valde
946 2670 1119 2725 velis?
1172 2671 1245 2726 lta
1278 2670 1364 2727 hic
1404 2687 1634 2744 quoque.
1680 2673 1746 2729 In
1799 2692 1900 2747 qua
1940 2676 2123 2731 uolun-

546 2776 647 2821 tate
699 2768 999 2835 sanctiﬁcati
1049 2783 1221 2821 sumus
1247 2807 1263 2834 ,
1316 2767 1506 2837 inquit.
1560 2769 1841 2837 Quomodo
1884 2769 2123 2824 sanctiﬁ-

542 2859 665 2923 cati,
698 2858 810 2928 ipse
852 2858 1079 2927 explicat
1123 2858 1451 2928 subjungens
1480 2878 1492 2914 :
1527 2860 1630 2915 Per
1670 2861 1970 2915 oblationem
2001 2859 2125 2913 Cor-

540 2949 679 3019 poris
721 2947 846 3003 Jesu
884 2948 1075 3004 Christi
1099 2947 1275 3005 semel.
1332 2949 1400 3003 Et
1440 2952 1603 3004 omnis
1645 2950 1845 3015 quidem
1890 2952 2126 3005 sacerdos

546 3050 730 3109 prtesto
751 3050 822 3096 est
847 3042 1072 3112 quotidie
1094 3042 1387 3096 ministrans
1406 3083 1421 3107 ,
1451 3054 1497 3095 et
1525 3044 1724 3097 easdem
1752 3060 1885 3114 stupe
1909 3042 2123 3113 offerens

546 3132 755 3184 hostias.
798 3129 952 3186 Stare
993 3147 1121 3201 ergo
1163 3133 1372 3202 signum
1404 3142 1485 3187 est
1527 3133 1897 3200 ininistmndi;
1938 3134 2127 3189 sedere

546 3237 678 3278 vero
708 3209 917 3293 signum
946 3234 1029 3278 est
1064 3224 1209 3294 quod
1257 3225 1607 3279 ministretur.
1655 3225 1754 3279 Hic
1781 3237 1945 3279 autem
1976 3242 2129 3280 unam

551 3331 644 3383 pro
687 3316 902 3385 peccatis
937 3314 1164 3383 olferens
1204 3318 1442 3384 hostiam,
1490 3318 1544 3370 in
1587 3320 1948 3387 sempiternum
1995 3320 2132 3374 sedet

548 3409 601 3460 in
652 3408 855 3461 dextera
890 3406 1004 3472 Dei,
1044 3409 1107 3462 de
1157 3419 1337 3463 ctetero
1372 3419 1669 3478 exspectans
1711 3412 1871 3465 donec
1932 3428 2131 3480 ponan-

551 3510 633 3553 tur
666 3500 859 3553 inimici
892 3502 1003 3567 eius
1027 3502 1301 3557 scabellum
1331 3502 1517 3573 pedum
1547 3503 1675 3573 ejus.
1709 3504 1798 3559 H.
1847 3501 1962 3558 Una
2000 3505 2134 3557 enim

553 3591 805 3646 oblatione
841 3596 1205 3648 consummavit
1251 3595 1303 3648 in
1343 3604 1589 3648 a'ternum
1635 3596 1993 3663 sancti/iratos.
2046 3595 2129 3652 l5.

555 3682 878 3737 Contestatur
919 3696 1087 3737 autent
1132 3701 1221 3737 nos
1253 3695 1297 3738 et
1328 3685 1551 3753 Spiritus
1581 3694 1805 3739 sanctus.
1852 3685 1991 3739 Dixit
2020 3685 2135 3741 illas

558 3789 665 3826 non
712 3772 913 3837 oﬁerri,
946 3784 999 3827 et
1037 3774 1253 3844 collegit
1283 3790 1347 3829 ex
1392 3775 1607 3845 scriptis
1637 3786 1691 3831 et
1737 3790 1845 3830 non
1875 3777 2087 3846 scriptis
2119 3794 2134 3830 :

558 3876 814 3936 praeterea
868 3876 1046 3921 autem
1093 3867 1294 3922 dictum
1344 3882 1555 3939 quoque
1601 3867 1827 3923 adduxit
1862 3868 2137 3940 prOpheti-

557 3975 677 4012 cum
705 3959 888 4014 dicens
922 3977 933 4012 :
964 3959 1285 4028 Sacri/icium
1314 3970 1359 4014 et
1380 3960 1687 4015 oblationem
1716 3962 1944 4015 noluisti.
1976 3961 2137 4028 Dixit,

557 4053 698 4119 quod
741 4062 953 4121 peccata
986 4053 1271 4108 remiserit.
1318 4053 1525 4109 Rursus
1555 4054 1657 4109 hoc
1706 4069 1919 4125 quoque
1950 4056 2142 4125 probat

560 4159 626 4196 cx
668 4143 866 4211 scripto
914 4144 1259 4201 testimonio:
1291 4144 1614 4201 Contestatur
1657 4156 1828 4200 autem
1874 4163 2002 4214 nos,
2055 4148 2139 4200 in-

562 4238 711 4305 quit,
745 4248 789 4289 et
819 4238 1044 4307 Spiritus
1073 4249 1293 4291 sanctus.
1339 4238 1626 4308 Postquam
1677 4240 1819 4293 enim
1847 4239 1979 4294 dixit
2006 4260 2019 4295 :
2052 4240 2139 4295 l6.

564 4326 679 4380 Hoc
722 4337 889 4379 autem
937 4336 1285 4380 testamentum
1335 4329 1471 4397 quod
1513 4329 1730 4383 testabor
1758 4330 1825 4381 ad
1872 4330 1987 4383 illos
2035 4341 2147 4400 post

563 4421 670 4472 dies
700 4420 835 4486 illos,
878 4420 1000 4475 dicit
1040 4419 1296 4474 Dominus
1317 4463 1329 4485 ,
1362 4422 1533 4475 dando
1564 4421 1698 4491 leges
1726 4438 1862 4476 meas
1891 4423 1943 4476 in
1981 4424 2148 4477 cordi-

565 4514 656 4565 bus
684 4529 877 4577 eorum,
903 4523 951 4566 et
973 4514 1023 4567 in
1052 4515 1300 4567 mentibus
1326 4530 1500 4567 eorum
1528 4516 1896 4584 snperscribam
1923 4532 2025 4581 eas,
2058 4517 2144 4570 l7.

568 4614 612 4655 et
643 4614 961 4669 peccatorum
997 4616 1041 4657 et
1071 4606 1398 4674 iniquitatum
1437 4621 1611 4658 eorum
1629 4606 1743 4675 jam
1773 4623 1870 4659 non
1912 4609 2157 4661 recorda-a

569 4697 658 4748 bor
685 4695 925 4763 amplius.
974 4694 1057 4749 18.
1097 4695 1193 4749 Ubi
1221 4705 1391 4748 autem
1420 4695 1599 4749 horum
1630 4698 1876 4763 remissio,
1908 4700 2018 4768 jam
2048 4716 2150 4753 non

569 4794 639 4839 est
667 4782 853 4837 oblatio
880 4800 973 4853 pro
1002 4793 1227 4853 peccato.
1259 4784 1482 4839 llemisit
1518 4799 1644 4855 ergo
1672 4797 1908 4854 peccata,
1938 4790 2150 4857 quando

569 4874 716 4926 dedit
744 4883 1121 4929 testamentum
1145 4892 1158 4927 :
1188 4884 1564 4929 testamentum
1585 4885 1762 4930 autem
1779 4876 1925 4931 dedit
1946 4893 2039 4948 per
2064 4895 2153 4935 sa-

570 4965 853 5019 criﬁcium.
884 4966 941 5020 Si
971 4981 1098 5035 ergo
1125 4968 1328 5021 remisit
1358 4976 1575 5036 peccata
1624 4984 1720 5037 per
1753 4985 1913 5024 unum
1945 4973 2150 5027 sacriﬁ-

572 5058 733 5119 cium,
760 5072 861 5110 non
888 5066 971 5110 cst
997 5058 1223 5126 amplius
1244 5073 1379 5127 opus
1409 5059 1664 5113 secundo.
1691 5059 1837 5115 Sedit
1869 5062 1920 5115 in
1948 5063 2153 5117 dextera

576 5146 690 5213 Dei,
712 5148 772 5199 de
794 5156 971 5201 uetere
992 5157 1303 5216 exspectans.
1322 5147 1559 5213 Quanam
1581 5149 1647 5203 de
1664 5165 1820 5204 causa
1841 5163 1921 5205 est
1943 5152 2153 5207 dilatio?

579 5239 647 5293 Ut
671 5250 933 5308 ponantur
962 5240 1162 5294 inimici
1191 5241 1305 5309 ejus
1331 5242 1429 5294 sub
1458 5242 1681 5310 pedibus
1706 5242 1843 5312 ejus.
1881 5243 1995 5297 Una
2022 5249 2153 5299 enim

574 5330 845 5393 oblatione,
882 5331 1075 5397 inquit,
1106 5332 1470 5385 consummavit
1500 5334 1552 5385 in
1578 5336 1936 5402 sempiternum
1962 5340 2152 5391 sancti-

578 5422 771 5487 βίαιος.
807 5421 910 5474 Sed
943 5420 1138 5475 dixerit
1166 5421 1394 5476 fortasse
1424 5425 1689 5494 quispiam
1720 5442 1731 5477 :
1763 5423 1870 5480 Cur
1898 5442 2004 5483 non
2042 5440 2153 5481 sta-

581 5513 671 5563 tim
699 5513 911 5580 posuit?
943 5513 1171 5582 Proptcr
1200 5513 1382 5569 ﬁdeles
1406 5516 1495 5585 qui
1526 5527 1679 5571 erant
1710 5520 1960 5573 nascitnri
1987 5530 2039 5575 et
2062 5538 2147 5591 ge-

580 5604 818 5657 nerandi.
866 5603 1140 5658 l7ndcnam
1178 5615 1353 5660 autem
1396 5608 1658 5661 constabit
1688 5609 1829 5678 quod
1860 5616 2155 5679 ponentur?

582 5697 681 5749 Per
710 5698 808 5751 hoc
836 5697 973 5766 quod
1003 5698 1135 5752 dixit
1168 5714 1287 5753 cum
1316 5700 1539 5755 sedisse.
1575 5700 1780 5756 Rursus
1810 5707 2077 5759 revocavit
2105 5708 2155 5760 in

584 5792 890 5870 memoriam
924 5791 1283 5845 testimonium
1314 5792 1439 5846 illud
1476 5793 1615 5863 quod
1654 5793 1783 5850 dicit
1813 5812 1824 5848 :
1863 5794 2028 5851 Donec
2069 5815 2159 5867 po-

1243 367 1297 424 S.
1337 363 1612 423 JOANNIS
1647 356 2117 419 Clll‘tYSOSTOMI
2158 355 2471 416 ARCHIEP.
2513 355 3049 413 CONSTANTINOP.

3696 312 3799 371 136

2225 472 2312 518 nat
2343 458 2574 515 inimicos
2596 455 2689 510 sub
2712 452 2923 523 pedibus
2948 453 3079 523 ejus.
3110 448 3314 505 Inimici
3340 454 3522 502 autem
3550 445 3667 516 ejus
3690 452 3820 499 sunt

2226 553 2417 612 Judaei.
2464 549 2667 605 Deinde
2696 545 2951 617 quoniam
2994 542 3146 606 dicit,
3187 540 3361 596 Donec
3408 545 3671 609 ponantur
3711 535 3821 589 ini-

2229 643 2346 699 mici
2371 641 2461 698 sub
2489 639 2697 713 pedibus
2734 636 2869 708 ejus,
2900 633 3056 688 valde
3099 641 3279 686 autem
3320 627 3580 699 urgebant
3612 644 3627 681 :
3659 639 3722 680 es
3750 623 3823 679 de

2225 750 2387 792 causa
2416 736 2566 804 ponit
2595 730 2772 785 omnia
2804 743 2925 796 qua:
2955 734 3272 797 sequuntur,
3308 734 3662 794 quascumque
3692 717 3824 773 dicit

2230 828 2297 882 de
2336 825 2459 881 fide.
2490 823 2722 891 Quinam
2770 829 2949 875 autem
2991 826 3119 872 sunt
3161 815 3381 881 inimici,
3427 811 3530 868 nisi
3572 809 3823 865 inﬁdeles

2228 932 2436 981 omnes,
2464 915 2758 977 daemones,
2790 925 2889 966 nec
2927 909 3099 964 solum
3128 906 3339 961 Judmi?
3368 906 3610 975 Magnam
3638 909 3823 956 autem

2229 1006 2621 1077 snbjectionem
2651 1003 2809 1058 tacite
2837 998 3169 1071 signiﬁcans,
3199 1013 3304 1052 non
3328 996 3489 1061 dixit,
3516 994 3825 1063 Subjician-

2232 1114 2334 1167 tur,
2367 1100 2483 1166 sed,
2519 1098 2789 1153 Ponuntur
2832 1094 2925 1150 sub
2953 1092 3166 1164 pedibus
3190 1092 3322 1161 ejus.
3366 1088 3445 1144 Ne
3488 1090 3656 1143 simus
3694 1100 3825 1155 ergo

2228 1212 2293 1250 ex
2327 1192 2553 1249 inimicis
2583 1208 2599 1245 :
2632 1205 2737 1245 non
2785 1187 2957 1243 solum
2990 1185 3135 1241 enim
3176 1182 3379 1238 inimici
3410 1190 3537 1236 sunt
3576 1179 3653 1235 illi
3699 1178 3823 1232 inﬁ-

2230 1286 2379 1341 deles
2423 1292 2477 1338 et
2518 1280 2711 1347 Judtei,
2762 1278 2856 1334 sed
2905 1276 3068 1332 etiam
3109 1274 3199 1345 qui
3232 1271 3504 1328 immunda
3544 1271 3650 1325 vita
3697 1278 3827 1325 sunt

2232 1376 2375 1448 pleni
2401 1394 2413 1428 :
2439 1373 2722 1428 Prudentia
2743 1372 2876 1426 enim
2900 1370 3068 1423 carnis
3095 1376 3169 1423 est
3191 1362 3299 1420 Deo
3319 1365 3527 1419 inimica
3553 1378 3574 1417 :
3604 1364 3704 1433 legi
3730 1360 3826 1415 Dei

2231 1487 2333 1523 non
2362 1478 2435 1523 est
2454 1468 2677 1537 subjecta
2696 1506 2712 1531 ,
2738 1480 2895 1533 neque
2916 1471 3077 1535 potest
3104 1460 3280 1532 (Rom.
3312 1458 3367 1515 8.
3399 1456 3474 1531 7).
3508 1456 3643 1525 Quid
3668 1471 3825 1526 ergo,

2234 1562 2440 1634 inquit?
2469 1576 2573 1615 non
2599 1568 2684 1616 est
2728 1558 2832 1613 hoc
2869 1556 3107 1613 crimen?
3133 1555 3203 1610 Et
3246 1554 3479 1609 maxime
3502 1552 3720 1623 quidem
3744 1559 3831 1605 est

2233 1657 2437 1709 crimen
2472 1674 2485 1708 :
2518 1651 2691 1706 malus
2717 1649 2859 1705 enim
2886 1646 3141 1720 quamdiu
3170 1656 3253 1703 est
3281 1645 3477 1709 malus,
3511 1660 3619 1699 non
3649 1652 3829 1714 potest

2234 1744 2458 1813 subjici;
2489 1741 2686 1797 mutari
2717 1749 2895 1795 autem
2925 1747 3103 1811 potest
3129 1747 3185 1793 et
3212 1736 3385 1792 bonus
3413 1734 3553 1791 fieri.

2306 1834 2361 1890 2.
2405 1834 2692 1902 Paupertas
2725 1829 2998 1896 laudatur;
3033 1829 3409 1901 redarguuntur
3431 1826 3642 1881 divitia.
3678 1824 3828 1880 Pau-

2238 1927 2444 1997 pertatis
2486 1927 2615 1981 bona
2639 1966 2654 1992 ,
2696 1924 2984 1977 divitiarum
3029 1922 3185 1975 mala.
3225 1949 3295 1961 —-
3332 1918 3625 1990 Ejiciamus
3671 1919 3832 1987 igitur

2236 2019 2584 2087 cogitationes
2607 2025 2662 2071 et
2687 2029 2875 2070 sensus
2899 2012 3165 2068 carnales.
3196 2011 3325 2080 Qum
3351 2020 3476 2065 sunt
3503 2019 3683 2065 autem
3711 2024 3833 2065 car-

2238 2110 2417 2166 nalia?
2460 2121 2809 2179 quascumque
2836 2104 3037 2159 faciunt
3079 2113 3137 2158 ut
3166 2116 3361 2171 corpus
3390 2102 3581 2156 ﬂoreat
3608 2110 3663 2156 et
3692 2101 3834 2155 bene

2237 2206 2303 2255 sit
2330 2199 2599 2266 all'ecmm,
2629 2198 2860 2251 animam
2886 2205 3065 2250 autem
3093 2194 3231 2249 male
3260 2192 3497 2248 afﬁciunt
3524 2212 3536 2248 :
3565 2201 3622 2247 ut
3647 2206 3834 2248 exem-

2241 2292 2311 2362 pli
2342 2306 2499 2346 causa
2524 2331 2540 2357 ,
2572 2290 2766 2344 divitiae
2792 2330 2808 2355 ,
2835 2287 3042 2343 delicia:
3067 2328 3082 2355 ,
3110 2285 3276 2357 gloria
3313 2305 3325 2339 :
3354 2286 3469 2340 haec
3497 2284 3675 2339 omnia
3709 2293 3835 2339 sunt

2239 2384 2417 2439 carnis
2440 2401 2452 2435 :
2477 2397 2626 2437 amor
2647 2394 2954 2450 corporum.
2980 2378 3057 2434 Ne
3078 2394 3207 2449 ergo
3228 2391 3470 2433 amemus
3491 2376 3691 2431 habere
3714 2376 3833 2446 plus

2240 2493 2397 2548 quam
2435 2475 2564 2540 alii,
2606 2476 2700 2529 sed
2741 2480 3105 2543 paupertatem
3146 2485 3360 2539 semper
3398 2483 3830 2541 prosequamur:

2239 2570 2353 2640 ipsa
2384 2566 2526 2623 enim
2556 2576 2639 2621 est
2667 2580 2914 2635 magnum
2947 2564 3167 2619 bonum.
3203 2565 3270 2615 At
3300 2561 3591 2626 humilem,
3624 2559 3833 2629 inquit,

2242 2660 2505 2729 vilemque
2532 2658 2655 2712 facit
2676 2666 2730 2711 et
2755 2655 3044 2725 abjectum.
3073 2654 3187 2708 Hoc
3212 2653 3354 2709 enim
3380 2652 3535 2707 nobis
3557 2660 3641 2707 est
3661 2666 3835 2722 opus;

2243 2751 2397 2806 nobis
2425 2749 2566 2804 enim
2594 2747 2819 2802 multum
2844 2745 3071 2801 confert.
3106 2744 3412 2816 Paupertas,
3443 2744 3645 2814 inquit,
3672 2743 3839 2796 homi-

2244 2858 2356 2897 nem
2378 2840 2542 2896 reddit
2571 2839 2808 2893 humilem
2834 2836 3016 2909 (Prov.
3046 2836 3131 2892 l0.
3156 2837 3209 2892 4.
3235 2838 3286 2891 in
3316 2834 3540 2907 Graeco);
3570 2846 3625 2891 et
3652 2851 3839 2891 rursus

2244 2933 2508 2998 Christus,
2532 2930 2675 2985 Beati
2694 2946 2937 3001 pauperes
2965 2931 3153 2999 spiritu
3175 2929 3387 3001 (Matth.
3408 2929 3461 2982 5.
3487 2927 3565 2996 ὅ).
3586 2928 3841 3025 Propter)-

2246 3040 2307 3081 ea
2329 3039 2455 3094 ergo
2477 3023 2626 3078 doles
2648 3023 2789 3093 quod
2812 3024 2951 3077 viam
2973 3021 3139 3077 habes
3160 3036 3277 3091 qua“:
3296 3021 3443 3076 ducit
3462 3021 3529 3076 ad
3550 3021 3843 3076 virtutem?

2248 3117 2422 3171 nescis
2450 3116 2589 3186 quod
2613 3130 2675 3170 ea
2702 3114 2854 3169 nobis
2879 3114 3102 3167 multam
3123 3113 3214 3167 dat
3241 3113 3523 3168 ﬁduciam?
3548 3114 3612 3167 At
3635 3114 3843 3183 sapien-

2248 3210 2345 3275 tia,
2378 3208 2580 3279 inquit,
2609 3207 2845 3279 pauperis
2871 3206 3001 3261 nihil
3026 3206 3265 3278 penditur
3292 3206 3513 3275 (Eccles.
3543 3208 3596 3264 9.
3630 3207 3720 3278 l6)
3744 3226 3758 3275 ;
3786 3219 3845 3263 ct

2248 3316 2436 3355 rursus
2465 3302 2601 3355 alius
2630 3301 2758 3355 dicit
2782 3341 2798 3366 ,
2828 3298 3192 3370 Paupertatem
3230 3312 3277 3355 et
3305 3304 3508 3356 divitias
3546 3319 3609 3357 ne
3639 3303 3844 3358 dederis

2256 3392 2377 3444 mihi
2404 3390 2693 3461 (Prov.50.
2713 3390 2793 3460 8);
2811 3399 2883 3456 et,
2910 3392 2952 3443 Α
2980 3394 3188 3462 fornace
3217 3394 3528 3462 paupertatis
3558 3394 3718 3449 libera
3739 3412 3838 3449 me.

2251 3482 2531 3550 Quomodo
2557 3490 2733 3535 autem
2764 3498 2949 3537 rursus
2970 3524 2983 3548 ,
3014 3483 3059 3537 si
3087 3482 3286 3538 divitiae
3315 3493 3370 3539 et
3400 3495 3688 3554 paupertas
3718 3497 3845 3541 sunt

2254 3589 2283 3627 a
2314 3573 2556 3640 Domino,
2582 3574 2778 3629 malum
2804 3583 2887 3630 est
2909 3583 3194 3645 paupertas
3217 3582 3308 3631 aut
3331 3574 3571 3630 divitiae?
3597 3576 3844 3644 Quanam

2256 3677 2383 3735 ergo
2418 3664 2489 3720 de
2529 3680 2690 3720 causa
2735 3665 2852 3720 haec
2890 3664 3032 3721 dicta
3071 3664 3229 3721 sunt?
3269 3666 3396 3721 Haec
3433 3664 3751 3722 dicebantur
3789 3670 3847 3722 in

2258 3754 2435 3810 Veteri
2462 3797 2476 3823 ,
2509 3756 2599 3811 ubi
2642 3755 2943 3811 divitiarum
2986 3771 3176 3827 magna
3220 3755 3516 3812 habebatur
3543 3759 3681 3812 ratio
3703 3799 3721 3826 ,
3752 3758 3849 3814 ubi

2258 3850 2585 3919 paupertatis
2609 3864 2796 3922 ntagna
2823 3859 2937 3906 erat
2960 3849 3329 3920 despicientia,
3362 3850 3452 3906 ubi
3482 3850 3600 3906 base
3626 3851 3848 3925 quidem

2258 3947 2372 3992 erat
2409 3940 2706 3995 exsecratio
2740 3954 2803 3996 ac
2837 3939 3141 3996 maledictio
3169 3982 3184 4007 ,
3215 3941 3322 3996 illa:
3357 3956 3484 3997 vero
3516 3941 3847 3998 benedictio.

2258 4030 2365 4086 Sed
2404 4036 2553 4087 visne
2591 4032 2776 4088 audire
2814 4032 2999 4087 laudes
3038 4033 3407 4103 paupertatis?
3449 4048 3567 4089 eam
3608 4035 3851 4105 suscepit

2256 4123 2529 4190 Christus,
2559 4134 2612 4180 et
2636 4125 2764 4180 dicit
2793 4145 2805 4180 :
2832 4124 2999 4180 Filius
3023 4136 3190 4181 autem
3218 4128 3434 4182 hominis
3461 4145 3560 4183 non
3586 4130 3736 4184 habet
3759 4132 3853 4187 ubi

2256 4226 2406 4284 caput
2448 4218 2673 4270 reclinet.
2722 4216 2787 4271 Et
2828 4232 3013 4272 rursus
3054 4217 3265 4273 dicebat
3312 4218 3590 4289 discipulis
3624 4238 3638 4274 :
3671 4220 3851 4275 Nolite

2258 4310 2513 4379 possidere
2540 4327 2750 4374 aurum,
2784 4328 2942 4381 neque
2968 4323 3229 4383 argentum
3255 4356 3268 4380 ,
3304 4331 3462 4385 neque
3489 4318 3617 4369 duas
3647 4316 3849 4371 tunicas

2259 4402 2276 4468 (
2306 4401 2488 4455 Matth.
2516 4404 2567 4457 8.
2597 4402 2686 4458 20.
2717 4414 2761 4459 et
2791 4405 2877 4460 10.
2905 4405 2984 4474 9).
3011 4405 3076 4460 Et
3105 4406 3299 4463 Paulus
3327 4409 3566 4464 scribens
3592 4410 3844 4479 dicebat,

2258 4491 2537 4560 Tamquam
2564 4496 2692 4548 nihil
2716 4497 2971 4563 habentes,
3000 4506 3048 4551 et
3078 4500 3247 4553 omnia
3275 4500 3589 4569 possidentes
3613 4499 3690 4571 (2.
3721 4501 3847 4559 Cor.

2258 4582 2310 4636 6.
2344 4583 2456 4650 10).
2490 4585 2556 4638 Et
2592 4586 2782 4641 Petrus
2810 4587 3020 4642 dicebat
3046 4588 3097 4643 ei
3127 4591 3215 4659 qui
3252 4599 3368 4645 erat
3396 4590 3616 4647 claudus
3646 4602 3847 4649 natals:

2258 4673 2534 4742 Argentum
2563 4686 2607 4729 et
2638 4694 2821 4730 aurum
2850 4695 2948 4732 non
2979 4690 3051 4735 est
3083 4680 3208 4735 mihi
3238 4684 3255 4752 (
3281 4683 3394 4737 Act.
3429 4684 3482 4741 5.
3513 4684 3607 4754 6).
3638 4683 3698 4740 In
3730 4687 3853 4757 ipso

2258 4780 2469 4835 quoque
2488 4766 2686 4833 Veteri,
2712 4770 2799 4824 ubi
2822 4771 2875 4823 in
2898 4770 3250 4828 admiratione
3273 4774 3604 4830 habebantur
3621 4776 3849 4845 divitias,

2257 4860 2473 4928 quinam
2492 4901 2507 4926 ,
2536 4874 2744 4929 quaeso,
2770 4871 2923 4917 erant
2949 4864 3326 4921 admirabiles?
3350 4883 3527 4922 annon
3555 4867 3730 4936 Elius,
3754 4871 3851 4942 qui

2260 4950 2388 5004 nihil
2418 4950 2645 5005 habebat
2672 4965 2867 5022 praeter
2892 4955 3088 5025 pellem
3111 4957 3361 5013 ovillam?
3387 4974 3564 5014 annon
3593 4960 3852 5031 Elismus,

2259 5058 2436 5096 annon
2477 5043 2746 5101 Joannes?
2783 5047 2952 5103 Nemo
2990 5065 3117 5120 ergo
3156 5053 3221 5106 sit
3264 5053 3479 5107 humilis
3518 5064 3569 5107 et
3605 5053 3855 5123 abjectus

2260 5146 2477 5204 propter
2525 5149 2889 5208 paupertatem
2923 5161 2935 5196 :
2970 5158 3075 5197 non
3119 5155 3199 5198 est
3239 5155 3525 5215 paupertas
3562 5163 3681 5217 quae
3724 5148 3856 5205 facit

2262 5229 2510 5284 humilem
2536 5272 2551 5297 ,
2591 5231 2685 5285 sed
2720 5233 2916 5288 divitia:
2951 5250 3067 5304 quea
3105 5246 3303 5306 cogunt
3340 5253 3497 5307 egere
3537 5240 3754 5307 multis,
3796 5252 3853 5297 et

2260 5321 2591 5388 compellunt
2632 5331 2690 5377 ut
2734 5325 2916 5378 multis
2965 5326 3261 5381 habeantur
3301 5330 3505 5399 gratiae.
3552 5330 3688 5397 Quid
3736 5342 3854 5388 erat

2258 5410 2458 5464 Jacubo
2488 5416 2801 5482 panperius,
2836 5416 2919 5470 die
2947 5416 3097 5483 mihi,
3123 5420 3209 5487 qui
3239 5418 3478 5486 dicebat,
3511 5421 3571 5474 Si
3603 5423 3854 5478 Dominus

2263 5502 2383 5554 mihi
2413 5504 2605 5557 dederit
2645 5522 2826 5573 panem
2863 5507 2930 5559 ad
2958 5510 3351 5577 comedendum,
3386 5523 3428 5564 et
3460 5522 3640 5567 vestem
3669 5517 3738 5568 ad
3766 5518 3851 5570 in-

2260 5593 2511 5647 duendum
2532 5594 2681 5667 (Gen.
2710 5597 2799 5653 28.
2828 5596 2946 5669 9θῇ
2970 5599 3103 5654 Nom
3133 5617 3259 5672 ergo
3288 5603 3491 5658 ﬁducia:
3518 5613 3573 5659 et
3598 5606 3854 5677 loquendi

2263 5686 2517 5739 libertatis
2548 5699 2793 5757 expertes
2824 5700 2975 5745 erant
3004 5692 3147 5747 Elias
3175 5703 3227 5747 et
3252 5694 3523 5751 Joannes?
3553 5712 3731 5753 annon
3761 5700 3858 5756 ille

2263 5776 2474 5843 quidem
2498 5780 2667 5848 arguit
2694 5780 2891 5848 Achab,
2919 5780 3003 5837 hic
3026 5798 3153 5841 vero
3177 5784 3476 5842 Herodem?
3500 5786 3595 5842 llic
3617 5789 3853 5857 dicebat,
