4060 6404
261 367 363 424 157

246 487 369 541 Non
397 486 513 541 licet
542 485 631 540 tibi
655 484 840 539 habere
868 498 1078 538 uxorem
1101 482 1338 558 Philippi
1365 485 1539 556 fratris
1565 486 1634 538 tui
1657 483 1851 557 (Μαι-ε.

244 586 301 636 ϋ.
337 580 419 649 18)
454 599 467 633 :
502 580 646 635 Elius
671 586 850 634 autem
886 574 1054 633 libere
1081 583 1136 632 et
1162 576 1495 632 confidenter
1518 575 1655 631 dixit
1678 576 1857 633 Acha-

245 674 320 729 ιι..
338 714 356 741 ,
383 674 504 729 Non
533 691 623 746 ego
650 682 878 744 peroerto
907 671 1098 739 Israel,
1120 672 1210 726 sed
1236 684 1290 726 tu
1319 681 1366 727 ct
1392 671 1573 726 domus
1598 672 1761 744 patris
1784 669 1859 726 tui

246 768 330 840 (3.
359 765 484 837 Reg.
514 765 600 821 18.
633 765 745 839 18).
772 764 934 821 Vides
953 763 1098 836 quod
1124 763 1227 819 hoc
1248 763 1419 834 magis
1442 762 1609 818 efficit
1636 763 1852 833 loquen-

247 860 307 917 di
347 860 647 915 libertatem
671 899 687 925 ,
720 871 915 927 nempe
943 854 1271 928 paupertas?
1305 854 1438 909 Nam
1463 854 1613 911 dives
1640 853 1859 926 quidem

248 964 340 1012 est
372 965 562 1010 servus
585 992 601 1019 ,
634 958 695 1006 ut
735 951 825 1021 qui
862 949 1061 1005 damno
1101 951 1170 1005 sit
1209 948 1483 1005 obnoxius
1506 988 1523 1014 ,
1555 956 1612 1005 et
1639 946 1862 1003 cuilibet

250 1040 456 1105 volenti
498 1044 737 1116 prtebeat
763 1053 824 1099 ut
862 1043 964 1116 ipsi
996 1044 1135 1099 male
1164 1042 1323 1099 faciat
1352 1060 1367 1097 :
1394 1042 1481 1112 qui
1513 1050 1693 1101 autem
1727 1040 1861 1097 nihil

252 1141 457 1205 habet,
505 1154 613 1195 non
665 1139 818 1194 timet
863 1138 1129 1194 bonorum
1174 1135 1635 1207 publicationem,
1686 1149 1861 1207 neque

250 1232 780 1291 condemnationem.
813 1230 872 1288 Si
902 1231 1082 1303 itaque
1104 1239 1390 1302 paupertas
1419 1229 1658 1287 efﬁceret
1686 1228 1865 1285 homi-

247 1340 355 1383 nes
382 1336 441 1382 ut
464 1334 717 1383 carerent
738 1327 993 1398 loquendi
1022 1328 1292 1394 libertate,
1320 1342 1428 1382 non
1452 1325 1691 1382 misisset
1710 1322 1873 1390 Chri—

246 1426 369 1473 stus
389 1416 684 1490 discipulos
703 1432 828 1474 cum
854 1426 1169 1492 paupertate
1193 1418 1259 1474 ad
1284 1432 1401 1474 rem
1422 1433 1543 1490 qum
1560 1416 1726 1474 multa
1745 1432 1874 1489 ege-

248 1517 341 1565 ret
364 1508 615 1565 libertate
640 1509 892 1580 loquendi
914 1520 969 1566 et
987 1509 1203 1566 fiducia.
1220 1508 1433 1580 Pauper
1447 1509 1593 1566 enim
1614 1518 1699 1564 est
1714 1508 1870 1565 valde

250 1597 431 1663 fortis,
453 1608 510 1656 et
540 1614 649 1655 non
693 1599 858 1656 habet
887 1600 1029 1658 unde
1068 1600 1332 1658 afﬁciatur
1363 1599 1586 1672 injuria,
1611 1608 1704 1655 aut
1741 1599 1869 1656 mali

248 1689 453 1761 aliquid
486 1690 738 1761 patiatur.
768 1690 931 1747 Dives
955 1701 1134 1747 autem
1158 1700 1243 1747 est
1265 1691 1413 1747 omni
1437 1706 1500 1747 es
1528 1700 1683 1762 parte
1707 1698 1869 1762 captu

248 1782 467 1848 facilis;
498 1796 554 1838 et
587 1781 814 1854 perinde
842 1792 945 1850 est,
977 1793 1038 1839 ut
1063 1785 1108 1839 si
1139 1784 1258 1855 quis
1285 1798 1432 1849 eum,
1464 1784 1555 1854 qui
1586 1784 1788 1839 multos
1815 1791 1872 1840 et

248 1872 444 1945 longos
467 1874 633 1929 trahit
653 1872 827 1941 funes,
847 1872 1003 1931 facile
1019 1875 1260 1946 ceperit,
1274 1873 1479 1930 nudum
1506 1884 1685 1932 autem
1710 1874 1871 1933 facile

248 1980 362 2020 non
383 1966 558 2036 possit
580 1965 989 2036 apprehendere
1017 1981 1082 2023 ac
1103 1965 1369 2022 detinere.
1392 1966 1466 2022 Ita
1484 1967 1661 2024 etiam
1691 1967 1871 2024 evenit

247 2054 310 2110 in
335 2055 504 2113 divite
530 2075 544 2111 :
571 2055 860 2127 mancipia,
880 2071 1094 2125 aurum,
1116 2056 1337 2127 prtedia,
1369 2058 1581 2130 negotia
1614 2058 1867 2115 innumc-
1890 2073 1915 2088 ο

248 2147 471 2215 rabilia,
506 2147 929 2205 innumerabiles
957 2148 1373 2218 sollicitudines,
1400 2166 1681 2219 ternmme,
1709 2166 1870 2209 casus

246 2247 309 2296 et
358 2240 755 2307 necessitates,
807 2240 1053 2297 efﬁciunt
1100 2250 1160 2297 ut
1209 2240 1365 2298 facile
1411 2244 1532 2316 calli
1584 2245 1871 2315 possit’ab

246 2334 532 2391 omnibus.

324 2428 381 2492 3,
421 2427 590 2486 Nemo
614 2444 744 2502 ergo
765 2428 877 2501 jam
901 2429 1177 2487 existimet
1201 2441 1575 2504 paupertatem
1596 2450 1719 2492 esse
1740 2450 1871 2492 cau-

248 2533 369 2575 sam
398 2519 632 2577 infamia:
651 2530 708 2577 et
725 2521 1033 2579 dedecoris.
1054 2522 1188 2578 Nam
1218 2524 1262 2579 si
1292 2524 1435 2581 adsit
1457 2527 1651 2596 virtus,
1678 2544 1869 2587 omnes

247 2612 403 2669 orbis
430 2624 692 2670 terrarum
720 2614 923 2671 divitiae
944 2631 1014 2673 ne
1034 2624 1162 2671 sunt
1190 2617 1406 2687 quidem
1437 2618 1630 2689 lutum,
1661 2636 1764 2679 nec
1787 2621 1869 2679 fe-

247 2712 426 2771 stuca,
445 2704 491 2759 si
514 2719 635 2760 cum
663 2720 727 2762 es
754 2704 1121 2763 conferantur.
1145 2707 1277 2763 Eam
1308 2700 1477 2780 igitur
1498 2721 1790 2782 sectemur,
1820 2715 1867 2770 si

248 2796 485 2852 velimus
512 2796 718 2869 ingredi
741 2814 968 2871 regnum
996 2799 1274 2857 caelorum.
1298 2800 1467 2858 Vende
1489 2804 1653 2871 enim,
1672 2806 1864 2877 inquit,

248 2888 426 2944 omnia
442 2905 557 2959 qua:
580 2890 756 2959 habes,
773 2902 823 2947 et
844 2892 911 2945 da
933 2892 1263 2964 pauperibus,
1284 2905 1331 2949 et
1347 2895 1554 2952 habebis
1572 2898 1867 2955 thesaurum

246 2978 305 3032 in
330 2980 492 3047 creto;
509 2991 564 3037 et
591 2997 808 3039 rursus:
825 2981 1048 3054 Diﬁicite
1067 2993 1141 3039 est
1157 2985 1363 3040 divitem
1380 2986 1571 3044 intrare
1586 2990 1638 3044 in
1656 3007 1869 3063 regnum

248 3072 494 3127 telorum
520 3073 734 3145 (Matth.
767 3073 854 3131 19.
882 3077 973 3130 21.
1002 3073 1115 3148 25).
1153 3076 1313 3133 Vides
1340 3080 1485 3150 quod
1513 3081 1724 3138 etiamsi
1759 3100 1866 3141 non

247 3160 433 3232 adsit,
473 3180 593 3221 eam
639 3175 857 3239 oportet
900 3166 1213 3225 attrahere?
1257 3169 1490 3227 Tantum
1534 3172 1735 3231 bonum
1784 3186 1870 3233 est

244 3270 539 3352 paupertas
577 3279 592 3317 :
621 3272 704 3320 est
741 3266 885 3320 enim
916 3269 1161 3339 qutcdam
1193 3271 1445 3329 deductio
1472 3276 1541 3330 ad
1569 3277 1709 3334 viam
1739 3294 1863 3352 quas

240 3350 394 3406 ducit
422 3352 491 3408 ad
522 3353 712 3410 omium
735 3398 750 3423 ,
779 3358 964 3414 unctio
992 3360 1244 3419 athletica
1266 3404 1280 3431 ,
1309 3379 1504 3436 magna
1533 3350 1779 3439 qumdam
1809 3379 1865 3428 et

241 3441 580 3500 admirabilis
610 3448 949 3519 exercitatio,
980 3462 1170 3522 portus
1203 3455 1545 3526 tranquillus.
1575 3456 1683 3515 Sed
1717 3460 1859 3517 mul-

241 3535 336 3601 tis,
378 3535 571 3607 inquit,
614 3553 751 3609 opus
795 3541 992 3612 habeo,
1026 3559 1128 3601 nec
1168 3547 1294 3604 volo
1323 3547 1525 3605 donum
1565 3554 1861 3623 gratuitum

240 3625 315 3679 ab
352 3626 536 3697 aliquo
564 3631 836 3701 accipere.
866 3632 973 3690 Sed
1018 3635 1069 3690 in
1107 3635 1214 3693 hoc
1241 3653 1457 3712 quoque
1497 3641 1656 3714 longe
1682 3645 1863 3703 minus

241 3733 407 3787 quant
455 3727 511 3774 tu
554 3719 719 3778 habet
757 3723 929 3791 dives,
962 3725 1097 3783 Nam
1144 3737 1198 3785 tu
1245 3732 1463 3803 quidem
1505 3732 1772 3803 fortasse,
1803 3748 1862 3796 ut

239 3808 407 3863 alaris
428 3851 444 3876 ,
475 3809 571 3866 tibi
598 3812 798 3886 aliquid
831 3815 1020 3874 donari
1048 3821 1186 3889 petis
1212 3839 1224 3875 :
1254 3822 1345 3880 ille
1370 3834 1553 3881 autem
1582 3828 1863 3899 impuden-

242 3908 329 3993 ter
356 3902 489 3971 petit
516 3918 614 3973 pro
643 3907 806 3964 rebus
836 3909 1352 3982 innumerabilibus,
1382 3925 1437 3972 et
1465 3925 1523 3972 ut
1549 3918 1671 3989 plus
1696 3936 1859 3993 quam

238 3992 339 4086 alii
363 3995 655 4086 possideat.
688 3998 1051 4066 Quamobrem
1080 4004 1273 4063 divites
1294 4022 1441 4079 satpe
1463 4011 1645 4067 multis
1675 3992 1859 4086 egent.

238 4082 531 4151 Quid‘dieo
557 4088 777 4145 multis?
804 4105 950 4162 sape
975 4094 1041 4148 iis
1062 4110 1183 4165 qua:
1209 4097 1340 4167 ipsis
1367 4110 1491 4157 sunt
1518 4082 1735 4176 indigna
1762 4124 1776 4161 :
1803 4118 1862 4165 ut

239 4176 479 4246 exempli
518 4193 681 4235 causa
704 4222 719 4247 ,
752 4196 899 4254 saepe
937 4184 1177 4257 indigent
1216 4189 1477 4249 militibus
1512 4196 1605 4266 qui
1642 4207 1770 4254 sunt
1805 4199 1861 4256 in

239 4266 491 4324 ordinem
538 4272 734 4340 relati,
765 4283 823 4330 et
856 4275 950 4347 qui
989 4286 1116 4333 sunt
1148 4281 1313 4337 servi.
1344 4282 1555 4356 Pauper
1580 4297 1761 4347 autem
1790 4306 1861 4349 ne

239 4360 361 4431 ipso
385 4361 602 4431 quidem
626 4373 746 4436 eget
771 4381 926 4437 rege;
969 4378 1025 4424 et
1048 4369 1095 4426 si
1119 4382 1306 4441 egeat.
1334 4375 1668 4442 admirabilis
1695 4380 1861 4440 habe-

240 4462 331 4506 tur
358 4452 503 4522 quod
526 4468 586 4509 se
611 4469 677 4511 eo
703 4456 1001 4530 redegerit,
1026 4474 1150 4517 cum
1177 4462 1226 4520 ei
1252 4464 1413 4523 liceat
1436 4469 1724 4530 ditescere.
1754 4468 1850 4532 Ne-

239 4558 334 4599 mo
362 4559 495 4617 ergo
520 4558 737 4605 accuset
766 4562 1138 4623 paupertatem
1168 4564 1227 4611 ut
1251 4573 1372 4633 qua:
1394 4575 1555 4618 causa
1586 4565 1659 4619 sit
1686 4567 1857 4624 malo-

239 4652 363 4693 rum
393 4639 866 4734 innumerabilium
888 4686 904 4714 ,
934 4662 1112 4721 neque
1138 4653 1473 4712 contradicat
1498 4657 1739 4729 Christo,
1768 4663 1859 4734 qui

238 4742 363 4783 eam
406 4728 538 4786 dicit
572 4732 786 4791 virtutis
825 4751 949 4793 esse
993 4738 1417 4814 perfectionem,
1445 4747 1669 4807 dicens:
1702 4728 1764 4808 Si
1785 4728 1860 4810 bis

240 4822 497 4892 perfectus
541 4840 669 4879 esse.
724 4825 840 4883 Hoc
881 4829 1024 4886 enim
1069 4842 1125 4888 et
1162 4836 1343 4893 verbis
1381 4838 1555 4909 dixit,
1603 4853 1659 4899 et
1703 4843 1860 4905 factis

240 4913 519 4982 ostendit,
551 4925 606 4973 et
634 4918 820 4976 docuit
848 4937 944 4993 per
971 4924 1289 4999 discipulos.
1319 4931 1700 5005 Paupertatem
1726 4956 1859 5013 ergo

240 5015 626 5065 consectemur
650 5028 663 5065 :
693 5025 757 5068 ea
786 5013 930 5070 enim
959 5026 1043 5072 est
1072 5034 1323 5092 magnum
1352 5024 1552 5084 bonum
1579 5030 1777 5088 sobriis
1801 5042 1859 5091 et

242 5100 314 5158 iis
352 5101 444 5172 qui
487 5103 723 5175 sapiunt.
768 5106 1022 5167 Fortasse
1066 5112 1230 5186 aliqui
1260 5131 1331 5172 ex
1365 5118 1433 5175 iis
1468 5122 1560 5194 qui
1588 5124 1853 5202 audiunt,

245 5208 583 5266 ofninantur.
642 5211 823 5270 Facile
870 5215 1078 5273 credo:
1108 5234 1337 5290 magnus
1375 5234 1461 5280 est
1494 5226 1597 5284 hic
1645 5203 1865 5291 morbus

246 5299 394 5370 apud
436 5300 699 5376 plurimos
729 5304 977 5367 homines
999 5351 1014 5378 ,
1040 5319 1098 5369 et
1138 5322 1281 5371 tanta
1311 5326 1395 5373 est
1424 5320 1667 5391 tyrannis
1695 5338 1860 5394 pecu-

1048 373 1115 431 ῐΝ
1158 375 1372 433 EPlS'l‘.
1417 376 1507 431 Af)
1549 371 1914 431 HEBIUEOS.
1957 371 2113 429 CAP.
2156 368 2224 428 Χ.
2271 369 2506 427 1103111..
2553 367 2742 431 XVI".

1974 471 2116 538 nias,
2150 482 2208 527 ut
2248 486 2347 527 nec
2386 469 2564 526 verbis
2605 476 2760 523 tenus
2787 465 2906 534 ejus
2939 465 3117 519 ferant
3154 461 3552 516 recusationem
3578 500 3594 524 ,
3696 526 3699 527 ν

3484 352 3586 408 158

1973 564 2068 620 sed
2099 564 2239 618 hanc
2259 562 2425 618 etiam
2454 560 2734 615 horreant.
2762 554 2956 612 Procul
2981 553 3097 609 hmc
3116 552 3225 607 sint
3245 568 3274 605 a
3298 549 3595 605 Christiani

1972 656 2154 712 anima
2184 673 2198 711 :
2227 653 2363 710 nihil
2395 652 2541 709 enim
2568 660 2653 707 est
2682 648 2848 705 ditius
2878 662 2946 703 eo
2971 647 3063 718 qui
3098 654 3469 716 paupertatem
3498 657 3597 697 sua

1971 757 2165 820 sponte
2180 748 2331 819 eligit
2347 754 2401 803 ct
2416 760 2541 803 cum
2565 757 2757 815 magna
2777 740 2945 797 animi
2968 738 3265 794 alacritate.
3288 735 3592 805 Quomodo,

1971 842 2147 899 dicam
2176 858 2191 895 :
2222 850 2279 897 et
2302 882 2319 908 ,
2346 838 2395 895 si
2418 837 2579 896 vultis
2599 879 2616 906 ,
2644 850 2771 892 eum
2801 834 2893 907 qui
2935 848 3033 891 sua
3072 841 3266 904 sponte
3304 841 3597 901 pauperta-

1970 945 2079 993 tem
2107 933 2294 1008 eligit,
2322 933 2443 1006 ipso
2469 947 2600 1005 rege
2625 929 2879 988 ditiorem
2907 941 3032 985 esse
3058 925 3312 984 ostendo.
3341 923 3475 980 Nam
3508 924 3598 980 ille

1971 1028 2191 1102 quidem
2221 1037 2346 1101 eget
2381 1026 2567 1083 multis
2589 1067 2606 1094 ,
2637 1033 2696 1083 et
2719 1032 2803 1082 est
2838 1021 3108 1080 sollicitus
3132 1061 3148 1087 ,
3176 1034 3241 1076 ac
3271 1019 3425 1075 timet
3454 1033 3521 1073 ne
3547 1018 3601 1074 ei

1969 1121 2189 1180 deﬁciat
2213 1121 2468 1179 militaris
2492 1126 2831 1178 commeatus
2856 1134 2871 1172 :
2895 1115 2988 1173 hic
3010 1124 3195 1172 autem
3221 1115 3405 1170 omnia
3432 1113 3599 1170 habet

1971 1216 2196 1283 affatim,
2222 1227 2277 1275 et
2302 1216 2375 1274 de
2400 1215 2559 1272 nulio
2579 1216 2755 1283 timet,
2775 1211 2975 1271 nedum
2998 1210 3068 1269 de
3096 1219 3204 1266 tam
3234 1209 3438 1265 multis.
3464 1207 3597 1278 Quis

1970 1326 2125 1383 ergo,
2151 1309 2475 1382 dic,qu:eso,
2504 1316 2591 1367 est
2615 1306 2768 1364 dives
2786 1347 2803 1372 ,
2830 1306 2949 1362 isne
2976 1303 3069 1377 qui
3098 1300 3340 1376 quotidie
3364 1310 3451 1357 est
3479 1300 3595 1357 sol-

1972 1403 2177 1473 licitus,
2210 1410 2268 1459 et
2289 1403 2495 1475 cogitat
2520 1408 2578 1458 et
2610 1400 2846 1458 studium
2878 1399 3033 1471 ponit
3060 1408 3117 1453 ut
3146 1395 3315 1452 multa
3342 1394 3595 1466 colligat,

1970 1512 2037 1553 ac
2077 1497 2231 1553 timet
2258 1510 2326 1553 ne
2351 1493 2649 1568 aliquando
2673 1492 2930 1551 deﬁciant
2959 1510 2975 1549 :
3004 1506 3075 1547 an
3105 1490 3153 1547 is
3180 1490 3271 1562 qui
3307 1488 3444 1545 nihil
3479 1488 3596 1544 col-

1971 1588 2106 1660 ligit,
2132 1596 2187 1644 et
2209 1588 2296 1644 cui
2319 1586 2534 1643 abunde
2554 1586 2736 1642 omnia
2758 1591 3077 1656 suppetunt,
3102 1590 3159 1639 et
3181 1581 3330 1638 nullo
3350 1580 3596 1651 indiget?

1970 1682 2141 1739 virtus
2166 1682 2310 1739 enim
2338 1690 2393 1737 et
2420 1680 2519 1737 Dei
2547 1688 2725 1737 metus
2750 1679 2843 1735 dat
2870 1676 3146 1745 ﬁduciam,
3172 1690 3279 1732 non
3305 1672 3550 1745 pecunia:
3576 1691 3592 1730 :

1969 1774 2076 1831 illa:
2102 1774 2247 1832 enim
2274 1775 2441 1831 etiam
2468 1773 2521 1830 in
2552 1773 2868 1830 servitutem
2895 1770 3171 1843 redigunt.
3202 1767 3379 1825 Xenia
3407 1768 3552 1824 enim
3575 1810 3591 1833 ,

1970 1869 2186 1941 inquit,
2230 1876 2278 1925 et
2318 1868 2456 1923 dona
2495 1875 2754 1923 exerceant
2797 1865 2975 1921 oculos
3012 1864 3341 1934 sapientum,
3375 1870 3423 1915 ct
3449 1861 3598 1929 quasi

1968 1959 2172 2030 frenum
2209 1960 2263 2013 in
2290 1975 2378 2014 ore
2401 1998 2417 2026 ,
2447 1966 2681 2013 avertunt
2708 1955 3057 2027 correptiones
3086 1952 3109 2025 (
3134 1952 3297 2010 Eccii.
3327 1951 3420 2009 ‘20.
3453 1952 3517 2008 31
3549 1952 3591 2023 ).

1966 2050 2263 2108 Considera
2288 2049 2563 2123 quomodo
2585 2064 2795 2121 pauper
2814 2047 2907 2104 ille
2927 2046 3121 2103 Petrus
3144 2044 3413 2102 Ananiam
3442 2042 3593 2098 illum

1967 2142 2188 2200 divitem
2216 2142 2425 2215 puniit:
2444 2156 2628 2198 annon
2654 2139 2746 2196 hic
2770 2138 2988 2211 quidem
3016 2146 3136 2194 erat
3154 2135 3327 2205 dives,
3353 2133 3445 2191 ille
3464 2149 3596 2190 vero

1966 2234 2207 2311 pauper?
2233 2232 2328 2290 sed
2351 2231 2474 2289 vide
2499 2232 2651 2288 illum
2673 2230 2897 2303 quidem
2917 2230 3230 2301 loquentem
3252 2241 3379 2284 cum
3402 2234 3595 2282 aucto-

1966 2327 2147 2392 ritate,
2174 2335 2231 2383 et
2255 2325 2528 2383 dicentem
2557 2324 2679 2381 :An
2706 2339 2894 2396 agrum
2923 2322 3053 2378 tanti
3080 2320 3421 2377 vendidistis.’
3448 2317 3595 2375 hunc

1966 2434 2096 2475 vero
2111 2418 2383 2476 dicentem
2404 2431 2529 2474 cum
2549 2414 2933 2483 submissione,
2953 2413 3101 2470 Certe
3120 2412 3248 2468 tanti
3268 2411 3408 2483 (Act.
3432 2411 3488 2467 5.
3508 2410 3591 2480 8).

1964 2511 2033 2568 Et
2056 2511 2196 2583 quis,
2224 2511 2430 2582 inquit,
2458 2508 2591 2565 mihi
2616 2507 2769 2565 dabit
2795 2516 2854 2563 ut
2882 2506 2987 2562 sim
3013 2506 3155 2561 sicut
3180 2502 3413 2561 Petrus?
3441 2501 3596 2559 Licet

1965 2604 2062 2660 tibi
2099 2618 2222 2660 esse
2260 2603 2403 2659 sicut
2440 2602 2633 2659 Petrus
2656 2643 2673 2670 ,
2701 2600 2749 2656 si
2776 2599 2913 2656 velis
2940 2613 3065 2672 qua:
3106 2597 3276 2654 habes
3304 2595 3545 2667 abjicere
3574 2612 3590 2650 :

1962 2697 2211 2770 disperge
2233 2738 2250 2764 ,
2279 2696 2346 2752 da
2377 2696 2707 2769 pauperibus
2732 2736 2748 2763 ,
2782 2693 3057 2751 Christum
3092 2705 3321 2764 sequere
3346 2732 3362 2759 ,
3394 2697 3451 2745 et
3480 2687 3592 2743 eris

1964 2792 2108 2848 talis.
2137 2788 2461 2860 Quomodo?
2489 2788 2615 2853 ille,
2645 2786 2853 2859 inquit,
2884 2784 3013 2843 fecit
3038 2784 3214 2857 signa.
3247 2783 3434 2840 llocne
3461 2787 3548 2837 est
3570 2822 3588 2844 ,

1972 2890 2062 2948 dic
2089 2902 2297 2963 quaeso,
2319 2885 2466 2961 quod
2490 2886 2711 2944 Petrum
2735 2883 2867 2941 fecit
2885 2882 3284 2951 admirabilem,
3308 2897 3375 2938 an
3400 2880 3595 2938 ﬁducia

1973 2996 2136 3053 quam
2160 2989 2246 3037 est
2268 2988 2637 3051 consequutus
2658 2993 2727 3035 ex
2747 2976 2873 3033 vita:
2898 2973 3277 3032 institutione?
3305 2989 3414 3029 non
3440 2972 3597 3029 audis

1974 3071 2247 3131 Christum
2270 3072 2540 3130 dicentem
2558 3090 2571 3128 :
2592 3070 2769 3128 Nolite
2785 3068 3011 3143 gaudere
3025 3066 3163 3141 quod
3182 3065 3439 3123 dannonia
3459 3066 3598 3121 vobis

1974 3167 2254 3224 obedient.’
2284 3166 2348 3224 Si
2387 3166 2461 3223 vis
2501 3183 2611 3223 esse
2645 3165 2933 3238 perfectus,
2973 3162 3134 3245 vende
3168 3177 3283 3233 qua:
3320 3162 3509 3227 habes,
3550 3171 3599 3216 et

1974 3262 2043 3317 da
2070 3261 2382 3333 pauperibus
2405 3302 2420 3329 ,
2452 3269 2500 3315 et
2543 3259 2750 3315 habebis
2782 3258 3080 3313 thesaurum
3117 3256 3172 3311 in
3207 3255 3347 3312 ratiis
3375 3254 3594 3328 (Matth.

1974 3354 2066 3413 19.
2094 3354 2160 3411 91
2260 3354 2398 3411 Audi
2423 3352 2554 3426 quid
2578 3353 2726 3410 dicat
2753 3352 2949 3409 Petrus
2979 3370 2994 3407 :
3024 3352 3221 3407 Aurum
3250 3360 3297 3405 et
3325 3361 3597 3421 argentum

1973 3464 2078 3503 non
2101 3455 2176 3503 est
2202 3445 2329 3500 mihi
2353 3460 2371 3500 :
2391 3445 2530 3517 quod
2552 3455 2720 3500 autent
2748 3444 2928 3509 habeo,
2953 3442 3049 3498 hoc
3072 3442 3159 3496 tibi
3181 3442 3247 3497 do
3266 3441 3405 3514 (Act.
3432 3443 3486 3499 5.
3514 3443 3595 3510 li).

1972 3539 2030 3598 Si
2054 3540 2175 3612 quis
2200 3538 2364 3596 habet
2382 3554 2573 3594 aurum
2595 3547 2649 3593 et
2669 3546 2975 3608 argentum,
3002 3534 3090 3590 illa
3116 3549 3225 3590 non
3246 3533 3430 3591 habet.
3457 3534 3597 3603 Quid

1974 3646 2108 3689 vero
2131 3674 2148 3702 ,
2178 3632 2390 3705 inquit,
2429 3629 2575 3703 quod
2615 3629 2774 3686 multi
2812 3643 2915 3686 nec
2948 3628 3041 3685 illa
3082 3626 3288 3685 habent
3314 3642 3419 3685 nec
3449 3628 3600 3684 ista?

1972 3724 2110 3796 Quia
2155 3740 2267 3782 non
2309 3731 2506 3795 sponte
2546 3730 2675 3780 sunt
2716 3736 2985 3795 pauperes
3023 3740 3039 3776 :
3077 3720 3406 3793 quicumque
3451 3721 3597 3777 enim

1972 3827 2171 3892 sponte
2197 3826 2325 3874 sunt
2353 3829 2622 3889 pauperes
2642 3857 2659 3884 ,
2692 3814 2896 3873 habent
2919 3814 3103 3871 omnia
3132 3814 3297 3871 bona.
3330 3813 3466 3869 Nam
3497 3815 3597 3870 etsi

1974 3926 2078 3970 nec
2115 3920 2360 3968 mortuos
2396 3925 2501 3968 nec
2535 3908 2755 3968 claudos
2795 3909 3038 3967 excitant
3061 3949 3079 3977 ,
3108 3908 3205 3965 sed
3238 3916 3421 3964 tamen
3450 3908 3597 3981 quod

1973 4012 2060 4062 est
2088 4004 2263 4074 majus
2287 4003 2374 4060 his
2402 4003 2678 4071 omnibus,
2708 4000 2913 4058 habent
2936 4000 3077 4073 apud
3105 4000 3279 4057 Deum
3305 3999 3557 4058 ﬁduciam
3583 4020 3595 4055 :

1975 4096 2196 4155 audient
2220 4096 2314 4155 illo
2337 4097 2428 4154 die
2454 4097 2671 4154 beatam
2697 4096 2845 4153 illam
2872 4109 3087 4164 vocem,
3121 4093 3316 4161 Venite,
3343 4094 3595 4151 benedicti

1980 4190 2154 4247 Patris
2191 4193 2309 4246 mei.
2341 4189 2483 4261 Quid
2521 4199 2607 4247 est
2644 4190 2750 4245 isto
2789 4186 3028 4245 melius?
3060 4186 3331 4244 Possidete
3358 4198 3600 4260 paratum

1971 4284 2113 4340 vobis
2153 4299 2369 4358 regnum
2403 4300 2437 4337 a
2471 4281 2834 4339 constitutione
2869 4280 3073 4338 mundi.
3104 4279 3313 4337 Esurioi
3342 4282 3481 4336 enim
3505 4322 3519 4348 ,
3554 4293 3601 4336 et

1973 4375 2189 4433 dedistis
2226 4375 2353 4431 mihi
2389 4375 2529 4448 quod
2556 4373 2874 4431 comederem
2897 4388 2917 4430 :
2942 4372 3114 4441 sitioi,
3153 4382 3201 4428 et
3231 4371 3444 4428 dedistis
3473 4373 3600 4426 mihi

1972 4469 2110 4542 quod
2146 4469 2367 4527 biberem
2393 4485 2412 4524 :
2443 4469 2628 4542 hospes
2655 4484 2800 4524 eram
2824 4510 2838 4535 ,
2871 4476 2922 4523 et
2963 4483 3043 4523 me
3080 4465 3360 4538 colicgistis
3386 4480 3405 4519 :
3432 4466 3600 4519 nudus

1974 4581 2117 4621 eram
2134 4604 2151 4631 ,
2180 4573 2229 4620 et
2258 4580 2338 4623 me
2360 4561 2604 4619 induistis
2625 4577 2643 4618 :
2664 4561 2903 4633 inﬁrmus
2934 4576 3075 4615 eram
3102 4568 3151 4615 et
3178 4558 3234 4612 in
3270 4573 3475 4613 carcere
3500 4601 3516 4626 ,
3554 4568 3602 4612 et

1974 4674 2055 4713 me
2086 4656 2348 4714 visitastis.
2382 4652 2652 4712 Possidets
2676 4662 2919 4725 paratum
2945 4650 3084 4707 vobis
3110 4665 3328 4722 regnum
3353 4666 3385 4703 α
3411 4651 3601 4705 consti-

1975 4750 2171 4806 tutione
2214 4747 2396 4805 mundi
2434 4746 2676 4821 (Matth.
2718 4745 2810 4804 εδ.
2843 4741 3083 4816 51-36).
3133 4742 3424 4814 Fugiamus
3470 4757 3601 4813 ergo

1974 4844 2257 4900 avaritiam
2286 4851 2337 4899 et
2379 4841 2534 4914 plura
2566 4839 2800 4898 habendi
2828 4838 3181 4911 cupiditatem
3203 4879 3218 4904 ,
3252 4844 3312 4891 ut
3340 4852 3601 4907 assequav

1976 4954 2101 4995 mur
2127 4953 2352 5011 regnum
2380 4937 2639 4995 caelorum
2665 4953 2679 4991 :
2703 4934 3008 4992 nutriamus
3032 4946 3331 5005 pauperes,
3362 4942 3420 4987 ut
3444 4930 3602 4988 Chri-

1976 5043 2121 5091 stum
2151 5034 2474 5101 nutriamus,
2504 5041 2564 5089 ut
2589 5031 2710 5104 ejus
2734 5030 2905 5087 simus
2930 5027 3232 5087 coheredes
3252 5069 3268 5094 ,
3299 5027 3353 5082 in
3380 5025 3603 5083 Christo

1975 5126 2109 5187 Jesu
2142 5128 2371 5184 Domino
2397 5135 2588 5183 nostro
2608 5168 2625 5192 ,
2653 5139 2778 5182 cum
2807 5139 2915 5195 quo
2936 5122 3082 5180 Patri
3110 5120 3385 5192 simulque
3411 5130 3604 5176 sancto

1979 5221 2205 5295 Spiritui
2233 5221 2437 5293 gloria,
2468 5226 2732 5292 potestas,
2761 5216 2985 5286 honor;
3008 5230 3153 5274 nunc
3179 5222 3235 5272 et
3264 5228 3483 5286 semper
3503 5255 3518 5284 ,
3550 5224 3607 5269 et

1977 5318 2032 5375 in
2064 5317 2259 5375 saecula
2290 5314 2634 5373 steculorum.
2668 5312 2867 5374 Amen.
