4060 6402
554 344 657 403 139

1283 352 1338 407 S.
1379 353 1654 413 JOANNIS
1690 350 2165 412 CHRYSOSTOMI
2201 351 2520 411 ARCHIEP.
2560 354 3093 417 CONSTANTINOP.

3700 375 3803 434 HO

1940 544 2281 611 HOMILIA
2324 549 2507 616 XIX.

554 694 685 752 Car.
716 695 805 755 id.
831 709 886 750 ν.
920 691 1006 750 19.
1041 686 1296 745 Habentes
1328 688 1527 765 itaque,
1561 687 1765 758 fratres,
1796 686 2044 757 ﬁduciam
2080 688 2137 743 in

626 787 833 843 introitu
851 792 1144 842 sanctorum
1166 782 1221 837 in
1241 780 1489 853 sanguine
1510 779 1659 848 Iesu,
1678 777 1770 836 20.
1791 796 1948 852 quam
1972 778 2141 836 initia.

626 881 695 935 sit
738 878 881 933 nobis
920 876 1056 932 viam
1098 892 1281 932 novam
1309 885 1357 930 et
1398 874 1638 929 viventem
1665 889 1757 943 per
1781 872 2010 928 velamen
2034 914 2051 941 ,
2080 873 2138 927 id

628 979 723 1039 est,
749 984 950 1025 carnem
976 984 1145 1035 suam,
1173 967 1265 1022 21.
1296 977 1344 1022 et
1368 964 1678 1022 sacerdotem
1708 980 1950 1035 magnum
1983 979 2139 1035 super

622 1062 833 1117 domum
870 1058 974 1115 Dei
997 1078 1017 1115 :
1041 1057 1132 1115 22.
1161 1056 1460 1113 accedam
1487 1072 1600 1111 eum
1624 1071 1741 1111 vero
1766 1056 1917 1112 corde
1941 1056 1996 1111 in
2021 1055 2139 1127 ple-

622 1152 904 1209 nitudinem
947 1151 1070 1222 fidei
1091 1193 1108 1219 ,
1152 1150 1349 1221 aspersi
1374 1150 1532 1204 corda
1556 1165 1589 1203 a
1616 1148 1921 1204 conscientia
1950 1147 2087 1202 mala
2111 1165 2133 1214 ,-

621 1252 668 1299 et
682 1242 843 1299 abluti
860 1258 1047 1316 corpus
1064 1256 1196 1311 aqua
1215 1240 1426 1306 munda,
1443 1237 1536 1296 25.
1554 1247 1811 1294 teneamus
1824 1238 1933 1310 spei
1950 1246 2139 1295 nostra

619 1337 987 1411 confessionem
1015 1332 1447 1390 indeclinabilem.

620 1431 675 1486 1.
708 1428 784 1503 (a)
812 1427 945 1484 Cum
965 1424 1290 1484 ostendisset
1313 1434 1570 1496 quantum
1599 1422 1813 1481 intersit
1830 1422 1973 1480 inter
1999 1437 2135 1495 pou-

549 1522 772 1587 tiileem,
803 1530 858 1577 et
882 1518 1169 1586 sacriﬁcia,
1202 1526 1260 1574 et
1289 1516 1718 1586 tabernaculum,
1759 1525 1815 1573 et
1844 1526 2135 1572 testamen-

549 1626 687 1686 tum,
702 1624 756 1672 et
773 1612 1208 1686 promissionem,
1231 1620 1287 1667 et
1301 1611 1528 1668 multum
1547 1611 1811 1668 interesse
1831 1629 1844 1664 :
1867 1611 2134 1684 siquidem

547 1710 637 1767 illa
667 1709 884 1781 quidem
912 1716 1043 1765 sunt
1065 1706 1384 1779 temporalia
1404 1746 1420 1773 ,
1460 1705 1580 1763 hac
1605 1720 1735 1763 vero
1773 1714 2010 1773 aeterna;
2044 1705 2134 1763 illa

546 1801 764 1873 quidem
802 1816 971 1874 prope
1015 1799 1293 1856 interitum
1314 1839 1331 1865 ,
1372 1796 1489 1854 hate
1523 1812 1653 1853 vero
1682 1799 1952 1853 manentia
1983 1814 1999 1865 ;
2043 1797 2133 1854 illa

547 1892 818 1951 imbecilla
839 1935 856 1961 ,
897 1893 1015 1948 haec
1041 1889 1317 1963 perlecta;
1360 1888 1451 1944 illa
1488 1896 1647 1960 typus
1683 1903 1747 1944 ac
1775 1888 1942 1959 ﬁgura
1965 1930 1983 1957 ,
2016 1887 2135 1945 hzee

545 1988 744 2044 veritas
776 2002 793 2046 :
827 1985 949 2042 Non
979 1985 1123 2043 enim
1144 1984 1421 2041 secundum
1445 1984 1604 2055 legem
1625 1984 1887 2052 mandati,
1924 1985 2130 2057 inquit,

542 2081 786 2150 carnalis,
831 2081 922 2135 sed
962 2077 1238 2134 secundum
1282 2078 1517 2133 virtutem
1557 2078 1674 2132 vita
1708 2076 2043 2144 insolubilis;
2079 2087 2136 2136 et

539 2188 730 2230 rursus
752 2213 770 2242 ,
809 2169 894 2227 Tu
924 2187 979 2226 es
1005 2168 1245 2226 sacerdos
1279 2169 1336 2224 in
1366 2177 1608 2224 internum
1646 2166 1853 2242 (Hebr.
1882 2170 1936 2225 7.
1967 2170 2055 2227 16.
2086 2180 2133 2226 et

538 2265 595 2323 li.
625 2263 697 2336 6)
729 2266 898 2336 (ecce
925 2261 1226 2319 sacerdotis
1253 2260 1697 2333 perpetuitatem)
1724 2279 1739 2316 :
1766 2272 1822 2318 et
1848 2261 1918 2318 de
1946 2261 2134 2320 Testa-

538 2366 749 2425 mento,
774 2355 932 2423 Illud,
953 2354 1145 2426 inquit,
1166 2362 1251 2411 est
1269 2360 1463 2410 vetus:
1496 2352 1646 2419 Quod
1672 2354 1813 2409 enim
1839 2354 2134 2426 antiquatur

539 2459 589 2505 et
607 2448 839 2515 senescit,
864 2463 1024 2519 prope
1046 2446 1304 2501 interitum
1331 2454 1405 2501 est
1444 2444 1706 2518 (Hebr.8.
1736 2446 1827 2518 15)
1857 2464 1870 2500 :
1894 2446 1998 2502 hoc
2028 2461 2130 2503 an-

537 2551 649 2598 tem
677 2556 874 2597 novum
896 2549 951 2598 et
974 2538 1181 2596 habens
1196 2538 1566 2597 remissionem
1590 2548 1934 2611 peccatorum
1958 2559 1973 2607 ;
1996 2541 2128 2599 illud

537 2649 668 2692 vero
697 2632 833 2691 nihil
865 2633 969 2690 tale
996 2649 1013 2690 :
1043 2630 1197 2687 Nihil
1237 2632 1372 2688 enim
1410 2632 1494 2687 lea:
1519 2632 1733 2688 adduxit
1757 2635 1828 2687 ad
1851 2636 2128 2705 perfectum

536 2729 725 2801 (Hebr.
752 2728 807 2783 7.
840 2727 955 2798 19),
984 2726 1157 2798 inquit
1184 2743 1200 2795 ;
1230 2734 1286 2783 et
1309 2739 1520 2792 rursus,
1548 2724 1875 2794 Sacriﬁcium
1904 2736 1951 2781 et
1980 2726 2125 2781 obla-

544 2821 732 2877 tionem
760 2820 1010 2875 noluisti:
1030 2818 1159 2877 illud
1184 2818 1401 2892 quidem
1422 2815 1805 2885 manulactum,
1824 2816 1927 2871 hoc
1951 2824 2130 2872 autem

543 2929 655 2971 non
684 2913 1086 2983 manulaetum;
1112 2911 1243 2970 illud
1262 2911 1468 2970 habens
1490 2912 1807 2984 sanguinem
1829 2908 2128 2977 hircorum,

536 3002 645 3059 hoc
668 3018 799 3059 vero
826 3001 1069 3069 Domini;
1094 3001 1226 3056 illud
1254 3007 1492 3057 stantem
1515 2998 1877 3062 sacerdotem,
1912 2996 2015 3053 hoc
2039 3010 2129 3054 so-

539 3094 779 3151 dentem.
798 3091 1067 3160 Quoniam
1088 3105 1221 3163 ergo
1241 3091 1425 3146 omnia
1442 3089 1535 3145 illa
1556 3087 1792 3150 minora.
1817 3086 1933 3144 haec
1950 3099 2131 3146 autem

540 3186 775 3259 majora,
788 3192 1073 3257 propterea
1089 3183 1244 3249 dicit,
1265 3181 1531 3237 Habentes
1549 3182 1745 3251 itaque,
1759 3180 1973 3251 fratres,
1992 3184 2131 3252 βαι.

540 3278 703 3332 ciam.
735 3273 1018 3330 Fiduciam
1043 3272 1359 3330 undenam?
1385 3270 1430 3326 Δ
1454 3270 1798 3330 remissione.
1828 3269 1982 3327 Sicut
1998 3287 2136 3344 pec.

540 3377 685 3436 cata,
700 3368 898 3440 inquit,
913 3366 1153 3425 efﬁciunt
1171 3375 1225 3424 et
1239 3364 1474 3423 alterunt
1487 3365 1770 3439 pudorem,
1788 3364 1861 3420 ita
1880 3364 2133 3421 ﬁduciam

543 3464 704 3522 allert
719 3474 774 3521 et
788 3462 954 3520 elﬁclt
968 3462 1114 3535 quod
1134 3461 1317 3518 omnia
1344 3461 1457 3518 sint
1484 3461 1644 3518 nobis
1671 3459 1937 3517 remissa:
1958 3474 2137 3532 neque

543 3557 651 3614 hoc
668 3564 903 3624 tantum,
915 3556 1009 3612 sed
1025 3554 1169 3627 quod
1181 3553 1310 3610 iacti
1322 3555 1501 3611 simus
1516 3552 1909 3620 cohaeredes,et
1922 3560 2135 3606 tantam

552 3647 728 3703 simus
743 3648 983 3704 assecuti
1002 3641 1414 3703 charilatem.ln
1429 3643 1652 3699 introitu
1662 3638 2137 3707 sanctorum.Quid

554 3734 647 3788 hic
671 3732 802 3788 dicit
825 3730 1146 3788 introitum?
1172 3729 1375 3786 Caelum
1401 3737 1459 3786 et
1484 3727 1852 3787 accessionem
1879 3725 1948 3783 ad
1978 3725 2140 3797 spiri-

556 3825 744 3883 tualia.
776 3822 947 3893 Quam
964 3824 1200 3881 initiavit.
1230 3823 1346 3881 Hoc
1370 3830 1474 3889 est,
1498 3836 1657 3894 quam
1683 3820 2005 3887 construxit,
2032 3826 2088 3876 et
2111 3832 2142 3874 a

556 3934 665 3993 qua
710 3918 914 3991 incepit
958 3935 973 3974 :
1018 3914 1248 3975 initiatio
1285 3917 1429 3972 enim
1468 3924 1553 3973 est
1594 3913 1707 3985 jam
1753 3914 1962 3971 initium
1991 3926 2140 3968 usus.

556 4014 730 4085 Quam
756 4009 1079 4077 construxit,
1102 4009 1295 4081 inquit,
1312 4015 1368 4065 et
1390 4022 1487 4079 per
1504 4020 1664 4078 quam
1686 4004 1802 4077 ipse
1828 4014 1914 4061 est
1942 4004 2146 4076 ingres-

560 4124 673 4165 sus.
718 4105 866 4161 Viam
901 4118 1084 4161 novam
1110 4112 1160 4159 et
1189 4103 1450 4158 viventem.
1481 4100 1581 4157 Hic
1607 4098 1845 4156 ostendit
1883 4097 1998 4170 spei
2028 4097 2139 4169 ple-

561 4197 883 4254 nitudinem.
917 4194 1140 4260 Novam,
1171 4191 1369 4264 inquit.
1398 4189 1692 4247 Contendit
1717 4188 2004 4247 ostendere
2044 4202 2147 4245 nos

560 4288 744 4345 omnia
782 4286 1035 4343 habuisse
1066 4283 1267 4355 majora
1290 4324 1308 4351 ,
1338 4281 1603 4353 siquidem
1632 4295 1775 4338 nunc
1802 4290 2001 4351 aperta:
2024 4286 2149 4336 sunt

562 4390 729 4454 porta:
745 4379 1028 4444 etelorum,
1052 4375 1193 4447 quod
1216 4389 1317 4431 nec
1341 4373 1633 4429 Abrahami
1657 4371 1875 4445 quidem
1906 4379 2149 4443 tempore

562 4471 805 4543 contigit.
832 4470 899 4526 Et
917 4479 1064 4526 recte
1088 4468 1238 4535 dicit,
1274 4464 1421 4521 Viam
1439 4481 1622 4520 novam
1641 4475 1689 4519 et
1710 4466 1955 4520 viventem
1980 4481 2001 4520 :
2025 4480 2147 4525 nam

563 4566 737 4638 prima
764 4564 849 4618 via
869 4571 987 4619 erat
1015 4561 1227 4625 mortis,
1243 4558 1449 4615 ducens
1474 4558 1544 4614 ad
1572 4557 1797 4624 inferos,
1830 4558 1943 4614 Inec
1967 4566 2148 4613 autem

564 4660 710 4715 vita.
749 4656 819 4714 Et
847 4669 954 4710 non
986 4652 1119 4709 dixit
1144 4692 1160 4718 ,
1180 4650 1319 4708 Vita:
1339 4690 1355 4719 ,
1378 4652 1474 4706 sed
1504 4665 1622 4706 eam
1649 4650 1937 4723 appellavit
1960 4650 2148 4706 viven-

565 4760 673 4809 tem
702 4791 718 4818 ,
750 4750 855 4804 hoc
882 4754 966 4803 est
994 4752 1324 4800 manentem.
1370 4743 1477 4799 Per
1513 4743 1774 4813 velamen,
1816 4742 2019 4813 inquit,
2059 4758 2150 4813 per

565 4856 769 4899 cantem
793 4854 960 4894 suam.
994 4834 1114 4907 Ipsa
1144 4835 1288 4891 enim
1314 4850 1443 4891 caro
1469 4834 1518 4891 ei
1542 4836 1709 4907 prima
1731 4834 1878 4891 illam
1898 4834 2037 4891 viam
2065 4848 2150 4895 se-

566 4934 697 5001 cuit,
726 4945 885 5003 quam
922 4928 1084 4985 etiam
1114 4926 1353 4984 initiasse
1376 4926 1543 4992 dicit,
1570 4926 1712 5000 quod
1736 4938 1790 4983 et
1820 4928 1934 4998 ipse
1956 4926 2147 5000 digna-

567 5035 719 5083 retur
748 5038 844 5094 per
870 5020 1017 5077 illam
1046 5018 1272 5091 ingredi.
1314 5018 1571 5075 Velamen
1602 5026 1777 5075 autem
1810 5019 2001 5076 merito
2023 5033 2147 5076 car-

560 5130 683 5174 nem
720 5116 936 5173 vocavit
967 5134 983 5173 :
1018 5115 1236 5189 quando
1275 5116 1420 5174 enim
1462 5115 1707 5173 sublatus
1733 5116 1831 5172 iuit
1858 5117 1909 5171 in
1940 5117 2105 5172 altum
2126 5157 2142 5183 ,

556 5215 692 5264 tunc
713 5216 1081 5280 apparuerunt
1116 5224 1180 5265 ea
1206 5225 1326 5282 quas
1361 5218 1488 5265 sunt
1516 5209 1569 5263 in
1596 5208 1763 5265 cmlis.
1810 5210 2144 5276 .tccedamus,

562 5301 757 5374 inquit,
786 5316 903 5356 cum
928 5318 1047 5358 vero
1072 5301 1243 5359 corde.
1272 5284 1499 5370 Quinam
1530 5295 1850 5358 accedamus
1881 5302 1906 5357 ?
1944 5300 1999 5359 Si
2025 5302 2148 5373 quis

562 5401 779 5453 sanctus
802 5391 912 5451 ﬁde
934 5404 991 5452 et
1016 5395 1277 5467 spirituali
1307 5396 1641 5453 adoratione.
1675 5394 1803 5452 Cum
1828 5412 1942 5453 vero
1971 5398 2143 5465 corde,

563 5486 620 5541 in
645 5485 965 5556 plenitudine
990 5486 1117 5557 ﬁdei
1134 5502 1156 5553 ,'
1183 5487 1237 5543 id
1262 5496 1365 5556 est,
1397 5486 1652 5560 quoniam
1680 5487 1814 5543 nihil
1838 5496 1923 5544 est
1952 5488 2148 5559 adspe-

563 5578 759 5636 rtabile
779 5618 796 5648 ,
827 5592 1003 5651 neque
1042 5579 1295 5636 sacerdos
1318 5620 1335 5649 ,
1374 5594 1548 5652 neque
1585 5578 1903 5636 sacriﬁcium
1925 5620 1941 5649 ,
1971 5595 2147 5653 neque

627 5734 702 5798 (a)
727 5730 903 5785 Totum
925 5730 1115 5800 initium
1138 5730 1462 5800 magnamitue
1485 5738 1675 5800 partem
1704 5734 1914 5789 humilia:
1935 5712 2146 5793 decima

557 5792 699 5849 nonde
722 5794 1047 5861 praemittit
1068 5792 1204 5847 Colb.

2234 700 2428 758 altare.
2458 702 2793 774 Quamquam
2820 717 2922 760 nec
2950 701 3041 760 ille
3065 702 3284 775 quidem
3310 703 3566 760 sacerdos
3586 712 3704 759 erat
3731 705 3833 757 ad-

2234 795 2577 867 spectahilis,
2614 794 2710 851 sed
2749 793 2866 866 ipse
2893 792 3075 851 stabat
3118 796 3301 862 intus,
3342 795 3420 850 illi
3466 803 3647 850 autem
3676 804 3832 850 extra

2234 899 2457 955 omnes,
2490 901 2685 958 nempe
2715 895 2860 943 totus
2888 885 3135 957 populus.
3170 885 3269 943 llic
3304 895 3485 942 autem
3513 901 3621 941 non
3646 886 3828 941 solum

2235 980 2340 1037 hoc
2363 982 2620 1046 ostendit,
2645 980 2789 1052 quod
2814 979 3071 1036 sacerdos
3092 979 3376 1036 intraverit
3396 981 3449 1036 in
3472 991 3655 1036 sancta
3683 997 3700 1045 ;
3726 978 3832 1036 hoe

2234 1068 2380 1131 enim
2419 1070 2660 1128 declarat
2696 1070 2918 1138 dicens,
2962 1067 3034 1124 Et
3068 1071 3381 1125 sacerdotem
3406 1087 3648 1143 magnum
3674 1085 3833 1141 super

2233 1162 2442 1221 domum
2466 1164 2600 1229 Dei;
2634 1163 2729 1221 sed
2752 1164 3004 1235 quoniam
3028 1176 3127 1219 nos
3149 1178 3365 1235 quoque
3392 1163 3675 1219 intramus.
3698 1161 3833 1218 Pro-

2233 1265 2442 1328 pterea,
2475 1256 2665 1328 inquit,
2696 1254 2763 1310 In
2786 1255 3104 1326 plenitudine
3124 1255 3265 1325 fidei.
3290 1254 3435 1312 Fieri
3470 1257 3613 1312 enim
3651 1266 3832 1326 potest

2230 1357 2294 1407 ut
2330 1352 2491 1407 etiam
2536 1349 2722 1406 credat
2749 1347 2942 1420 aliquis
2980 1345 3279 1403 dubitans:
3318 1356 3376 1402 ut
3404 1347 3555 1403 multi
3587 1358 3711 1402 sunt
3738 1348 3831 1419 qui

2232 1443 2393 1501 etiam
2412 1457 2553 1501 nunc
2568 1441 2773 1507 dicunt,
2796 1440 3180 1497 nonnullorum
3206 1454 3327 1497 esse
3349 1442 3829 1509 resurrectionem,

2232 1536 2611 1592 nonnullorum
2639 1544 2822 1591 autem
2850 1548 2957 1591 non
2988 1549 3129 1590 esse.
3161 1532 3271 1589 lloc
3299 1547 3404 1588 non
3431 1544 3513 1589 est
3545 1533 3667 1590 ﬁdei
3711 1537 3830 1607 pic-

2230 1626 2418 1684 nitudo
2442 1645 2454 1681 :
2478 1628 2550 1683 ita
2575 1626 2720 1683 enim
2743 1635 2955 1699 oportet
2975 1626 3222 1693 credere,
3254 1636 3310 1681 ut
3332 1625 3401 1683 de
3427 1627 3750 1695 visibilibus,
3775 1638 3833 1684 et

2234 1720 2406 1776 multo
2439 1719 2693 1790 amplius.
2719 1717 2855 1774 Nam
2890 1718 2980 1773 hic
3005 1716 3228 1790 quidem
3269 1717 3439 1772 errari
3472 1728 3649 1788 potest
3676 1720 3729 1774 in
3763 1722 3832 1777 iis

2229 1829 2350 1887 qua:
2395 1812 2666 1881 videntur,
2708 1811 2822 1869 illic
2859 1823 3037 1868 autem
3078 1825 3419 1882 nequaquam
3450 1830 3463 1866 :
3496 1812 3581 1867 ltic
3608 1812 3829 1884 quidem

2229 1906 2415 1965 sensui
2445 1906 2834 1978 permittimus,
2866 1904 2976 1961 illic
3004 1919 3137 1961 vero
3163 1903 3401 1975 spiritui.
3432 1904 3640 1973 Aspersi
3668 1908 3831 1961 corda

2228 2016 2262 2055 a
2295 1998 2604 2055 conscientia
2642 1996 2801 2054 mala.
2830 1995 3077 2053 Ostendit
3106 1994 3216 2062 hic,
3248 1994 3392 2068 quod
3420 2011 3526 2050 non
3557 1996 3735 2052 solum
3766 1998 3831 2052 li-

2228 2089 2344 2159 des,
2379 2090 2478 2148 sed
2522 2090 2630 2147 vita
2666 2104 2883 2161 quoque
2910 2101 3032 2144 cum
3074 2088 3276 2144 virtute
3317 2089 3598 2159 qumritur,
3638 2098 3695 2145 et
3723 2089 3830 2146 sibi

2230 2183 2433 2241 nullius
2472 2182 2553 2241 rei
2599 2181 2757 2239 mala:
2790 2195 2914 2239 esse
2954 2180 3252 2237 conscium.
3294 2178 3416 2236 Non
3454 2180 3600 2236 enim
3639 2191 3830 2239 sancta

2227 2277 2526 2349 suscipiunt
2558 2290 2655 2332 eos
2682 2273 2775 2347 qui
2810 2288 2920 2329 non
2950 2280 3077 2329 sunt
3111 2272 3193 2329 sic
3216 2270 3393 2329 aﬂ'ecti
3423 2287 3546 2329 cum
3587 2273 3829 2345 plenitu~

2227 2368 2396 2427 dine:
2437 2378 2563 2425 sunt
2596 2368 2744 2425 enim
2790 2374 2977 2423 sancta
3018 2372 3075 2422 et
3116 2373 3303 2421 sancta
3347 2372 3682 2422 sanctorum.
3725 2365 3830 2425 Hie

2230 2476 2362 2536 ergo
2405 2460 2568 2518 homo
2612 2458 2793 2515 nullus
2837 2457 3004 2513 intrat
3044 2454 3323 2528 profanus.
3368 2455 3452 2511 illi
3492 2455 3546 2511 in
3595 2471 3830 2529 corpore

2226 2553 2673 2626 aspergebantur,
2704 2565 2805 2607 nos
2830 2550 2885 2606 in
2911 2548 3029 2621 ipsa
3053 2548 3386 2605 conscientia
3422 2565 3436 2603 :
3468 2549 3825 2622 quamobrem

2227 2660 2372 2702 nunc
2419 2658 2636 2717 quoque
2684 2642 2810 2698 licet
2861 2641 2975 2713 ipsa
3032 2640 3249 2713 aspergi
3303 2641 3525 2697 virtute.
3558 2640 3626 2696 Et
3660 2641 3829 2698 abluti

2226 2754 2413 2810 corpus
2436 2753 2571 2809 aqua
2591 2735 2801 2791 munda.
2822 2732 3121 2790 Lavacrum
3142 2733 3272 2789 dicit
3292 2747 3399 2789 non
3429 2733 3571 2805 quod
3602 2734 3831 2793 mundat

2227 2845 2478 2902 corpora,
2513 2826 2608 2885 sed
2651 2826 2907 2882 animam.
2936 2822 3135 2880 Fidelis
3171 2824 3306 2880 enim
3336 2834 3413 2879 est
3444 2825 3533 2896 qui
3569 2827 3830 2897 promisit.

2229 2922 2495 2994 Quidnam
2546 2934 2677 2977 vero
2729 2915 3057 2991 promittens
3104 2924 3190 2972 est
3233 2915 3463 2973 ﬁdelis?
3509 2915 3665 2986 Quod
3712 2916 3830 2974 illic

2224 3026 2440 3090 oportet
2456 3016 2741 3083 decedere,
2758 3023 2816 3073 et
2829 3030 3053 3088 regnum
3069 3013 3292 3072 intrare.
3309 3012 3453 3070 Nihil
3472 3026 3603 3084 ergo
3615 3013 3836 3071 curiose

2232 3120 2497 3177 scrutare,
2515 3124 2694 3181 neque
2711 3108 2949 3166 rationes
2969 3107 3123 3179 exige
3147 3123 3163 3162 :
3192 3120 3279 3163 res
3304 3113 3505 3161 nostra:
3525 3114 3684 3174 egent
3703 3103 3831 3161 nde.

2230 3201 2324 3258 24.
2356 3201 2417 3257 Et
2443 3202 2838 3267 consideremus,
2871 3199 3062 3272 inquit,
3094 3198 3309 3253 invicem
3337 3198 3391 3252 in
3417 3197 3839 3268 provocationem

2234 3293 2464 3348 caritatis
2489 3302 2539 3348 et
2567 3292 2812 3347 bonorum
2838 3306 3084 3361 operum,
3109 3288 3204 3346 25.
3237 3305 3339 3344 non
3366 3288 3653 3345 deserentes
3677 3287 3837 3343 celle-

2234 3385 2448 3439 ctionern
2486 3392 2747 3449 nostram,
2790 3382 2920 3437 sicut
2958 3380 3344 3436 consuetudinis
3386 3387 3461 3435 est
3501 3377 3836 3451 quibusdam,

2234 3475 2323 3532 sed
2351 3477 2689 3542 consolantes,
2722 3483 2769 3530 et
2794 3482 2936 3528 tanto
2966 3473 3150 3545 magis,
3176 3470 3616 3543 quantoxideritis
3644 3486 3809 3542 appro
3824 3501 3839 3512 -

2236 3568 2566 3637 pinquantem
2606 3565 2761 3620 diem.
2813 3562 2884 3619 Et
2928 3577 3117 3619 rursus
3162 3560 3292 3616 alibi
3341 3561 3473 3618 dicit
3515 3579 3534 3617 :
3577 3559 3843 3617 Dominus

2239 3674 2397 3729 prope
2416 3668 2486 3713 est
2506 3672 2525 3712 :
2547 3656 2679 3711 nihil
2704 3654 2912 3712 solliciti
2938 3654 3051 3709 εειεε
3081 3651 3352 3726 (Philipp.
3386 3653 3440 3709 t.
3473 3652 3529 3710 δ.
3556 3652 3647 3725 6).
3680 3650 3844 3708 Nunc

2237 3749 2372 3803 enim
2409 3748 2741 3819 propinquior
2773 3754 2851 3801 est
2888 3754 3062 3801 nostra
3084 3745 3227 3801 salus
3244 3761 3266 3812 ;
3293 3753 3347 3801 et
3368 3758 3579 3813 rursus,
3611 3742 3846 3817 Tempus

2238 3838 2383 3894 breve
2409 3849 2481 3894 est
2504 3839 2583 3911 (l.
2605 3837 2728 3895 Cor.
2753 3838 2807 3893 7.
2829 3836 2946 3907 29).
2979 3835 3119 3904 Quid
3139 3846 3248 3901 est,
3269 3834 3392 3891 Non
3413 3836 3696 3898 deserentes
3715 3852 3846 3893 con-

2237 3932 2582 4004 gregationem
2616 3927 2893 3985 nostram?
2928 3928 3088 3984 Novit
3114 3942 3179 3984 ex
3210 3937 3489 3984 conventu
3518 3937 3572 3984 et
3603 3944 3669 3984 ex
3701 3943 3847 3985 eon-

2239 4021 2554 4095 gregatione
2580 4020 2805 4077 multam
2834 4032 2957 4076 esse
2982 4019 3113 4074 vim.
3149 4015 3248 4075 Ubi
3277 4017 3414 4073 enim
3435 4028 3554 4074 sunt
3573 4061 3590 4086 ,
3623 4018 3800 4092 inquit
3824 4062 3843 4088 ,

2240 4115 2344 4171 duo
2372 4124 2462 4169 aut
2512 4123 2614 4169 tres
2651 4111 2940 4183 congregati
2983 4111 3039 4165 in
3068 4110 3281 4165 nomine
3312 4126 3461 4176 meo,
3499 4111 3607 4166 illic
3644 4127 3759 4166 sum
3787 4112 3850 4167 in

2241 4207 2409 4264 medio
2433 4222 2606 4262 eorum
2632 4202 2847 4280 (Matth.
2866 4203 2957 4259 18.
2977 4201 3072 4275 2ο)
3097 4218 3113 4270 ;
3136 4211 3193 4259 et
3220 4217 3428 4269 rursus,
3450 4200 3518 4258 Ut
3537 4203 3639 4257 sint
3658 4218 3845 4269 mutu,

2244 4311 2299 4360 ut
2327 4309 2375 4357 et
2399 4316 2491 4357 nos
2513 4316 2672 4355 unum
2700 4313 2877 4354 sumus
2901 4294 3081 4369 (Joan.
3108 4295 3199 4352 17.
3232 4295 3321 4367 11)
3345 4311 3360 4361 ;
3389 4304 3445 4351 et
3473 4296 3690 4362 iterum,
3716 4294 3850 4351 0m-

2244 4396 2383 4450 nium
2423 4401 2533 4447 erat
2565 4392 2738 4446 anima
2770 4405 2873 4444 una
2899 4431 2913 4456 ,
2946 4397 2993 4443 et
3017 4402 3107 4443 eor
3132 4403 3294 4441 unum
3323 4386 3462 4458 (Act.
3495 4388 3551 4443 ι.
3580 4386 3699 4459 52).
3722 4385 3850 4446 Non

2243 4489 2346 4545 hoc
2372 4496 2551 4543 autem
2579 4486 2793 4550 solum,
2827 4480 2925 4539 sed
2963 4480 3127 4538 etiam
3167 4478 3311 4552 quod
3351 4489 3611 4552 augeatur
3645 4482 3853 4540 caritas

2242 4596 2341 4653 per
2366 4577 2843 4651 congregationem
2876 4590 2893 4629 :
2922 4572 2970 4629 si
3000 4583 3264 4644 augeatur
3286 4581 3468 4630 autem
3496 4573 3719 4640 caritas,
3748 4589 3853 4632 ne-

2243 4688 2395 4731 cesse
2422 4682 2505 4730 est
2546 4681 2603 4727 ut
2642 4670 2812 4727 etiam
2840 4674 3140 4737 augeantur
3166 4680 3288 4736 quia
3312 4675 3439 4722 sunt
3481 4665 3602 4723 Dei.
3638 4665 3849 4737 Oratio,

2244 4766 2434 4837 inquit,
2463 4763 2616 4835 ﬁebat
2643 4760 2753 4817 sine
2778 4754 3152 4814 intermissione
3177 4772 3210 4810 ιι
3234 4754 3429 4828 populo
3455 4756 3597 4828 (Act.
3639 4756 3729 4813 12.
3760 4756 3850 4831 5).

2251 4859 2400 4916 Sicut
2436 4853 2817 4913 consuetudinis
2844 4860 2917 4907 est
2939 4848 3267 4922 quibusdam.
3297 4849 3397 4910 llic
3422 4866 3528 4906 non
3558 4849 3735 4907 solum
3763 4862 3855 4910 est

2246 4953 2526 5023 hortatus,
2575 4946 2671 5005 sed
2714 4947 2878 5003 etiam
2930 4941 3302 5017 reprehendit.
3354 4941 3422 4999 Et
3463 4945 3851 5006 consideremus

2244 5049 2455 5103 invicem
2482 5045 2536 5099 in
2570 5042 2981 5115 provocationem
3005 5037 3237 5093 caritatis
3261 5046 3309 5092 et
3335 5035 3583 5092 bonorum
3611 5055 3852 5111 operum.

2245 5138 2402 5194 Novit
2419 5136 2523 5192 hoc
2544 5146 2758 5207 quoque
2783 5128 2897 5187 ﬁeri
2927 5129 2997 5186 ab
3020 5142 3208 5185 eorum
3234 5128 3673 5201 congregatione.
3696 5130 3859 5190 Sicut

2244 5231 2388 5286 enim
2417 5228 2620 5285 ierrum
2652 5223 2855 5281 ferrum
2879 5222 3047 5289 acuit,
3071 5220 3147 5299 ita
3176 5218 3340 5277 etiam
3367 5231 3665 5278 conventus
3690 5237 3860 5296 anget

2245 5326 2552 5383 caritatem.
2586 5319 2719 5377 Nam
2752 5320 2799 5376 si
2826 5317 2965 5389 lapis
2987 5316 3153 5394 lapidi
3181 5315 3402 5371 attritus
3430 5316 3607 5386 ignem
3629 5320 3859 5389 emittit,

2253 5427 2456 5489 quanto
2484 5413 2656 5487 magis
2676 5412 2853 5467 attima
2875 5409 3071 5464 animae
3092 5407 3364 5463 admixta?
3384 5406 3537 5476 Vide,
3560 5423 3669 5465 non
3696 5409 3859 5479 dicit,

2247 5514 2329 5570 Ad
2344 5509 2772 5575 aemulationem,
2786 5502 2903 5571 sed,
2919 5502 3001 5558 Ad
3016 5501 3423 5573 provocationem
3438 5502 3691 5557 caritatis.
3711 5504 3859 5573 Quid

2247 5611 2351 5670 est,
2384 5603 2466 5658 Ad
2494 5599 2903 5673 provocationem
2928 5594 3163 5651 caritatis
3186 5593 3213 5648 Ρ
3240 5592 3314 5652 Ut
3343 5592 3515 5667 magis
3551 5594 3777 5667 diligant
3798 5608 3864 5655 es

2249 5697 2563 5768 diligantur.
2610 5692 2802 5760 Addit,
2839 5689 2908 5746 Et
2951 5689 3202 5745 bonorum
3251 5705 3497 5759 operum,
3540 5700 3597 5746 ut
3638 5691 3864 5765 capiant

2250 5789 2651 5849 aemulationem
2679 5802 2695 5856 ;
2738 5784 2953 5843 merito.
2984 5781 3043 5841 Si
3068 5782 3213 5841 enim
3245 5782 3425 5841 lacere
3452 5784 3717 5855 majorem
3747 5786 3861 5844 vim
