4060 6402
176 393 271 452 ιιι

165 513 327 572 habet
365 508 435 567 ad
460 504 789 573 docendum,
818 514 981 575 quam
1006 496 1192 554 dicere
1231 511 1245 549 :
1278 490 1479 548 multos
1514 502 1613 543 vos
1646 500 1774 556 quo-

160 623 270 681 que
318 602 530 662 habetis
564 600 819 657 doctores
867 596 922 651 in
967 587 1318 648 multitudine
1362 585 1470 640 hoc
1507 581 1771 681 facientes

161 670 261 772 per
286 712 475 771 opera.
504 692 643 762 Quid
665 690 783 757 est,
800 684 1118 743 Accedamus
1145 697 1262 736 cum
1292 694 1409 772 vero
1428 676 1583 772 corde
1607 672 1633 727 .’
1656 670 1771 772 line

159 764 267 860 est,
303 764 509 860 absque
549 780 827 856 hypocrisi
856 787 914 835 et
940 774 1313 833 simulatione.
1368 767 1458 823 Va:
1483 764 1769 860 enim,in_-

159 858 298 957 quit,
345 858 494 937 cordi
541 876 743 940 timido,
775 883 822 928 et
851 869 1087 927 manibus
1134 863 1396 921 dissolutis
1423 878 1503 957 ac
1543 858 1771 957 remissis

159 949 435 1049 (sectas.
463 969 843 1044 ﬂ).Nullum,
889 962 1085 1037 inquit,
1130 960 1204 1017 sit
1245 958 1300 1013 in
1348 954 1506 1011 nobis
1543 949 1772 1049 menda-

156 1046 302 1127 cium
328 1086 343 1123 :
373 1082 441 1124 ne
460 1065 567 1120 alia
585 1061 804 1135 quidem
834 1057 1105 1122 dicamus,
1136 1053 1240 1108 alia
1261 1064 1395 1106 vero
1422 1046 1765 1109 sentiamus;

156 1162 264 1218 hoc
294 1169 378 1218 est
406 1158 554 1216 enim
591 1152 936 1210 mendacium
967 1165 981 1203 :
1013 1160 1189 1218 neque
1220 1144 1392 1199 simus
1430 1139 1608 1211 pusilli
1650 1136 1769 1190 ani-

153 1256 229 1313 mi
256 1274 272 1321 ;
309 1255 415 1310 hoc
439 1250 586 1308 enim
632 1262 738 1303 non
767 1253 853 1301 est
881 1241 993 1298 veri
1038 1237 1220 1296 cordis
1246 1278 1262 1303 ,
1295 1250 1361 1292 ex
1390 1247 1457 1290 eo
1486 1228 1629 1303 quoxl
1660 1241 1767 1282 non

151 1320 447 1407 credamus
475 1343 710 1401 eilieitur
754 1348 817 1395 ut
856 1340 1029 1392 simus
1058 1330 1243 1405 pusilli
1266 1325 1453 1385 animi.
1483 1320 1768 1393 Quomodo

152 1451 340 1499 autem
368 1440 474 1495 hoc
518 1435 675 1494 erit?
704 1432 762 1491 Si
798 1430 955 1486 nobis
1000 1436 1151 1484 certo
1202 1419 1622 1497 persuadeamus
1666 1429 1769 1487 per

152 1535 341 1593 ﬁdem.
403 1529 617 1601 Aspersi
658 1527 838 1582 corda.
864 1523 978 1579 Cur
1018 1535 1127 1576 non
1154 1517 1311 1580 dixit,
1336 1511 1598 1578 Mundati,
1645 1507 1765 1577 sed,

152 1628 368 1700 Aspersi
388 1627 415 1682 l
446 1624 646 1681 Veiens
674 1616 967 1675 ostendere
1014 1609 1375 1669 differentiam
1412 1618 1603 1700 eorum
1645 1613 1770 1671 qua:

150 1696 451 1794 aspergunt
471 1758 487 1781 ,
518 1716 749 1772 alterum
780 1708 998 1780 quidem
1036 1704 1167 1761 dicit
1192 1716 1314 1759 esse
1347 1699 1439 1754 Dei
1466 1738 1485 1762 ,
1534 1696 1766 1750 alterum

151 1829 287 1871 vero
316 1822 585 1868 noswum.
620 1805 859 1863 Abluere
884 1801 1031 1858 enim
1072 1794 1462 1855 conscientiam
1492 1800 1547 1847 et
1573 1803 1765 1861 asper-

150 1921 302 1979 gere,
348 1912 434 1960 est
477 1899 613 1967 Dei;
656 1898 710 1953 in
748 1894 980 1952 veritate
1021 1901 1202 1947 autem
1249 1885 1511 1943 accedere
1549 1892 1605 1938 et
1641 1895 1767 1937 cum

148 2010 303 2056 certa
329 2012 395 2053 ac
430 1995 588 2067 plena
620 2006 717 2062 per
746 1987 908 2044 fidem
943 1983 1295 2057 persuasione
1318 2021 1334 2047 ,
1365 1986 1453 2035 est
1492 1984 1763 2067 nostrum.

151 2091 362 2149 Deinde
397 2063 562 2144 etiam
597 2083 719 2139 fidei
746 2081 839 2137 dat
870 2078 1127 2133 virtutem
1154 2088 1223 2129 ex
1252 2072 1481 2128 veritate
1518 2067 1637 2138 ejus
1675 2063 1767 2137 qui

151 2182 424 2256 promisit.
450 2176 590 2247 Quid
639 2182 757 2241 est,
791 2170 858 2227 Et
903 2168 1067 2224 abluti
1108 2181 1296 2237 corpus
1344 2178 1480 2256 aqua
1528 2158 1768 2213 munda?

149 2255 289 2347 Qua:
319 2273 554 2330 mundos
590 2268 776 2333 efﬁcit,
806 2265 969 2333 dicit,
1012 2270 1107 2318 aut
1129 2274 1250 2333 qua
1286 2273 1394 2314 non
1426 2255 1591 2312 habet
1636 2267 1767 2309 san-

148 2370 394 2443 guinem.
423 2364 629 2421 Deinde
658 2359 804 2415 addit
844 2356 899 2413 id
928 2354 1074 2428 quod
1103 2362 1190 2410 est
1218 2352 1541 2424 perlectum,
1572 2361 1769 2443 nempe

148 2440 456 2520 caritatem.
492 2456 617 2512 Non
646 2455 933 2510 deserentes
960 2448 1308 2503 collectionem
1338 2455 1587 2499 nostram.
1611 2440 1769 2510 Quod

148 2556 373 2629 quidam
404 2552 628 2617 faciunt,
664 2546 865 2617 inquit,
903 2551 961 2601 et
997 2541 1253 2599 scindunt
1287 2545 1592 2629 conventus
1620 2554 1634 2589 :
1666 2534 1770 2590 hoc

149 2652 261 2708 illis
296 2657 461 2704 vetat.
498 2645 685 2699 Frater
712 2642 851 2697 enim
880 2655 913 2693 a
942 2638 1106 2708 fratre
1134 2636 1366 2706 adjutus,
1397 2641 1470 2688 est
1494 2634 1625 2686 sicut
1649 2629 1770 2685 urbs

148 2743 354 2798 munita
384 2739 584 2815 (Prov.
620 2735 711 2792 l8.
743 2733 869 2804 i9).
901 2731 1011 2788 Sed
1039 2727 1422 2815 consideremus
1461 2725 1679 2780 invicem
1715 2724 1770 2779 in

151 2806 571 2908 prorocalionem
600 2828 854 2883 caritatis.
885 2824 1024 2895 Quid
1070 2806 1175 2891 (ξεί,
1222 2821 1613 2879 Cousideremus
1640 2817 1773 2873 invi-

149 2945 263 2983 cem
295 2928 321 2982 .’
363 2924 420 2981 Si
445 2922 568 2994 quis
594 2920 668 2976 sit
703 2919 903 2973 virtute
940 2914 1237 2987 praeditus,
1285 2928 1408 2968 eum
1447 2912 1768 2976 imitemur;

147 3034 276 3077 eum
324 3016 675 3087 aspiciamus,
709 3019 767 3067 ut
805 3008 1094 3081 diligamus
1120 3016 1177 3063 et
1219 3004 1551 3076 diligamur:
1585 3016 1709 3058 nam
1738 3016 1770 3058 a

150 3112 385 3169 caritate
419 3108 559 3162 fiunt
589 3105 727 3159 bona
757 3114 943 3170 opera.

224 3201 286 3257 2.
310 3199 560 3271 Magnum
583 3194 782 3251 bonum
811 3200 897 3247 est
932 3195 1232 3247 conventus
1275 3201 1340 3245 ac
1367 3183 1720 3259 congregatio
1752 3198 1769 3239 :

156 3291 278 3363 ipsa
301 3288 444 3345 enim
461 3286 742 3344 caritatem
761 3283 1336 3349 redditardentiorem,
1353 3293 1409 3337 et
1424 3296 1491 3336 ex
1508 3295 1573 3337 ea
1594 3278 1776 3335 omnia

154 3395 461 3442 nascuntur
504 3382 644 3439 bona
668 3398 683 3437 :
716 3380 923 3437 nullum
951 3388 1036 3439 est
1063 3380 1208 3435 enim
1235 3377 1460 3444 bonum,
1488 3373 1633 3446 quod
1662 3387 1774 3429 non

156 3494 258 3551 per
278 3478 563 3535 caritatem
588 3476 699 3532 fiat.
725 3475 859 3532 Eam
881 3475 1045 3541 igitur
1061 3472 1204 3532 inter
1218 3486 1321 3528 nos
1345 3468 1769 3526 coniirmemus:

154 3570 443 3628 Plenitudo
486 3572 631 3629 enim
668 3571 796 3641 legis
837 3578 910 3626 est
939 3568 1145 3624 dilectio
1172 3565 1351 3639 (Rom.
1383 3565 1473 3621 l3.
1504 3561 1622 3637 10).
1652 3560 1770 3618 Non

153 3670 245 3719 est
274 3662 432 3718 nobis
476 3676 612 3733 opus
654 3660 950 3727 laboribus,
992 3672 1171 3730 neque
1212 3655 1525 3724 sudoribus,
1580 3654 1629 3711 si
1671 3667 1775 3710 nos

149 3754 302 3811 alter
325 3754 555 3810 alterum
585 3754 877 3826 diligamus
907 3771 922 3809 :
952 3753 1034 3807 via
1061 3760 1148 3807 est
1170 3765 1293 3822 quze
1318 3764 1418 3805 sua
1448 3756 1645 3821 sponte
1671 3746 1773 3802 du-

150 3846 229 3902 cit
254 3846 325 3901 ad
356 3848 628 3902 virtutem.
659 3844 809 3902 Sicut
844 3844 991 3901 enim
1034 3843 1089 3899 in
1133 3843 1217 3898 via
1266 3840 1508 3914 publica,
1554 3839 1601 3896 si
1646 3836 1770 3908 quis

150 3936 431 3993 invenerit
471 3937 707 4005 initium,
748 3937 818 3992 ab
865 3935 983 4006 ipso
1022 3934 1261 3999 ducitur,
1308 3946 1414 3988 nec
1449 3930 1590 3987 duce
1627 3944 1767 3999 opus

150 4040 240 4087 est
266 4049 282 4087 :
309 4031 382 4087 ita
405 4030 567 4087 etiam
594 4030 649 4086 in
675 4030 925 4095 caritate,
952 4016 1129 4084 solum
1156 4021 1506 4097 apprehende
1528 4020 1769 4088 initium,

150 4135 207 4180 et
230 4122 519 4181 confestim
547 4122 613 4179 ah
641 4121 1000 4194 ipsn'duceris
1025 4128 1081 4176 et
1109 4117 1382 4190 dirigeris.
1412 4114 1640 4180 Caritas,
1686 4112 1772 4169 in-

149 4219 296 4290 quit,
327 4218 527 4290 patiens
557 4226 652 4283 est,
678 4216 896 4288 benigna
926 4224 1021 4283 est,
1062 4229 1167 4267 non
1206 4211 1397 4281 cogitat
1441 4208 1638 4263 malunt
1685 4205 1767 4277 (1.

150 4310 277 4369 Cor.
309 4312 401 4368 13.
429 4311 508 4383 4).
536 4308 592 4366 Si
633 4310 836 4381 cogitet
862 4306 1131 4377 quispiam
1167 4306 1285 4374 ipse
1321 4300 1463 4373 apud
1502 4315 1585 4368 se,
1635 4312 1773 4370 quo-

150 4404 324 4460 modo
363 4418 490 4474 erga
532 4417 613 4470 se,
656 4402 739 4457 sic
775 4410 833 4457 et
878 4415 1003 4471 erga
1052 4396 1358 4469 proximum
1400 4395 1474 4451 sit
1521 4392 1768 4448 aﬂ'ectus.

147 4494 333 4553 Nemo
376 4494 481 4550 sibi
527 4495 628 4565 ipsi
679 4492 905 4556 invidet,
948 4490 1131 4545 omnia
1182 4489 1322 4543 bona
1354 4486 1457 4542 sibi
1490 4496 1768 4557 precatur,

150 4589 499 4647 omnibusne
526 4587 810 4659 praeponit,
845 4599 944 4657 pro
987 4597 1048 4639 se
1091 4582 1208 4638 vult
1236 4580 1417 4636 omnia
1461 4579 1664 4635 facere.
1712 4576 1772 4635 Si

150 4697 292 4756 ergo
314 4682 368 4738 in
395 4682 531 4737 alios
556 4693 772 4751 quoque
792 4678 872 4734 sic
901 4675 1223 4743 afﬁciamur,
1241 4674 1423 4729 omnia
1448 4672 1624 4729 soluta
1646 4682 1773 4733 sunt

149 4775 349 4832 mals:
396 4788 502 4829 non
544 4781 673 4828 sunt
719 4769 1034 4835 inimicitiae,
1071 4781 1183 4823 non
1226 4774 1312 4822 est
1338 4765 1606 4820 avaritia:
1650 4765 1774 4838 quis

150 4871 308 4927 enim
334 4867 565 4940 cupidus
591 4879 715 4923 esse
736 4863 1005 4920 voluerit?
1023 4875 1206 4929 nemo,
1223 4858 1319 4916 sed
1351 4859 1530 4930 potius
1554 4868 1769 4915 contra.

228 4960 559 5035 lnjsriarum
584 4959 767 5014 oblivio
801 4954 1210 5013 commendatur.
1228 4951 1644 5011 -—Commuuia
1674 4952 1774 5025 igi-

154 5067 249 5113 tur
274 5054 456 5111 omnia
485 5050 884 5124 possideamus,
910 5062 1013 5105 nec
1038 5060 1317 5104 cessemus
1342 5060 1444 5102 nos
1469 5047 1621 5117 ipsos
1641 5061 1776 5103 coa-

150 5161 426 5223 gregare:
457 5156 514 5202 et
541 5146 589 5201 si
617 5143 723 5199 hoc
748 5141 1033 5210 faciamus,
1054 5139 1236 5195 locum
1262 5154 1373 5195 non
1414 5136 1640 5194 habebit
1685 5138 1771 5194 in-

147 5242 317 5315 juria:
365 5247 603 5310 accepta
647 5234 998 5292 recordatio:
1040 5233 1161 5306 quis
1210 5231 1357 5288 enim
1418 5231 1474 5288 in
1532 5230 1776 5287 animum

153 5330 445 5391 induxerit
485 5346 516 5385 a
559 5344 622 5386 se
667 5327 769 5384 sibi
814 5326 981 5383 illam:
1010 5325 1225 5396 injuriae
1269 5324 1623 5381 meminisse?
1652 5325 1778 5397 quis

154 5426 396 5484 voluerit
421 5424 629 5495 sibiipsi
657 5422 859 5478 irasci?
886 5436 1067 5476 annon
1097 5420 1342 5476 omnium
1384 5420 1626 5476 maxime
1674 5435 1778 5477 ηο-

154 5522 247 5579 bis
272 5520 407 5591 ipsis
436 5516 804 5591 ignoscimus?
829 5514 885 5571 Si
919 5514 1000 5571 sic
1023 5513 1205 5571 allecti
1235 5511 1499 5569 fuerimus
1527 5515 1697 5571 etiam
1726 5515 1777 5571 in

158 5613 466 5689 proximos,
496 5624 791 5682 numquam
808 5609 911 5663 erit
927 5608 1139 5678 injuriae
1153 5615 1395 5679 accepta:
1408 5608 1721 5665 recordatio
1736 5609 1777 5662 ί.

158 5711 233 5767 Et
262 5704 559 5780 quomodo,
585 5704 783 5775 inquit,
816 5702 935 5760 fieri
965 5711 1144 5773 potest
1186 5710 1248 5759 ut
1282 5702 1549 5774 quispiam
1581 5704 1772 5775 proxi-

158 5816 317 5862 mum
342 5813 500 5873 teque
528 5797 719 5869 diligat
740 5804 905 5869 atque
942 5796 1223 5869 seipsum?
1266 5795 1325 5853 Si
1367 5796 1472 5854 hoc
1516 5798 1611 5875 alii
1670 5814 1779 5857 non

229 5924 248 5955 ί
272 5920 369 5972 Hic
390 5917 561 5981 incipit
581 5913 831 5981 homil‘iam
852 5913 1113 5981 decimam
1132 5925 1308 5963 nonam
1332 5911 1467 5968 Colb.
1492 5911 1571 5967 his
1596 5915 1780 5969 verbis.

161 5970 585 6051 mamma
599 5977 683 6045 atii
704 5976 836 6029 dixit
862 5970 1276 6079 :Quomodogtc.

987 380 1055 440 IN
1097 377 1309 445 EPIST.
1353 374 1445 433 AD
1483 367 1857 431 HEBREOS.
1896 364 2060 423 CAP.
2098 361 2172 420 Χ.
2213 355 2453 419 1103111..
2494 352 2642 411 XIX.

3386 354 3493 410 ΗΞ

1875 478 2141 542 fecerunt,
2174 481 2323 530 recte
2358 472 2640 530 existimas
2680 471 2788 530 hoc
2835 467 2953 529 ﬁeri
2993 487 3103 529 non
3151 487 3356 545 posse:
3404 474 3490 528 sin

1875 579 2059 627 autem
2082 568 2350 638 fecerunt,
2372 568 2718 640 perspicuum
2736 575 2823 625 est
2842 565 2989 640 quod
3011 567 3115 622 hoc
3143 582 3173 621 a
3203 567 3363 621 nobis
3384 581 3493 621 non

1880 665 1971 721 ilat
1998 671 2218 737 prepter
2244 670 2486 719 nostram
2517 660 2785 733 ignaviam
2809 670 2866 717 et
2886 659 3215 716 socordiam.
3236 659 3493 728 Alioquin

1877 769 2060 816 autem
2093 756 2226 814 nihil
2259 757 2505 829 prmcipit
2528 755 2781 811 Christus
2810 753 2954 825 quod
2989 769 3096 809 non
3130 753 3303 823 possit
3333 752 3447 807 fieri
3476 792 3491 818 ,

1877 869 2000 909 eum
2020 854 2181 909 etiam
2202 850 2497 921 multi‘ejns
2517 857 2790 922 praecepta
2808 848 3133 919 superarint.
3156 847 3289 916 Quis
3310 858 3494 903 autem

1878 944 1984 1000 hoc
2040 942 2211 1000 fecit?
2238 942 2458 1007 Paulus,
2496 942 2715 1005 Petrus,
2750 949 2894 995 totus
2925 948 3240 994 sanctorum
3270 939 3493 994 chorus.

1876 1035 1985 1099 sed
2008 1035 2053 1090 si
2075 1034 2273 1090 dixero
2293 1032 2512 1104 quidem
2535 1031 2682 1104 quod
2704 1031 3014 1087 dilexerunt
3037 1031 3335 1100 proximos,
3361 1029 3496 1086 nihil

1877 1130 2057 1185 dicam
2099 1141 2355 1199 magnum
2382 1144 2398 1183 :
2428 1126 2680 1182 inimicos
2721 1125 2795 1181 ita
2833 1123 3162 1190 dilexerunt,
3194 1134 3252 1178 ut
3280 1139 3375 1180 eos
3402 1125 3494 1195 qui

1877 1230 2006 1277 sunt
2036 1221 2325 1277 unanimes
2355 1234 2518 1276 nemo
2549 1220 2722 1291 magis
2746 1218 3017 1274 dilexerit.
3047 1218 3182 1287 Quis
3203 1220 3348 1275 enim
3376 1219 3495 1274 ele-

1877 1312 2018 1385 gerit
2048 1314 2126 1371 ire
2155 1313 2209 1369 in
2234 1312 2544 1385 gehennam
2572 1327 2672 1383 pro
2701 1311 2999 1375 unanimis.
3025 1327 3149 1368 cum
3180 1312 3237 1367 in
3268 1328 3493 1382 regnum

1878 1404 2128 1462 abiturus
2178 1404 2309 1461 est?
2350 1403 2586 1461 Nullus:
2646 1405 2741 1461 sed
2788 1404 2988 1461 Paulus
3034 1404 3138 1460 hoc
3180 1405 3346 1477 elegit
3397 1420 3497 1474 pro

1878 1497 2139 1565 inimicis,
2172 1511 2274 1570 pro
2302 1496 2374 1553 iis
2404 1496 2496 1568 qui
2529 1511 2655 1552 cum
2697 1496 2970 1568 lapidibus
2996 1497 3360 1569 appetierant,
3395 1514 3496 1569 pro

1880 1590 1945 1647 iis
1988 1593 2080 1664 qui
2126 1590 2313 1663 ﬂagris
2350 1606 2475 1648 eum
2516 1590 2852 1650 ceciderant.
2882 1588 3144 1658 Quianam
3177 1606 3307 1661 ergo
3338 1590 3497 1646 nobis

1880 1685 2098 1741 dabitur
2134 1686 2318 1751 venia,
2368 1699 2621 1756 quasnam
2662 1684 2966 1751 excusatio,
3015 1684 3061 1739 si
3104 1701 3171 1739 ne
3214 1685 3496 1741 minimam

1880 1779 2099 1852 quidem
2139 1787 2349 1849 partem
2396 1777 2730 1843 dilectionis,
2770 1792 2933 1848 quam
2978 1777 3030 1831 in
3073 1778 3321 1833 inimicos
3367 1794 3497 1833 suus

1880 1873 2118 1930 ostendit
2148 1873 2368 1936 Paulus,
2405 1876 2503 1927 nos
2531 1870 2584 1927 in
2619 1880 2839 1927 nostros
2870 1870 3078 1926 amicos
3101 1871 3498 1926 ostendamus?

1879 1964 2083 2024 Beatus
2110 1980 2327 2037 quoque
2366 1963 2580 2036 Moyses
2625 1972 2754 2019 ante
2802 1978 2925 2019 eum
2971 1979 3070 2031 pro
3105 1963 3360 2030 inimicis,
3402 1963 3497 2035 qui

1879 2059 2057 2130 ipsum
2112 2058 2389 2129 lapidibus
2434 2058 2804 2129 appetierant,
2850 2057 3025 2112 voluit
3053 2057 3223 2113 deleri
3255 2058 3325 2114 de
3355 2059 3496 2115 libro

1881 2152 1981 2212 Dei
2004 2151 2205 2228 (Exod.
2250 2151 2341 2209 δί.
2374 2151 2470 2222 32)
2503 2170 2516 2206 :
2553 2150 2722 2207 David
2760 2165 2981 2223 quoque
3028 2151 3222 2208 videns
3262 2167 3359 2208 eos
3402 2152 3496 2223 qui

1871 2247 1982 2317 ipsi
2026 2246 2340 2301 restiterant
2382 2242 2644 2309 interimi,
2679 2242 2813 2298 dicit
2845 2261 2860 2299 :
2892 2240 3009 2316 Ego
3042 2253 3221 2314 pastor
3250 2245 3457 2314 peccavi
3474 2261 3497 2313 ;

1880 2338 1967 2393 isti
2003 2347 2175 2392 autem
2211 2336 2338 2409 quid
2386 2339 2615 2407 feceram
2652 2333 2733 2407 (Ξ.
2787 2333 2918 2406 Reg.
2964 2336 3058 2392 ει.
3098 2337 3228 2409 17).
3274 2334 3494 2393 Saﬁlem

1881 2444 2096 2499 quoque
2126 2443 2250 2484 cum
2282 2427 2513 2483 haberet
2554 2426 2609 2482 in
2654 2426 2935 2490 manibus.
2978 2429 3156 2485 noluit
3196 2428 3267 2485 de
3313 2429 3496 2487 medio

1882 2521 2095 2587 tollere.
2138 2521 2237 2579 sed
2268 2520 2527 2586 servavit,
2557 2516 2723 2592 idque
2750 2535 2878 2578 cum
2908 2520 3032 2595 ipse
3062 2536 3321 2582 venturus
3346 2532 3497 2580 esset

1884 2611 1939 2668 in
1968 2611 2291 2683 periculum.
2339 2610 2400 2671 Si
2438 2621 2622 2670 autem
2666 2613 2785 2671 htec
2830 2612 2971 2671 facta
3009 2626 3147 2671 sunt
3183 2614 3242 2673 in
3289 2614 3496 2682 Veteri,

1880 2720 2171 2779 quamnam
2227 2719 2591 2779 assequemur
2646 2720 2748 2762 nos
2801 2706 3053 2766 veniam.
3097 2703 3196 2773 qui
3238 2706 3294 2763 in
3344 2705 3499 2763 Novo

1884 2800 2051 2856 vitam
2080 2799 2313 2872 agimus,
2345 2808 2402 2856 et
2435 2815 2537 2856 nec
2564 2798 2632 2855 ad
2662 2813 2783 2855 eam
2824 2798 3044 2871 quidem
3091 2785 3163 2856 ad
3205 2816 3368 2871 quam
3421 2801 3497 2856 illi

1880 2893 2261 2964 perveniamus
2291 2892 2650 2949 mensuram?
2687 2890 2823 2948 Nam
2854 2892 2918 2947 Si
2936 2893 3146 2963 iustitia
3175 2902 3354 2947 nostra
3394 2910 3499 2948 non

1878 2985 2219 3041 abundaverit
2241 2985 2359 3057 plus
2388 3002 2545 3057 quam
2574 2982 2968 3040 Pliaristeorum
2996 2995 3045 3040 et
3071 2985 3375 3050 scribarum,
3395 3002 3500 3041 non

1879 3079 2187 3135 intrabimus
2234 3080 2291 3135 in
2329 3096 2547 3152 regnum
2596 3079 2844 3135 calorum
2871 3078 3091 3149 (Matth.
3125 3081 3179 3137 5.
3210 3079 3339 3152 20):
3374 3095 3500 3135 cum

1878 3183 2061 3231 autem
2091 3174 2256 3229 etiam
2296 3173 2479 3228 minus
2522 3172 2823 3229 habeamus
2863 3186 3026 3244 quam
3077 3173 3176 3240 illi,
3222 3173 3503 3244 quomodo

1880 3265 2240 3322 intrabimus?
2263 3263 2497 3338 Diligite,
2530 3264 2727 3336 inquit,
2765 3264 3001 3319 inimicos
3021 3274 3233 3330 vestros,
3282 3275 3333 3320 et
3358 3266 3501 3321 eritis

1879 3358 2074 3413 similes
2103 3356 2255 3413 Patri
2281 3366 2464 3424 vestro,
2499 3358 2589 3429 qui
2618 3366 2692 3413 est
2730 3358 2786 3412 in
2807 3358 2947 3413 calix
2969 3355 3137 3430 (Ibid.
3173 3372 3223 3412 υ.
3254 3358 3345 3414 Η.
3377 3359 3498 3429 45).

1880 3449 2098 3523 Diligite
2144 3466 2277 3523 ergo
2326 3449 2649 3506 inimicum:
2690 3464 2799 3506 non
2845 3450 2991 3506 enim
3037 3448 3189 3506 illum
3231 3449 3503 3507 beneficio

1877 3546 2076 3615 amcis,
2101 3548 2197 3605 sed
2229 3550 2487 3621 teipsum.
2506 3548 2827 3619 Quomodo?
2853 3548 2958 3605 Par
2984 3546 3096 3605 Deo
3117 3546 3374 3605 efiiceris.
3406 3547 3503 3604 Ille

1877 3638 1926 3695 si
1959 3654 1991 3695 a
2037 3650 2091 3697 te
2132 3638 2299 3697 fuerit
2324 3639 2579 3710 dilectus,
2611 3657 2723 3699 non
2748 3642 2979 3698 multum
3008 3641 3146 3698 lucri
3179 3639 3308 3697 fecit
3336 3656 3353 3707 ;
3401 3638 3504 3695 fuit

1879 3733 2022 3789 enim
2041 3732 2273 3790 dilectus
2289 3749 2318 3789 a
2339 3748 2644 3793 conservo:
2664 3746 2719 3790 tu
2736 3742 2918 3790 autem
2947 3735 2992 3790 si
3009 3749 3334 3791 conservam
3361 3732 3503 3789 dile-

1878 3825 2046 3888 xeris.
2081 3840 2335 3897 magnum
2367 3826 2541 3883 fecisti
2571 3827 2818 3893 lucrum;
2848 3826 3083 3883 emceris
3106 3828 3249 3883 enim
3284 3828 3397 3884 Deo
3424 3828 3504 3883 si-

1882 3918 2233 3976 milis.Vides
2248 3919 2392 3991 quod
2424 3921 2520 3977 tibi
2547 3920 2893 3991 gratificaris,
2926 3935 3035 3975 non
3068 3920 3189 3976 illi?
3211 3935 3333 3975 nam
3354 3935 3495 3992 prac-

1882 4012 2051 4068 mium
2078 4013 2198 4081 tibi,
2221 4030 2329 4070 non
2356 4014 2434 4070 illi
2463 4015 2741 4087 proponit.
2765 4013 2905 4085 Quid
2937 4030 3091 4080 vero,
3122 4015 3316 4086 inquit,
3351 4015 3395 4070 si
3431 4016 3503 4071 sit

1882 4106 2101 4161 malus?
2128 4106 2303 4163 Tanto
2332 4106 2508 4177 major
2528 4115 2617 4163 est
2646 4116 2736 4162 tua
2768 4122 3003 4173 merces,
3033 4115 3089 4163 et
3134 4106 3204 4163 de
3237 4107 3502 4176 improbi-

1885 4203 1993 4252 L-ite
2008 4196 2085 4251 illi
2102 4196 2269 4254 debes
2285 4197 2487 4254 habere
2503 4198 2753 4269 gratiam,
2775 4198 2990 4255 etiamsi
3015 4197 3503 4255 innumerabilibus

1882 4288 1952 4343 sit
1976 4286 2203 4345 allectus
2232 4288 2535 4347 beneﬂciis.
2566 4290 2700 4345 Nam
2732 4290 2836 4346 nisi
2863 4289 3021 4346 valde
3058 4288 3252 4347 fuisset
3302 4292 3500 4359 malus,

1885 4395 1992 4435 non
2016 4381 2109 4436 tibi
2127 4381 2283 4437 valde
2308 4383 2574 4439 crevisset
2600 4396 2835 4438 merces.
2854 4382 3027 4439 Causa
3053 4383 3235 4454 itaque
3252 4398 3360 4439 non
3386 4383 3508 4441 dili-

1883 4475 2066 4547 gendi,
2096 4491 2292 4547 nempe
2321 4476 2504 4533 dicere
2521 4476 2666 4549 quod
2700 4479 2771 4532 sit
2791 4476 3196 4545 malus,eadem
3223 4486 3308 4534 est
3335 4492 3505 4535 causa

1884 4568 2163 4641 diligendi.
2188 4569 2341 4627 Tolle
2381 4569 2777 4638 adversarium,
2833 4587 3029 4643 nempe
3058 4574 3459 4645 antagonistam
3487 4616 3505 4641 ,

1886 4674 1941 4720 ct
1967 4679 2295 4720 coronarum
2327 4665 2474 4721 tollis
2499 4667 2871 4723 occasionem.
2897 4665 3018 4723 Non
3050 4667 3205 4724 vides
3232 4669 3509 4737 quomodo

1887 4760 2109 4817 athleta:
2136 4760 2420 4819 decertant
2449 4762 2683 4820 sacculis
2710 4778 2875 4819 arena
2916 4764 3154 4833 impletis
3178 4763 3204 4819 Υ
3230 4763 3352 4820 Tibi
3404 4779 3507 4819 au-

1892 4863 1998 4909 tem
2029 4869 2136 4911 non
2167 4869 2307 4927 opus
2335 4862 2423 4911 est
2465 4855 2521 4910 in
2563 4854 2669 4911 hoc
2694 4855 2935 4911 studium
2980 4870 3220 4926 ponere:
3276 4856 3386 4910 vita
3428 4864 3514 4910 est

1892 4949 2051 5020 plena
2078 4949 2144 5005 iis
2172 4964 2295 5020 quae
2326 4958 2380 5006 te
2407 4957 2670 5005 exercent
2715 4948 3021 5019 fortemque
3066 4947 3303 5004 reddunt
3332 4963 3397 5004 ac
3423 4963 3514 5004 ro-

1890 5043 2134 5100 bustum.
2162 5040 2281 5097 Non
2314 5040 2469 5098 vides
2508 5039 2653 5112 quod
2700 5040 2868 5096 etiam
2918 5039 3146 5096 arbores
3188 5056 3295 5109 quo
3341 5040 3516 5111 magis

1890 5136 2223 5192 ventilantut‘
2248 5141 2304 5188 et
2332 5134 2610 5206 agitantur
2633 5148 2664 5187 a
2693 5134 2893 5198 ventis,
2925 5147 2993 5189 eo
3020 5132 3158 5188 fiunt
3180 5131 3435 5188 fortiores
3459 5143 3516 5189 ct

1892 5226 2216 5284 densiores?
2250 5227 2316 5283 Et
2336 5241 2436 5282 nos
2456 5240 2673 5298 quoque
2693 5226 2739 5282 si
2761 5225 2936 5281 simus
2955 5225 3104 5282 lenes
3131 5234 3188 5280 et
3216 5227 3511 5296 patientes,

1893 5321 2100 5378 erimus
2145 5319 2311 5376 etiam
2370 5319 2540 5374 fortes
2585 5328 2642 5374 et
2682 5317 2843 5373 validi
2880 5336 2893 5372 :
2930 5332 3054 5373 nam
3118 5315 3209 5372 Vir
3236 5359 3252 5383 ,
3312 5317 3511 5389 inquit,

1889 5413 2094 5486 patiens
2118 5421 2168 5467 et
2192 5412 2506 5485 longanimis
2536 5411 2731 5466 multus
2768 5420 2843 5466 est
2868 5411 2922 5464 in
2954 5410 3232 5481 prutkiitia
3267 5426 3286 5465 :
3322 5411 3409 5477 qui
3436 5420 3515 5466 est

1894 5518 2066 5561 autem
2092 5505 2271 5575 pusilli
2300 5505 2483 5571 animi,
2517 5514 2590 5560 est
2612 5504 2762 5559 valde
2787 5504 3038 5573 insipiens
3062 5501 3248 5576 (Prov.
3278 5502 3363 5559 Η.
3392 5503 3512 5576 29).

1897 5599 2062 5657 Vides
2092 5597 2251 5671 huius
2276 5607 2480 5671 quanta
2502 5597 2575 5655 sit
2605 5596 2749 5663 laus,
2778 5596 2923 5653 illius
2949 5606 3149 5669 quanta
3181 5598 3459 5654 accusatio
3484 5598 3513 5655 Υ

1905 5692 2072 5749 Valde
2116 5692 2385 5761 insipiens,
2416 5691 2522 5748 hoc
2551 5702 2658 5760 est,
2691 5689 3007 5746 admodum.
3037 5689 3159 5746 Non
3190 5692 3361 5747 simus
3385 5707 3520 5765 ergo

1898 5785 2081 5859 pusilli
2132 5786 2276 5841 inter
2315 5799 2419 5841 nos
2458 5784 2666 5840 animi:
2697 5798 2805 5838 non
2848 5784 2906 5838 tit
2933 5784 3080 5840 enim
3112 5782 3216 5840 hoc
3245 5798 3311 5839 ex
3340 5784 3521 5840 inimi-

1898 5879 2062 5945 citiis,
2091 5877 2188 5934 sed
2216 5893 2284 5934 ex
2312 5892 2380 5933 eo
2406 5876 2551 5949 quod
2589 5876 2793 5949 pusillo
2836 5876 3007 5931 simus
3052 5875 3256 5931 animo.
3290 5874 3445 5943 Quod
3474 5877 3521 5933 si

1902 5971 2066 6030 fuerit
2095 5970 2269 6039 fortis,
2300 5970 2483 6031 omnia
2516 5969 2675 6029 facile
2704 5970 2863 6040 feret,
2890 5982 3069 6042 neque
3099 5966 3393 6042 quidquam
3424 5981 3519 6039 po-
