4060 6400
625 357 726 413 “3

624 485 748 540 terit
766 501 890 541 eum
921 485 1248 557 demergere,
1272 485 1367 542 sed
1389 486 1456 541 ad
1486 486 1805 558 tranquillos
1823 485 2053 544 deducet
2080 502 2207 559 por-

621 586 705 632 tus
737 594 751 631 :
780 593 917 647 quos
945 577 1098 633 detur
1130 578 1285 633 nobis
1312 580 1564 635 omnibus
1605 581 1885 651 consequi,
1929 582 2097 652 gratia
2152 593 2207 638 et

620 668 946 739 benignitate
996 670 1201 724 Domini
1255 670 1424 727 nostri
1472 671 1602 727 Jesn
1656 672 1876 738 Christi,
1926 689 2050 729 cum
2097 690 2205 746 quo

620 821 2619 852 _________________.__..——.___...

1324 350 1380 407 S.
1411 342 1687 404 JOANNIS
1714 337 2194 401 CllRYSOSTOMl
2256 338 2578 398 ARClllEP.
2619 338 3158 401 CONSTANTINOP.

3786 352 3897 409 ιη

2304 483 2448 540 Patri
2498 497 2600 535 una
2654 496 2775 535 cum
2830 488 3019 535 sancto
3071 476 3276 549 Spiritu
3334 472 3528 547 gloria,
3586 472 3904 544 imperium,

2305 575 2499 637 honor,
2541 586 2684 628 nunc
2731 582 2785 627 et
2837 586 3073 642 semper.
3119 578 3175 626 et
3224 569 3275 623 iu
3316 566 3512 623 smcula
3548 564 3903 622 srectdorum.

2306 672 2500 725 Amen.

2626 826 3748 852 .._.________________

3751 834 3921 851 —

1958 865 2303 929 HOMILIA
2357 868 2505 930 XX.

616 979 745 1038 Car.
790 978 855 1035 lo
917 993 968 1031 v.
1009 976 1103 1031 ‘26.
1174 973 1470 1028 Voluntarie
1514 970 1646 1026 enim
1696 968 2018 1039 peccantibus
2064 967 2208 1024 nobis

686 1081 799 1140 post
830 1078 1086 1138 acceptant
1110 1066 1342 1120 notitiam
1367 1062 1610 1127 veritatis,
1629 1061 1744 1128 jam
1772 1078 1873 1114 non
1905 1060 2209 1130 relinquitur

686 1178 781 1235 pro
809 1160 1024 1231 peccatis
1057 1157 1240 1219 hostia,
1272 1154 1364 1209 27.
1388 1152 1624 1207 terribilis
1649 1164 1817 1206 autent
1844 1152 2076 1223 quwdam
2112 1168 2201 1206 ea:-

686 1255 931 1329 spectatio
941 1251 1147 1326 judicii,
1170 1260 1215 1305 et
1242 1248 1373 1322 ignis
1399 1246 1680 1313 tantulatio,
1703 1263 1819 1319 qua:
1842 1256 2205 1318 consumptum

689 1362 761 1409 est
787 1349 1124 1406 aduersarios.

689 1447 740 1502 l.
769 1444 1128 1511 Qua-cumque
1169 1437 1392 1492 arbores
1424 1435 1681 1507 plantata:
1702 1474 1717 1497 ,
1757 1440 1813 1489 et
1846 1432 1949 1487 alia
1988 1446 2203 1502 quoque

614 1536 853 1594 adhibita
876 1530 1150 1602 diligentia
1181 1527 1541 1600 agricolarum
1568 1526 1815 1581 manibus
1845 1534 1899 1579 et
1927 1524 2203 1579 laboribus

614 1628 862 1688 θιςιιιίω.
889 1625 1091 1680 nullum
1122 1619 1302 1678 ferunt
1337 1618 1590 1684 fructum,
1619 1617 1872 1672 radicitus
1895 1616 2095 1671 avulsae
2110 1615 2200 1685 ja-

612 1723 825 1778 ciuntur
843 1719 894 1773 in
918 1719 1116 1789 ignem.
1133 1714 1264 1772 Tale
1282 1712 1409 1784 quid
1430 1713 1523 1767 fuit
1545 1712 1706 1767 etiam
1730 1713 1783 1766 in
1812 1711 2202 1767 illuminatione

614 1826 808 1882 nempe
839 1809 1178 1881 baptismate.
1198 1804 1329 1861 Nam
1356 1813 1634 1874 postquam
1660 1817 1759 1857 nos
1786 1802 2028 1857 Christus
2044 1802 2201 1874 plan-

577 1893 583 1899 ’
615 1903 778 1969 tavit,
807 1910 862 1956 et
890 1899 1220 1971 spiritualem
1253 1894 1588 1967 percepimus
1616 1894 2003 1965 irrigationem,
2033 1895 2078 1949 si
2103 1895 2202 1951 de-

611 1993 738 2050 inde
763 1991 965 2047 nullum
999 1988 1226 2044 fructum
1255 1986 1607 2049 ostendimus,
1636 1994 1912 2055 exspectat
1937 2001 2036 2041 nos
2062 1986 2198 2057 ignis

610 2085 891 2157 gehennae,
910 2092 963 2138 et
980 2082 1191 2136 flamma
1212 2094 1331 2150 qua:
1358 2093 1462 2133 non
1494 2084 1666 2147 potest
1693 2076 1983 2147 exstingui.
2000 2076 2198 2134 Paulus

610 2192 760 2248 ergo,
774 2190 895 2232 cum
917 2173 1228 2229 adhortatus
1242 2180 1387 2227 esset
1404 2169 1470 2225 ad
1489 2170 1765 2226 caritatem
1784 2180 1838 2227 et
1857 2169 1925 2225 ad
1948 2171 2197 2229 ferendos

610 2271 815 2328 fructus
839 2266 1100 2323 bonorum
1122 2277 1369 2333 operum,
1384 2261 1632 2317 incitatos
1648 2277 1677 2315 a
1702 2261 2015 2318 melioribus
2036 2272 2088 2318 ct
2110 2263 2197 2319 bc-

610 2362 943 2434 nignioribns
957 2359 1223 2429 (quamam
1242 2370 1303 2410 ea
1317 2355 1475 2411 sunt?
1486 2353 1629 2427 quod
1648 2355 1922 2411 introitum
1936 2355 2198 2413 habemus

611 2455 663 2509 in
695 2462 901 2516 sancta,
934 2464 1091 2519 quam
1116 2446 1343 2502 initiavit
1370 2446 1525 2501 nobis
1563 2447 1700 2500 viam
1724 2456 1997 2503 recentem
2022 2447 2062 2518 ),
2094 2447 2197 2504 hoc

608 2546 781 2614 ipsum
811 2554 997 2597 rursus
1036 2537 1160 2593 facit
1201 2537 1365 2592 etiam
1395 2552 1425 2591 a
1452 2536 1810 2601 tristioribus,
1848 2537 1919 2593 ita
1946 2538 2192 2608 loquens.

607 2635 740 2693 Nam
769 2650 889 2690 cum
919 2631 1145 2689 dixisset
1175 2648 1190 2687 :
1227 2627 1351 2685 Non
1392 2629 1677 2685 deserentes
1720 2630 2068 2686 collectione»:
2102 2648 2195 2687 no-

605 2736 783 2787 stram,
805 2725 931 2779 sicut
953 2721 1333 2778 consuetudinis
1360 2729 1431 2776 est
1457 2720 1780 2791 quibusdam,
1811 2722 1902 2776 sed
1926 2723 2197 2778 consolan-

606 2829 699 2885 tes,
716 2826 763 2872 et
802 2825 940 2871 tanto
977 2815 1169 2887 magis,
1209 2822 1397 2884 quanto
1433 2812 1659 2868 uideritis
1698 2813 2195 2884 appmpinquantem

605 2910 739 2964 dicat
764 2911 840 2980 (et
870 2908 986 2962 hate
1004 2907 1201 2978 quippe
1225 2915 1311 2962 est
1330 2905 1602 2961 sulliciens
1626 2904 1691 2960 ad
1718 2905 2190 2978 consolationem),

603 2998 882 3069 subjuuxit
924 3014 939 3053 :
998 2993 1297 3050 Voluntarie
1335 2995 1467 3050 enim
1514 2994 1839 3065 peccantibus
1881 2996 2026 3051 nobis
2080 3005 2195 3066 post

605 3104 863 3155 acceptam
914 3088 1146 3142 notitiam
1188 3086 1433 3141 ueritatis.
1480 3084 1628 3155 Opus
1653 3094 1769 3152 est,
1800 3086 2006 3157 inquit,
2035 3087 2195 3144 bonis

600 3182 878 3253 Operihus,
906 3189 962 3237 et
988 3179 1144 3235 valde
1170 3193 1304 3249 opus
1333 3186 1436 3234 est.
1492 3176 1787 3233 Voluntarie
1814 3182 1949 3235 enim
1976 3197 2193 3253 peccan-

600 3270 736 3325 tibus
762 3272 903 3325 nobis
931 3280 1044 3342 post
1068 3280 1330 3339 acceptam
1373 3268 1607 3323 notitiam
1634 3270 1889 3338 ueritatis,
1928 3273 2043 3344 jam
2089 3290 2191 3330 non

600 3362 900 3433 relinquitur
933 3377 1026 3432 pro
1055 3360 1273 3433 peccatis
1297 3361 1485 3415 hostia.
1517 3358 1575 3415 Id
1619 3369 1738 3428 est,
1781 3360 2071 3419 mundatus
2106 3379 2189 3433 es,

602 3454 860 3510 liberatus
904 3468 964 3510 es
1001 3469 1030 3509 a
1079 3452 1432 3520 criminibus,
1487 3451 1659 3510 factus
1682 3469 1743 3510 es
1772 3453 1934 3511 filius.
1973 3454 2029 3512 Si
2059 3471 2190 3528 ergo

603 3544 893 3599 revertaris
919 3544 985 3600 ad
1013 3545 1244 3616 priorem
1291 3548 1552 3603 vomitum
1570 3586 1586 3612 ,
1614 3560 1803 3603 rursus
1827 3555 2009 3604 manet
2033 3546 2190 3603 abdi.

600 3633 739 3689 ratio
783 3643 837 3690 et
864 3634 1021 3707 ignis,
1072 3645 1126 3693 et
1149 3651 1504 3707 quazcumque
1543 3646 1669 3693 sunt
1696 3637 2002 3709 huiusmodi
2032 3656 2046 3693 :
2076 3654 2188 3696 non

597 3734 682 3779 est
710 3726 854 3781 enim
881 3726 1118 3783 secunda
1155 3728 1351 3785 hostia.
1408 3729 1509 3786 llic
1532 3745 1721 3786 rursus
1748 3745 1849 3786 nos
1870 3729 2189 3788 adoriuntur

596 3816 688 3886 qui
735 3817 932 3873 tollunt
982 3821 1382 3889 pteuitentiam,
1422 3831 1481 3877 et
1518 3821 1845 3893 quicumque
1870 3830 2190 3878 cunctantur

596 3908 782 3964 venire
805 3907 872 3964 ad
904 3910 1165 3981 baptisma
1198 3928 1213 3967 :
1246 3910 1300 3967 hl
1326 3912 1545 3985 quidem
1573 3912 1761 3969 dicunt
1791 3928 1897 3968 non
1944 3927 2069 3968 esse
2110 3912 2189 3968 eis

596 4008 768 4056 tutum
797 4003 983 4059 venire
1008 4002 1074 4060 ad
1099 4004 1389 4075 baptisma,
1414 4004 1679 4077 siquidem
1708 4020 1815 4061 non
1842 4014 1926 4062 est
1950 4003 2187 4061 secunda

595 4093 845 4149 remissio
869 4111 884 4150 :
908 4094 993 4150 illi
1022 4110 1153 4152 vero
1173 4095 1361 4153 dicunt
1385 4111 1491 4152 non
1514 4112 1637 4154 esse
1662 4105 1833 4152 tutum
1857 4096 1924 4150 iis
1946 4095 2035 4167 qui
2058 4109 2180 4167 pec-

596 4196 788 4241 carunt
808 4187 1067 4258 impertiri
1094 4190 1372 4260 mysteria,
1404 4190 1449 4245 si
1478 4204 1588 4244 non
1616 4196 1701 4245 est
1727 4188 1964 4245 secunda
1994 4188 2188 4243 remis-

595 4277 699 4333 sio.
741 4276 878 4346 Quid
904 4292 1034 4347 ergo
1063 4278 1306 4335 dicemus
1332 4279 1612 4349 utrisque?
1657 4278 1811 4347 Quod
1835 4279 1921 4333 hic
1950 4294 2058 4333 non
2090 4277 2183 4333 tali

596 4378 776 4425 mente
820 4368 923 4426 hoc
964 4369 1196 4437 dixerit,
1228 4384 1403 4441 neque
1452 4369 1591 4426 tollit
1631 4368 2041 4442 ptnniteutiam‘,
2086 4381 2189 4425 nec

594 4473 712 4515 eam
753 4475 875 4531 qua
916 4475 1015 4531 per
1048 4460 1419 4532 pmnitentiam
1464 4459 1525 4516 lit
1565 4461 1955 4533 piscationem,
2011 4476 2190 4531 neque

595 4552 812 4623 expellit
841 4560 896 4607 et
917 4552 1098 4623 dejicit
1137 4568 1234 4624 per
1275 4554 1709 4625 desperationem
1731 4570 1853 4611 eum
1882 4554 1971 4625 qui
2001 4564 2083 4611 est
2111 4555 2189 4609 la-

596 4660 727 4717 psus
759 4665 773 4701 :
806 4658 915 4701 non
943 4655 1028 4701 est
1064 4660 1232 4715 usque
1272 4644 1410 4703 adeo
1446 4646 1697 4702 inimicus
1723 4656 1923 4702 nostra:
1951 4646 2179 4709 salutis;

595 4738 691 4795 sed
720 4737 1015 4795 secundum
1041 4736 1217 4794 aufert
1237 4737 1533 4805 lavacrum,
1560 4753 1667 4793 non
1690 4738 1834 4795 enim
1864 4738 1996 4793 dixit
2027 4756 2042 4793 :
2074 4738 2188 4793 Non

595 4843 679 4890 est
706 4833 938 4903 amplius
963 4832 1276 4903 pauitantia
1294 4874 1310 4900 ,
1342 4841 1457 4902 aut,
1489 4832 1605 4889 Non
1633 4843 1718 4891 est
1745 4834 1976 4905 amplius
1999 4834 2191 4890 remis-

596 4924 718 4991 sio;
766 4923 895 4992 sed,
922 4938 1032 4980 non
1071 4932 1159 4981 est
1180 4925 1410 4996 amplius
1434 4925 1610 4981 hostia
1639 4941 1655 4991 ;
1688 4925 1791 4981 hoc
1819 4937 1925 4992 est,
1952 4941 2060 4981 non
2108 4936 2191 4982 est

598 5015 828 5087 amplius
850 5030 984 5072 crux
1012 5014 1246 5073 secunda
1273 5034 1292 5072 :
1318 5014 1422 5072 hoc
1445 5016 1588 5073 enim
1610 5028 1766 5073 vocat
1795 5016 2046 5073 hostiam.
2074 5017 2191 5073 Una

600 5106 749 5166 enim.
778 5104 972 5175 inquit,
1003 5105 1171 5161 hostia
1198 5106 1563 5163 consummavit
1588 5108 1642 5162 in
1668 5120 1966 5179 perpetuum
1987 5126 2072 5164 eos
2101 5110 2191 5180 qui

598 5197 983 5268 sanctificantur
1010 5214 1030 5253 :
1056 5213 1164 5254 non
1185 5200 1327 5255 sicut
1351 5198 1573 5256 Judaica
1594 5240 1610 5265 ,
1638 5216 1811 5271 neque
1837 5216 2006 5274 sirpe.
2051 5203 2187 5256 Pro-

599 5300 782 5364 pterea
805 5290 947 5345 enim
971 5298 1078 5345 tam
1107 5290 1274 5346 multa
1304 5306 1506 5363 susque
1526 5290 1698 5364 deque
1718 5292 1975 5349 disseruit
1996 5292 2065 5349 de
2094 5292 2191 5351 ho-

599 5383 733 5448 stia,
783 5380 925 5451 quod
970 5382 1040 5437 sit
1084 5398 1186 5436 una
1218 5394 1272 5438 et
1302 5398 1407 5439 una
1450 5399 1603 5438 :non
1648 5383 1747 5439 hoc
1792 5385 1968 5441 solum
1999 5386 2191 5443 volens

600 5472 901 5539 ostendere,
932 5472 1072 5544 quod
1103 5473 1154 5528 in
1180 5472 1284 5531 hoc
1306 5474 1517 5531 din‘erat
1542 5490 1571 5530 a
1595 5474 1849 5539 Judaicis.
1872 5478 2001 5548 quin
2026 5480 2188 5534 etiam

602 5575 657 5619 ut
684 5565 872 5621 reddat
896 5565 1224 5635 securiores,
1255 5577 1314 5623 ut
1344 5578 1709 5637 congruenter
1735 5570 1844 5639 legi
1872 5568 2187 5630 iudicet-um

681 5746 755 5821 (ῃ)
778 5746 924 5821 llulta
945 5746 1045 5821 loca
1069 5760 1131 5821 ex
1156 5747 1247 5821 hac
1264 5746 1719 5821 limuilianitetnque
1740 5764 1800 5821 εξ
1818 5752 2009 5821 decimi
2028 5766 2200 5821 quarta

618 5818 667 5886 et
691 5810 1082 5886 deciqttqujnta
1114 5809 1439 5886 habemurmip
1454 5809 1738 5886 ni-‘Iorilegio
1759 5813 1946 5886 Sav_i_l_ii,
1971 5809 2125 5872 Toino

613 5873 791 5935 pagina
813 5872 922 5921 807.
952 5871 1074 5922 Vide
1098 5876 1233 5923 notas
1253 5871 1438 5935 Savilii,
1454 5873 1604 5927 Temo
1628 5871 1682 5936 8,
1702 5888 1812 5940 pag,
1837 5871 1947 5930 750.

2312 992 2420 1031 non
2462 974 2691 1045 amplius
2738 972 2896 1027 aliam
2939 982 3256 1044 exspectent
3296 972 3551 1029 hostiam.
3622 970 3919 1026 Valameris

2312 1066 2445 1121 enim
2492 1064 2812 1136 peccantibus
2859 1064 3037 1130 nobis,
3092 1064 3284 1134 inquit.
3320 1062 3483 1119 Vides
3506 1079 3665 1134 quam
3681 1062 3749 1117 sit
3778 1076 3905 1123 pro-

2314 1170 2513 1226 pensus
2538 1153 2602 1209 ad
2636 1153 3058 1225 ignoscendum?
3101 1152 3393 1208 Voluntarie
3413 1196 3428 1222 ,
3460 1154 3661 1223 inquit,
3686 1166 3909 1216 peccan-

2308 1250 2441 1303 tibus
2463 1247 2628 1304 nobis.
2687 1246 2985 1317 Ignoscitur
3013 1246 3192 1317 itaque
3225 1246 3625 1301 iuvoluntariis.
3659 1246 3789 1301 Post
3818 1261 3915 1299 sc-

2308 1350 2505 1409 ceptam
2571 1338 2801 1393 notitiam
2861 1337 3109 1392 ueritatis.
3159 1337 3267 1390 Aut
3318 1336 3516 1392 Christi
3572 1336 3742 1403 dicit,
3817 1346 3917 1391 aut

2306 1434 2547 1489 omnium
2575 1431 2905 1503 dogntatum.
2942 1427 3064 1483 1am
3091 1446 3192 1484 non
3220 1430 3525 1501 relinquitur
3555 1444 3649 1497 pro
3678 1430 3909 1498 peccatis

2304 1526 2489 1579 hostia.
2515 1522 2619 1578 Sed
2646 1520 2773 1593 quid
2798 1522 2823 1575 ?
2869 1520 3130 1577 Terribilis
3154 1529 3321 1576 autem
3361 1520 3596 1591 quadam
3634 1529 3916 1588 cnspectu-

2304 1618 2375 1671 tio
2410 1614 2631 1689 judicii,
2677 1622 2726 1668 et
2750 1613 2883 1686 ignis
2927 1613 3222 1679 (sinulatio,
3252 1628 3368 1682 qua
3415 1623 3788 1684 consumptum
3834 1624 3911 1668 est

2308 1717 2645 1770 ttdocrsarios.
2694 1712 3053 1768 Adversarios
3090 1726 3196 1764 nou
3233 1710 3407 1763 solum
3438 1710 3568 1763 dicit
3611 1706 3866 1761 inﬁdeles
3898 1748 3911 1768 ,

2308 1807 2401 1862 sed
2430 1821 2525 1861 eos
2549 1806 2712 1861 etiam
2740 1804 2833 1876 qui
2861 1801 3060 1859 iaciunt
3089 1802 3359 1856 contraria
3391 1801 3574 1853 virtuti
3602 1817 3615 1862 ;
3651 1800 3736 1853 vel
3767 1798 3913 1868 quod

2310 1900 2451 1954 idem
2478 1897 2616 1969 ignis
2642 1895 3016 1966 apprehendct
3041 1897 3203 1948 etiam
3233 1894 3577 1957 domesticos,
3603 1893 3695 1960 qui
3716 1892 3913 1946 adver-

2307 1991 2501 2047 sarios.
2537 1988 2743 2046 Deinde
2772 1988 3083 2059 significans
3112 2001 3273 2057 quam
3300 1986 3371 2039 sit
3400 1984 3558 2050 edax,
3591 2000 3717 2039 cum
3743 1984 3913 2039 veluti

2307 2084 2599 2147 animavit,
2636 2081 2823 2137 dicens
2853 2098 2866 2134 :
2900 2078 3050 2149 Ignis
3077 2078 3361 2142 tumulatio,
3391 2092 3507 2147 qua
3535 2088 3915 2146 consumptum

2314 2184 2389 2230 est
2431 2173 2774 2229 aduersarios.
2822 2170 2973 2228 Sicut
2998 2171 3141 2226 enim
3170 2168 3286 2225 fera
3316 2168 3523 2224 irritata
3556 2178 3611 2224 ct
3639 2166 3870 2224 efferata
3898 2210 3914 2229 .

2310 2282 2416 2322 non
2438 2266 2734 2323 cessaverit
2759 2264 2932 2320 donec
2954 2262 3189 2331 aliquem
3217 2260 3695 2332 comprehenderit
3720 2268 3776 2315 et
3806 2275 3913 2315 ex-

2308 2359 2482 2415 etlerit
2513 2377 2528 2413 :
2559 2360 2629 2414 ita
2659 2359 2820 2415 etiam
2852 2357 2944 2414 ille
2975 2358 3132 2430 ignis,
3164 2365 3435 2426 tamquam
3466 2356 3737 2426 quispiam
3766 2371 3913 2427 pnn-

2306 2460 2428 2507 ctus
2457 2450 2835 2513 a-mulatione,
2884 2466 3022 2520 quos
3068 2446 3487 2517 apprehenderit
3517 2462 3624 2501 non
3647 2446 3872 2501 dimittit
3894 2489 3911 2511 ,

2305 2543 2400 2601 sed
2432 2543 2573 2599 rodit
2606 2552 2661 2600 et
2689 2542 2967 2600 dilacerat.
2998 2541 3202 2597 Deinde
3241 2540 3404 2597 etiam
3431 2538 3707 2610 subjungit
3735 2539 3912 2594 ratio-

2308 2652 2431 2693 nem
2461 2636 2752 2704 minarum,
2774 2636 2918 2707 quod
2945 2633 2995 2690 id
3022 2634 3216 2690 merito
3241 2642 3295 2688 et
3319 2632 3440 2704 jure
3469 2632 3559 2688 liat
3585 2650 3599 2687 :
3625 2631 3767 2703 quod
3791 2633 3916 2703 quii-

2307 2728 2431 2785 dem
2477 2728 2688 2785 confert
2730 2728 2798 2792 ad
2842 2726 3039 2784 fidem.
3083 2725 3299 2798 quando
3336 2723 3737 2781 ostenderimus
3761 2726 3913 2795 quod

2300 2820 2423 2892 jure
2460 2820 2577 2876 ﬁat;
2615 2819 2705 2876 28.
2727 2817 2942 2874 Iri-itam
2969 2835 3083 2892 quts
3112 2818 3307 2888 faciens
3336 2818 3496 2889 legem
3522 2815 3720 2888 Μουκία
3741 2858 3757 2883 ,
3801 2820 3916 2872 sine

2305 2914 2413 2969 ulla
2460 2913 2814 2979 miseratione,
2856 2911 3055 2967 duobus
3103 2912 3179 2967 rel
3225 2910 3387 2965 tribus
3417 2910 3625 2966 testibus
3664 2911 3907 2965 moritur.

2306 3004 2437 3063 Siue
2464 3005 2573 3060 ulla
2599 3005 2938 3068 miseratione,
2969 3004 3157 3074 inquit.
3190 3002 3367 3072 Quare
3388 3003 3531 3057 nulla
3556 3003 3735 3067 venia,
3762 3004 3912 3058 nulla

2306 3106 2391 3153 est
2441 3096 2548 3152 illic
2591 3095 2964 3153 misericordia
2998 3112 3012 3151 :
3044 3109 3367 3165 quamquam
3412 3094 3500 3149 lex
3536 3102 3621 3150 est
3666 3094 3908 3166 Moysis:

2308 3188 2425 3259 ipse
2449 3190 2591 3243 enim
2621 3187 2785 3243 multa
2813 3186 3112 3243 constituit.
3145 3185 3282 3253 Quid
3312 3194 3394 3239 est
3414 3226 3429 3251 ,
3467 3183 3676 3239 Duobus
3703 3186 3781 3239 vel
3817 3186 3912 3238 tri-

2308 3279 2447 3334 bus.’
2473 3280 2527 3335 Si
2576 3279 2706 3341 duo,
2749 3277 2961 3349 inquit,
2995 3276 3077 3332 vel
3110 3285 3218 3331 tres
3248 3275 3616 3330 testimonium
3644 3276 3906 3342 tulerint,

2305 3370 2490 3427 statim
2516 3368 2647 3425 dant
2673 3384 2878 3438 ρωπος.
2923 3368 2979 3428 Si
3009 3384 3139 3439 ergo
3165 3368 3217 3422 in
3240 3364 3447 3434 Veteri,
3481 3369 3569 3423 ubi
3595 3368 3678 3422 lex
3709 3368 3911 3440 Moysis

2307 3462 2368 3518 llt
2398 3461 2569 3530 irrita,
2605 3472 2811 3517 tantum
2840 3471 2921 3517 est
2950 3461 3273 3531 supplicium
3308 3477 3320 3513 :
3350 3470 3555 3531 quanto
3582 3460 3752 3529 magis
3780 3461 3913 3517 hic?

2306 3554 2432 3613 Ideo
2462 3554 2534 3611 ita
2562 3554 2695 3611 dicit
2720 3572 2732 3608 :
2755 3552 2849 3609 29.
2883 3553 3088 3621 Quanto
3112 3553 3275 3624 magis
3306 3553 3497 3621 putatis
3523 3553 3778 3607 deteriora
3807 3572 3915 3608 me-

2303 3649 2406 3703 reri
2432 3646 2704 3719 snpplicia,
2731 3646 2818 3718 qui
2848 3643 3046 3699 Filium
3075 3644 3168 3699 Dei
3202 3643 3592 3706 conculcarerit,
3619 3653 3665 3698 et
3692 3646 3915 3716 sangui-

2304 3754 2418 3792 nem
2446 3740 2729 3794 testamenti
2752 3738 3005 3810 pollutum
3024 3738 3248 3804 duxerit,
3273 3748 3320 3792 et
3342 3736 3562 3808 Spiritui
3582 3739 3765 3809 gratim
3792 3756 3915 3793 con-

2302 3831 2558 3885 tumeliam
2581 3830 2752 3902 fecerit
2768 3832 2796 3885 ?
3330 3874 3333 3875 ν

2370 3920 2427 3976 2.
2472 3922 2538 3978 Et
2570 3921 2844 3991 quomodo
2884 3922 3167 3979 concaleat
3208 3922 3476 3992 quispiam
3531 3920 3726 3977 Filium
3770 3924 3913 3979 Dei?

2299 4012 2524 4080 Quando
2542 4013 2634 4083 qui
2663 4023 2747 4069 est
2770 4013 2887 4083 ejus
2913 4013 3182 4085 particeps
3212 4014 3264 4069 in
3296 4013 3590 4086 mysteriis,
3622 4025 3911 4084 pecuniam

2299 4103 2508 4171 fecerit,
2527 4103 2613 4160 dic
2637 4104 2791 4169 mihi,
2815 4120 2922 4160 non
2946 4105 3282 4162 conculcavit
3306 4121 3430 4162 eum
3447 4106 3471 4161 ?
3488 4122 3595 4161 non
3622 4106 3911 4179 despexit?

2313 4202 2381 4261 Ut
2410 4203 2552 4258 cnim
2588 4202 2787 4258 nullam
2813 4201 3073 4258 habemus
3098 4202 3363 4259 rationem
3394 4218 3579 4259 eorum
3609 4220 3731 4275 qua:
3768 4220 3912 4262 cau-

2308 4298 2627 4354 culcantur:
2658 4300 2730 4354 ita
2766 4299 2927 4353 etiam
2958 4298 3052 4368 qui
3074 4306 3319 4368 peccant,
3353 4298 3554 4352 nullam
3581 4298 3782 4353 Chriin
3810 4301 3909 4353 ha-

2310 4390 2437 4448 bent
2466 4393 2752 4456 rationem,
2785 4401 2841 4448 et
2865 4392 2945 4447 sic
2964 4402 3208 4463 peccant.
3228 4390 3424 4445 Factus
3443 4406 3499 4445 es
3532 4405 3728 4460 corpus
3747 4391 3830 4445 Ch
3864 4390 3921 4445 i-

2307 4484 2416 4550 sti,
2448 4492 2503 4539 et
2525 4482 2626 4538 das
2655 4492 2709 4539 te
2738 4482 2957 4537 diabolo
2983 4481 3456 4537 conculcattdntn?
3485 4480 3547 4535 Et
3568 4484 3874 4553 sanguinem
3901 4522 3915 4544 ,

2308 4578 2512 4649 inquit,
2540 4577 2791 4647 pollutum
2821 4577 3043 4631 duxerit.
3069 4574 3207 4645 Quid
3234 4585 3317 4630 est
3342 4590 3630 4631 commune
3656 4590 3757 4631 seu
3789 4576 3917 4644 pol-

2308 4667 2642 4724 lutum‘llloc
2664 4676 2747 4724 est
2776 4667 3136 4731 immundum,
3164 4676 3256 4721 aut
3285 4666 3417 4721 nihil
3446 4666 3676 4735 amplius
3699 4664 3915 4721 habens

2307 4775 2467 4833 quam
2512 4768 2726 4816 cetera.
2776 4758 2841 4814 Et
2878 4759 3082 4830 spiritui
3106 4758 3288 4831 gratia:
3315 4758 3683 4813 contumeliam
3708 4759 3910 4829 fecerit.

2308 4854 2440 4910 Nam
2469 4855 2558 4924 qui
2590 4853 2911 4909 beneﬁcium
2948 4868 3055 4907 non
3083 4852 3317 4921 accipit,
3367 4866 3491 4907 eum
3518 4851 3611 4922 qui
3644 4850 3916 4905 benefeeit

2308 4946 2475 5003 aflicit
2501 4944 2851 5002 Contumelia.
2880 4944 3031 5000 Fecit
3068 4953 3120 4999 te
3148 4942 3352 5006 lilium;
3388 4952 3444 4997 tu
3484 4950 3661 4996 autem
3689 4943 3771 4997 vis
3796 4942 3913 4997 fieri

2308 5038 2537 5096 servus?
2564 5038 2744 5103 venit,
2778 5037 2916 5108 apud
2956 5048 3006 5093 te
3033 5037 3329 5101 habitavit;
3363 5044 3416 5091 tu
3454 5045 3634 5091 antem
3656 5036 3724 5090 ad
3754 5045 3809 5091 te
3834 5035 3915 5089 in-

2311 5131 2597 5187 troduxisti
2627 5130 2797 5187 malas
2822 5130 3217 5201 cogitationes?
3259 5129 3506 5186 Christus
3549 5127 3720 5183 voluit
3766 5129 3912 5199 apud

2313 5232 2367 5278 te
2406 5232 2551 5279 stare
2586 5232 2643 5279 et
2678 5223 2975 5286 collocari;
3012 5231 3065 5277 tu
3095 5232 3273 5277 autem
3300 5223 3471 5292 ipsum
3498 5222 3786 5277 conculcas
3818 5237 3915 5291 per

2310 5318 2608 5388 crapulam,
2658 5333 2757 5389 per
2801 5316 3173 5373 ebrietatem?
3216 5314 3511 5370 Audiamus
3552 5313 3644 5383 qui
3690 5314 3915 5386 indigne

2312 5425 2497 5465 sumus
2524 5409 2818 5480 participes
2845 5409 3231 5479 mysteriorum
3279 5423 3292 5460 :
3325 5405 3605 5460 audiamus
3646 5407 3737 5475 qui
3767 5406 3913 5461 indi-

2311 5516 2416 5573 gne
2444 5500 2510 5557 ad
2538 5516 2777 5557 mensam
2808 5500 2951 5554 illam
2978 5498 3283 5555 accedimus
3311 5516 3322 5551 :
3360 5496 3555 5559 Nolite,
3580 5496 3916 5567 inquit,dare

2313 5603 2490 5649 sancta
2533 5594 2776 5660 canibus,
2819 5606 2883 5646 ne
2923 5589 3129 5662 quando
3154 5607 3212 5643 ea
3240 5588 3535 5643 conculcent
3561 5589 3667 5641 suis
3698 5588 3916 5657 pedibus

2318 5685 2534 5759 (Matth.
2564 5686 2618 5742 7.
2651 5684 2749 5753 6);
2779 5684 2879 5739 hoc
2905 5690 3016 5748 est,
3054 5697 3121 5737 ne
3146 5680 3437 5752 aliquando
3466 5678 3800 5749 despiciant.
3849 5696 3913 5736 ne

2314 5788 2590 5852 respuant.
2622 5776 2728 5834 Sed
2753 5776 2867 5832 haec
2896 5790 3004 5830 non
3033 5774 3187 5841 dixit,
3218 5782 3272 5827 at
3298 5771 3440 5843 quod
3475 5781 3555 5827 est
3582 5771 3913 5836 terribilius,

2316 5891 2437 5930 nam
2479 5889 2546 5931 ex
2586 5886 2652 5929 co
2694 5868 2837 5941 quod
2866 5877 2949 5926 est
2976 5867 3219 5925 terribile
3245 5906 3259 5933 ,
3298 5864 3622 5933 constringit
3648 5866 3908 5923 animas:
