4060 6402
627 369 735 428 “5

624 484 809 555 κρίσιν
831 480 1014 544 αὐτοῖς
1040 477 1327 555 ἐφίστησιν
1352 484 1398 539 ι,
1432 473 1530 527 ἀτε
1567 470 1661 526 τοῦ
1699 472 2025 555 πράγματος
2048 468 2200 555 όντος

626 549 887 637 φανεροῦ.
920 564 1103 627 Πόσῳ
1138 550 1386 621 δοκεῖτε,
1422 554 1579 626 φησι,
1620 555 1899 624 χείρονος
1946 549 2202 637 ἀξιωθρο

624 632 798 703 σεται
834 644 1143 716 τιμωρίας;
1183 638 1449 695 Ἐνταῦθά
1495 654 1590 709 μοι
1632 637 1787 691 δοκεῖ
1814 638 1907 691 καὶ
1939 635 2067 705 περὶ
2096 632 2206 686 τῶν

630 730 950 803 μυστηρίων
984 722 1343 781 αίνίττεσθαι.
1374 716 1511 776 Εἶτα
1541 721 1637 775 καὶ
1665 719 1971 792 μαρτυρίαν
2004 719 2208 803 ἐπάγει

624 798 828 883 λέγωνῖ
855 807 1113 876 Φοϐερὸν
1136 806 1204 860 τό
1231 803 1522 875 ἐμπεσεῖν
1544 807 1632 871 εἰς
1651 804 1851 873 zefpa;
1883 801 2032 856 Θεοῦ
2066 798 2207 861 ζῶν-

624 914 749 961 τος.
786 895 1123 964 Γέγραπται
1154 887 1301 958 γάρ’
1345 886 1509 958 Ἐμοί
1536 887 1880 954 ἐκδίκησις,
1916 883 2031 955 ἐγὼ
2068 884 2210 938 άντ-

626 978 919 1034 αποδώσω
939 1015 955 1041 ,
996 972 1163 1045 λέγει
1197 972 1414 1040 Κύριος
1433 988 1448 1002 ’
1479 971 1576 1025 καὶ
1599 969 1789 1036 πάλιν,
1820 969 2038 1039 Κύριος
2093 984 2211 1034 κρι-

625 1061 726 1116 νεῖ
771 1060 877 1114 τὸν
924 1056 1081 1113 ,ιιιόν
1124 1054 1335 1112 αὐτοῦ.
1406 1052 1852 1125 Ἐμπεσούμεθα,
1903 1051 2089 1121 φησὶν,
2130 1049 2209 1112 εἰς

628 1146 818 1216 χεῖρας
869 1140 1111 1212 Κυρίου,
1163 1139 1261 1193 καὶ
1306 1136 1383 1209 μὴ
1424 1136 1454 1178 δ
1506 1138 1589 1201 εἰς
1633 1139 1825 1207 χεῖρας
1878 1132 2206 1216 ἀνθρώπων.

640 1212 779 1280 Ἆλλ’
805 1224 902 1279 ἐάν
934 1224 1011 1296 μὴ
1054 1222 1451 1295 μετανοήσητε,
1488 1220 1571 1282 εἰς
1620 1221 1809 1289 χεῖρας
1850 1212 1986 1269 Θεοῦ
2032 1217 2209 1284 ἐμπε-

628 1309 811 1365 σεῖσθε
843 1327 859 1341 ·
901 1311 1079 1363 ἐκεῖνο
1109 1306 1339 1379 φοϐερόν
1366 1321 1381 1337 ·
1431 1303 1593 1359 τοῦτο
1650 1302 1806 1357 οὐδέν
1848 1303 1967 1354 ἐστι
2020 1300 2085 1352 16
2128 1298 2209 1361 εἰς

627 1395 820 1465 χεῖρας
872 1388 1177 1463 ἀνθρώπων
1218 1388 1501 1460 ἐμπεσεῖν.
1558 1386 1728 1441 Ὀταν
1776 1386 1994 1453 ἴδωμεν,
2052 1381 2208 1452 φησί,

627 1476 751 1530 τινὰ
781 1473 1139 1544 κολαζόμενον
1178 1471 1437 1538 ἐνταῦθα,
1476 1469 1552 1543 μὴ
1591 1467 1921 1539 φοϐηθῶμεν
1955 1466 2048 1518 ἐπὶ
2095 1465 2209 1526 τοῖς

628 1557 919 1629 παροῦσιν,
964 1556 1104 1611 ἀλλά
1132 1554 1415 1627 φρίξωμεν
1456 1553 1551 1607 ἐπὶ
1588 1553 1701 1615 τοῖς
1742 1550 2019 1622 μέλλουσι.
2049 1546 2212 1603 Κατὰ

631 1640 743 1711 γὰρ
786 1639 853 1694 τὸ
882 1639 1055 1706 ἔλεος
1102 1638 1285 1693 αὑτοῦ
1316 1636 1415 1691 καί
1448 1637 1487 1706 ὴ
1528 1633 1676 1705 ὀργὴ
1730 1632 1939 1699 αὐτοῦ,
1987 1630 2086 1685 καί
2113 1629 2212 1684 ὲπί

628 1721 1016 1792 ἁμαρτωλοὺς
1064 1721 1444 1776 καταπαύσει
1494 1722 1528 1774 ό
1565 1716 1755 1787 θυμός
1803 1715 2011 1770 αὑτοῦ.
2059 1714 2213 1782 ’Ἅμα

631 1807 727 1861 καί
760 1805 949 1876 ἔτερόν
998 1822 1050 1858 τι
1099 1803 1398 1859 αἰνίττεται
1443 1800 1679 1857 ἐνταῦθα
1725 1800 1816 1854 διά
1867 1796 1961 1851 τοῦ
2012 1798 2207 1849 εἰπεῖν·

631 1887 799 1959 Ἐ’μοί
812 1887 1142 1955 ἐκδίκησις,
1155 1886 1269 1955 ἐγὼ
1288 1882 1712 1941 ἀνταποδώσω.
1731 1881 1855 1935 Ἐπὶ
1877 1878 1986 1933 τῶν
2002 1877 2213 1950 ἐχθρῶν

630 1970 792 2026 τοῦτο
822 1970 1037 2042 εἴρηται
1074 1968 1182 2022 τῶν
1217 1967 1403 2032 κακῶς
1434 1966 1754 2030 ποιούντων,
1787 1966 1849 2019 οὐ
1874 1963 1984 2017 τῶν
2024 1962 2214 2025 κακῶς

633 2055 973 2125 πασχόντων.
1043 2051 1310 2108 Ἐνταῦθα
1362 2052 1459 2106 καὶ
1513 2048 1928 2122 παραμυθεῖται
1987 2047 2209 2111 αὐτοὺς,

638 2136 920 2209 μονονουχὶ
944 2135 1154 2205 λέγων⁵
1191 2135 1360 2190 Μένει
1400 2133 1694 2197 διαπαντὸς
1726 2134 1755 2187 ό
1783 2132 1915 2196 Θεὸς
1957 2132 2052 2185 καὶ
2097 2132 2164 2201 ζῇ
2196 2147 2211 2163 ο

634 2219 777 2275 ῶστε
799 2220 903 2275 κάν
937 2218 1015 2289 μὴ
1036 2217 1132 2274 νῦν
1156 2217 1531 2284 ἀπολάϐωσιν,
1556 2214 1784 2288 ὕστερον
1816 2212 2213 2285 ἀπολήψονται.

647 2300 923 2365 Ἐκείνους
950 2302 1031 2355 δεῖ
1069 2299 1371 2369 στενάζειν,
1417 2302 1519 2371 οὐχ
1548 2300 1697 2371 ἡμᾶς
1719 2316 1731 2329 ·
1768 2300 1930 2369 ἡμεῖς
1981 2298 2079 2367 μὲν
2107 2296 2217 2367 γὰρ

636 2386 720 2448 είς
752 2384 849 2447 τάς
872 2383 1100 2438 ἐκείνων
1130 2382 1523 2454 ἐμπεσούμεθα
1558 2385 1769 2453 χεῖρας,
1801 2382 1999 2434 ἐκεῖνοι
2028 2379 2086 2433 δὲ
2132 2381 2215 2441 εἰς

635 2468 737 2530 τάς
757 2464 855 2519 τοῦ
884 2465 1045 2520 Θεοῦ.
1078 2465 1154 2519 Οὐ
1184 2465 1293 2536 γάρ
1327 2465 1355 2517 6
1384 2463 1575 2518 παθὼν
1607 2464 1807 2534 πάσχει
1853 2461 2062 2528 κακῶς,
2101 2460 2216 2515 ἀλλ’

635 2552 667 2603 6
703 2549 873 2603 ποιῶν
903 2564 919 2580 ·
953 2546 1079 2603 οὐτε
1107 2550 1138 2603 ό
1180 2546 1645 2620 εὐεργετούμενος
1689 2544 2051 2618 εὐεργετήθη,
2100 2544 2216 2599 ἀλλ’

635 2636 666 2690 ό
698 2633 1023 2703 εὐεργετῶν.

707 2716 896 2771 Ταῦτα
918 2712 1010 2772 οῦν
1037 2716 1262 2783 ειδότες,
1293 2715 1609 2783 ἀνεξίκακοι
1644 2708 1797 2787 ὦμεν
1832 2718 1961 2787 περὶ
2000 2717 2063 2770 16
2108 2714 2217 2768 πά-

640 2817 794 2871 σχειν
840 2798 1046 2865 κακῶς,
1081 2799 1365 2871 πρόχειροι
1412 2800 1541 2871 περὶ
1580 2798 1644 2852 16
1678 2798 1829 2872 [189]
1885 2799 2215 2870 εὐεργετεῖν.

638 2884 814 2938 Τοῦτο
866 2883 925 2937 δέ
965 2883 1149 2948 έσται,
1185 2883 1251 2937 ἀν
1311 2885 1613 2953 χρημάτων
1661 2884 2096 2955 καταφρονῶμεν
2125 2881 2222 2935 καὶ

638 2968 798 3040 δόξης
832 2983 847 2999 ’
891 2968 920 3020 ό
954 2968 1131 3021 ταῦτα
1164 2965 1231 3020 τά
1275 2966 1422 3038 πάθη
1470 2967 1907 3038 ἀποδυσάμενος,
1959 2967 2219 3022 ἁπάντων

640 3050 951 3125 ἀνθρώπων
981 3051 1131 3108 ἐστὶν
1165 3050 1621 3123 ἐλευθερώτερος,
1659 3053 1755 3105 καὶ
1784 3051 1949 3107 αὐτοῦ
1980 3051 2076 3105 τοῦ
2123 3054 2222 3123 τὴν

640 3136 935 3208 ἁλουργίδα
958 3135 1344 3208 περικειμένου
1380 3135 1780 3206 εὐπορώτερος.
1817 3136 1928 3206 Οὐχ
1962 3137 2094 3207 ὁρᾷς
2123 3136 2223 3189 ὅσα

641 3219 853 3289 γίνεται
883 3218 1031 3273 κακά
1059 3218 1149 3272 διὰ
1175 3219 1245 3273 τά
1269 3218 1523 3289 χρήματα
1548 3236 1563 3285 ;
1591 3218 1653 3270 οὐ
1698 3218 1841 3286 λέγω
1875 3218 1975 3271 ὅσα
2003 3217 2093 3271 διά
2125 3216 2222 3288 τὴν

642 3302 982 3369 πλεονεξίαν,
1009 3302 1126 3356 ἀλλ’
1160 3303 1219 3355 ἐν
1250 3304 1315 3371 τῇ
1351 3300 1699 3373 προσπαθεία
1723 3301 1930 3355 τούτων
1954 3319 1969 3333 ·
2018 3296 2132 3355 οἷόν
2169 3318 2221 3354 τι

643 3388 805 3457 λέγωο
830 3387 928 3441 Ἂν
953 3384 1193 3458 ἀπολέσῃ
1216 3403 1301 3449 τις
1327 3386 1612 3455 χρήματα,
1635 3385 1837 3450 παντὸς
1864 3386 2097 3440 θανάτου
2124 3403 2221 3456 χα-

644 3472 950 3543 λεπώτερον
978 3469 1091 3541 βίον
1120 3468 1208 3541 ζῇ.
1242 3470 1307 3522 Τί
1331 3469 1539 3537 ἀλγεῖς,
1562 3469 1843 3540 ἀνθρωπε;
1866 3472 1918 3524 τί
1940 3470 2217 3541 δακρύεις

644 3556 729 3609 ὅτι
759 3571 819 3608 σε
853 3554 953 3624 τῆς
986 3552 1254 3623 περιττῆς
1284 3552 1536 3622 φυλακῆς
1559 3552 1867 3622 ἀπήλλαξεν
1890 3557 1918 3607 6
1954 3554 2108 3619 616;;
2138 3555 2221 3607 δτι

644 3638 708 3691 οὐ
736 3636 879 3709 κάθῃ
905 3635 1121 3707 τρέμων
1153 3634 1249 3687 καλ⁵
1286 3634 1575 3699 δεδοικώςς
1617 3631 1749 3688 Εἶτα
1793 3636 1859 3689 ἂν
1891 3635 1989 3705 μέν
2023 3636 2084 3688 σέ
2135 3652 2223 3699 τις

640 3719 935 3790 προσδήσῃ
972 3716 1265 3788 θησαυρῷ,
1305 3715 1552 3770 κελεύων
1590 3716 1883 3780 διαπαντὸς
1924 3719 2044 3769 ἐκεῖ
2088 3716 2223 3772 καθ-

647 3802 834 3873 ἧσθαι,
853 3802 948 3855 καὶ
977 3802 1281 3872 ἀγρυπνεῖν
1309 3800 1450 3870 ὺπέρ
1471 3798 1787 3871 ἀλλοτρίων,
1810 3802 2020 3869 ἀλγεῖς,
2040 3800 2224 3871 δυσχε-

650 3886 857 3958 ραίνεις
886 3900 900 3917 ⁸
920 3876 991 3938 ’σύ
1011 3885 1069 3937 δὲ
1100 3882 1297 3937 σαυτὸν
1318 3884 1630 3955 προσδήσας
1661 3884 1881 3954 δεσμοῖς
1903 3885 2223 3955 χαλεπωτά-

648 3985 782 4035 τοις,
816 3968 1006 4037 ἐπειδὴ
1038 3966 1358 4038 ἀπηλλάγης
1397 3967 1496 4037 τῆς
1540 3966 1803 4031 δουλείας,
1837 3969 2061 4035 ἀλγεῖς;
2098 3969 2224 4020 Ὀν-

649 4070 759 4116 τως
797 4050 1121 4123 προλήφεὼς
1167 4053 1306 4104 εἰσιν
1337 4052 1390 4103 αἰ
1419 4050 1587 4104 λῦπαι
1627 4052 1722 4106 καὶ¹
1758 4053 1813 4105 αί
1846 4050 2175 4121 εὐφροσύναι
2205 4089 2219 4103 ,

649 4135 900 4205 καθάπερ
934 4134 1043 4209 γὰρ
1082 4134 1339 4205 ἀλλότρια
1367 4132 1601 4204 ἔχοντες,
1632 4134 1806 4196 οὐτως
1842 4134 1981 4187 αὐτὰ.
2026 4131 2224 4205 τηροῦ-

652 4234 775 4290 μεν.
801 4217 916 4270 Νῦν
943 4217 1081 4287 πρὸς
1117 4216 1217 4281 τάς
1245 4216 1507 4285 γυναῖκάς
1558 4234 1646 4286 μοι
1684 4220 1713 4270 6
1760 4217 1939 4284 λόγος.
1976 4211 2109 4286 Εἷχέ
2140 4234 2222 4281 τις

649 4300 788 4372 γυνὴ
812 4298 1071 4363 πολλάκις
1099 4298 1206 4354 6116
1232 4299 1457 4370 χρυσίου
1490 4298 1811 4369 ὑφασμένον
1853 4299 2094 4367 ἱμάτιον,
2130 4299 2227 4352 καὶ

651 4383 811 4437 τοῦτο
837 4384 1115 4445 τινάσσει,
1146 4381 1464 4452 περιϐάλλει
1486 4380 1675 4446 λίνοις,
1701 4385 1859 4453 τηρεῖ
1885 4382 2021 4453 μετά
2051 4384 2229 4449 ἀσφα-

650 4468 823 4533 λείας,
844 4466 1037 4537 τρέμει
1060 4466 1203 4535 ὐπέρ
1238 4465 1425 4531 αὐτοῦ,
1459 4465 1554 4518 καὶ
1583 4465 1683 4519 οὐκ
1716 4464 1981 4521 ἀπολαύει
2013 4464 2180 4520 αὐτοῦ
2206 4482 2222 4499 ’

651 4551 688 4622 ἢ
720 4551 831 4621 γάρ
848 4548 1202 4617 ἐτελεύτησεν
1230 4547 1262 4616 ἦ
1297 4549 1593 4618 ἐχήρευσεν
1618 4565 1631 4578 ο
1674 4548 1730 4619 ἢ,
1760 4548 1864 4601 κᾶν
1909 4549 2077 4620 μηδὲν
2104 4548 2228 4601 τού-

651 4653 762 4690 των
786 4633 992 4703 συμϐῇ,
1032 4631 1236 4683 δέδοικε
1274 4630 1350 4700 μή
1379 4634 1445 4702 τῇ
1493 4634 1709 4702 συνεχεῖ
1747 4634 1943 4704 χρήσει
1976 4633 2225 4703 δαπανή-

656 4734 800 4772 σασα
821 4715 973 4778 6616,
1018 4714 1449 4783 ἀποστερήσειεν
1489 4715 1690 4785 ἐαυτήν
1716 4732 1729 4745 ο
1785 4714 1889 4768 κᾶν
1926 4714 2084 4779 ἄλλος
2128 4715 2231 4768 οὐκ

653 4798 1025 4870 ἀποστερήσῃ,
1058 4798 1356 4865 ἀποστερεῖ
1388 4796 1590 4867 ἐαυτὴν
1626 4799 1692 4868 τῇ
1725 4796 1998 4868 φειδωλία.
2066 4795 2231 4851 ’Δλλά

656 4883 981 4953 παραχωρεῖ
1004 4879 1208 4950 ἐτέρας
1248 4878 1362 4931 ἀλλ’
1395 4880 1516 4933 οὐδὲ
1546 4879 1706 4933 τοῦτο
1740 4880 1898 4951 δῆλον
1929 4899 1940 4910 ·
1973 4882 2021 4933 εἰ
2044 4880 2100 4933 δὲ
2135 4880 2230 4935 καὶ

657 4964 1103 5037 παραχωρήσειε,
1133 4964 1228 5015 καὶ
1261 4962 1448 5034 ἐκείνη
1474 4962 1636 5017 πάλιν
1674 4964 1875 5035 ὁμοίως
1914 4963 2067 5033 αὐτῷ
2092 4966 2231 5037 χρή-

660 5064 836 5102 σεται.
872 5047 979 5099 Καὶ
1007 5047 1158 5109 εἴτις
1186 5046 1477 5117 ἐρευνήσει
1505 5047 1573 5100 τά
1597 5048 1652 5099 ἐν
1677 5050 1795 5111 ταῖς
1811 5046 2031 5114 οἰκίαις,
2068 5049 2234 5120 εὐρή-

661 5146 748 5183 σει
784 5128 855 5183 τὰ
894 5129 1128 5199 μάλιστα
1154 5128 1316 5199 τίμια
1343 5129 1454 5182 τῶν
1500 5129 1730 5199 ἱματίων
1761 5132 1856 5185 καὶ
1896 5131 1965 5185 16
1998 5131 2137 5185 ἄλλα
2165 5134 2234 5187 τὰ

662 5196 1000 5283 ὑπερέχοντα
1018 5214 1075 5265 ἐν
1104 5196 1315 5265 πλείονι
1342 5216 1500 5283 τιμῇ,
1524 5196 1713 5283 ῶσπερ
1736 5214 2016 5285 ἐμψύχους
2039 5215 2234 5270 δεσπό-

660 5312 780 5359 τας,
812 5295 1227 5365 θεραπευόμενα
1248 5312 1260 5324 ·
1290 5296 1349 5349 οὐ
1389 5295 1498 5367 γὰρ
1528 5296 1730 5367 χρῆται
1762 5298 1943 5361 αὐτοῖς
1970 5300 2232 5369 συνεχῶς,

662 5378 800 5433 ἀλλά
825 5378 1032 5433 δέδοικε
1068 5380 1165 5432 καὶ
1188 5380 1401 5451 τρέμει,
1437 5382 1605 5449 σῆτας
1648 5384 1745 5435 καὶ
1774 5382 1843 5435 131
1874 5382 2011 5435 ἄλλα
2044 5384 2111 5436 τά
2148 5384 2234 5453 βι-

664 5462 935 5531 όρώσκειν
964 5461 1197 5516 εἰωθότα
1252 5463 1618 5527 ἁποσοόοῦσα,
1668 5466 1763 5518 καὶ
1804 5465 1873 5517 16
1912 5466 2134 5519 πλείονα
2177 5469 2235 5519 ἐν

669 5545 897 5617 μύρροις
913 5546 1005 5599 καὶ
1024 5546 1281 5618 ἀρῶμασι
1304 5549 1663 5615 τιθεῖσα,οὐδέ
1686 5551 1849 5602 πᾶσιν
1870 5550 2237 5620 ἐπιτρέπουσα

730 5662 755 5735 ξ
784 5660 842 5735 _l_n
874 5662 1232 5735 Colyrlfgilqr
1261 5669 1470 5732 ἀφίησιν.
1494 5669 1708 5735 Dymnus
1729 5670 1905 5735 ἐφίητξι·

704 5722 761 5799 ηδ
784 5725 917 5786 Marg
958 5722 1135 5799 _Sa\fi|.',
1188 5722 1469 5795 ἐμπέσωμεν
1512 5730 1610 5795 οὖν,
1655 5722 1899 5795 φησίν,ἐίς
1922 5732 2079 5796 χεῖρας
2111 5730 2235 5785 Θεοῦ

669 5792 859 5853 ζῶντος,
892 5792 971 5838 καί
997 5793 1079 5853 μή.

1366 360 1423 418 S.
1460 356 1747 417 JOANNIS
1780 350 2266 416 CHRYSOSTOMI
2304 354 2625 415 ARCHIEP.
2665 346 3223 415 CONST'ANTINOP.

3797 335 3821 392 Ι
3832 334 3907 393 ιο

2307 470 2409 537 τῆς
2437 471 2617 542 ὅψεως
2654 469 3066 539 καταξιωθῆναι
3118 461 3361 531 ἐκείνης,
3414 455 3533 511 ἀλλ’
3582 452 3726 542 αὐτὴ
3763 428 3917 542 πολ·-ι

2307 536 2461 617 λάκις
2483 536 2637 625 ’μετά
2672 554 2767 607 τοῦ
2802 536 2997 618 ἀνδρός
3023 546 3196 601 ταῦτα
3235 542 3535 625 διατιθεῖσα
3585 536 3901 625 ἐπιμεψ.

2379 638 2445 706 γ’.
2466 620 2583 692 όύκ
2596 636 2843 701 εἰκότως,
2861 632 2980 687 εἰπέ
3002 648 3113 701 μοι,
3133 622 3579 695 εἰδωλολατρείαν
3594 622 3696 690 τὴν
3714 620 3910 706 πλεον-

2308 703 2464 787 εξίαν
2498 721 2758 775 ἐκάλεσεν
2791 718 2821 770 ό
2866 714 3117 778 Παῦλος;
3146 712 3323 783 Ὀσην
3359 709 3469 779 γὰρ
3498 707 3702 760 ἐκεῖνοι
3729 703 3910 787 τιμὴν

2309 782 2439 874 περὶ
2479 804 2549 857 16
2593 800 2792 856 εἴδωλα
2825 782 3574 861 ἐπιδείκνυνται,τοσαύτην
3608 788 3709 874 καὶ
3752 782 3910 874 06101

2310 870 2438 957 περὶ
2472 888 2543 940 τὰ
2572 887 2764 957 ίμάτια
2782 894 2831 948 ο,
2861 880 2995 953 περλ⁸
3023 879 3093 933 16
3110 876 3335 949 χρυσία.
3378 876 3558 947 Μέχρι
3584 872 3736 957 τίνος
3777 870 3911 957 βόρα

2310 955 2469 1041 σορον
2516 955 2915 1036 ἀνακινούμενς
2965 962 3129 1034 μέχρι
3176 960 3325 1023 τίνος
3368 956 3447 1028 τῷ
3489 955 3650 1028 πηλῷ
3702 955 3802 1041 καὶ
3837 957 3909 1041 τῇ

2310 1037 2562 1123 πλινθείᾳ
2586 1048 3030 1125 προσηλὼμεθας
3064 1046 3278 1114 Ὠσπερ
3311 1042 3421 1110 γὰρ
3455 1040 3661 1125 ἐκεῖνοι
3690 1038 3773 1125 τῷ
3798 1037 3911 1125 τῶν

2311 1135 2462 1211 [190]
2485 1120 2794 1205 Αἰγυπτίων
2819 1132 3031 1203 βασιλεῖ
3056 1129 3316 1211 ἔκαμνον,
3348 1126 3491 1211 οὕτω
3513 1123 3609 1211 καλ
3632 1124 3802 1211 ήμεξ
3829 1120 3910 1193 τῷ

2308 1204 2538 1287 διαϐόλῳ
2566 1204 2893 1288 ίκάμνομεν,
2922 1214 3019 1267 καὶ
3052 1207 3434 1283 μαστιζόμεθα
3479 1207 3614 1261 πολύ
3646 1204 3907 1277 χαλεπωο

2308 1303 2479 1374 τέρας
2520 1301 2813 1372 μάστιγας.
2850 1298 2963 1351 Καὶ
2999 1298 3072 1368 μή
3099 1312 3222 1349 τινα
3254 1290 3564 1363 ὑπερϐολὴν
3595 1288 3911 1374 νκαταγνῷς

2311 1373 2406 1441 τοῦ
2454 1384 2616 1454 λόγου
2640 1401 2655 1417 ο
2699 1384 2811 1452 ὅσῳ
2839 1381 2948 1452 γὰρ
2977 1378 3247 1451 κρείττων
3276 1374 3531 1445 σώματος
3574 1373 3727 1445 ψυχὴ
3750 1416 3766 1440 ,
3815 1390 3912 1427 το-

2314 1469 2491 1540 σούτῳ
2514 1467 2737 1541 φροντὶς
2762 1464 3047 1536 μωλὼπων
3072 1458 3450 1534 μαστιζόμεθα
3465 1458 3493 1499 δ
3513 1458 3635 1513 καθ’
3662 1459 3911 1529 ἑκάστην

2312 1553 2549 1624 ἡμέραν,
2582 1549 2905 1619 δεδοίκαμεν
2940 1544 3345 1618 φροντίζοντες,
3396 1542 3717 1615 τρέμοντες.
3766 1541 3911 1594 Ἀλλ’

2313 1640 2408 1693 ἐὰν
2438 1637 2758 1709 θελήσωμεν
2790 1631 3081 1697 στενάξαι,
3120 1630 3217 1684 ἐὰν
3246 1628 3566 1698 θελήσωμεν
3598 1624 3913 1709 ἀναϐλέψαι

2314 1722 2454 1794 πρὸς
2487 1708 2580 1775 τδν
2610 1719 2765 1785 Θεὸν,
2802 1718 3014 1788 πέμπει
3041 1716 3177 1787 ἡμῖν
3203 1713 3265 1768 οὐ
3309 1710 3571 1776 Μωῦσέα,
3600 1709 3735 1794 ἓούδέ
3779 1708 3913 1794 1A6-

2316 1784 2450 1880 ρῶν,
2476 1803 2612 1860 ἀλλά
2640 1802 2733 1856 τδν
2753 1784 2924 1856 αὐτοῦ
2950 1784 3108 1869 λόγον
3133 1798 3227 1853 καί
3254 1796 3355 1880 τήν
3378 1792 3699 1880 κατάνυξιν.
3730 1784 3915 1880 9610;

2314 1874 2495 1944 τοίνυν
2518 1885 2714 1951 ἐλθὼν,
2744 1884 2839 1940 καὶ
2872 1881 3164 1954 κατασχὼν
3188 1878 3348 1951 ήμῶν
3377 1878 3477 1943 τάς
3508 1876 3693 1948 ψυχὰς
3711 1916 3726 1941 ,
3751 1874 3915 1929 ἐλευ-

2316 1971 2548 2042 θερώσει
2576 1971 2678 2038 τῆς
2706 1968 2951 2032 δουλείας
2977 1968 3077 2037 τῆς
3103 1965 3309 2035 πικρᾶς
3335 1964 3507 2035 ἡμᾶς,
3540 1960 3725 2027 ἐξάξει
3755 1961 3911 2031 ἡμᾶς

2316 2057 2375 2123 ἐξ
2415 2054 2727 2123 Δίγύπτου,
2763 2051 2863 2122 τῆς
2894 2052 3154 2119 ἀνονήτου
3188 2047 3284 2102 καὶ
3329 2044 3700 2118 ματαιοπόνου
3740 2060 3915 2097 σπου-

2314 2141 2435 2212 δῆς,
2461 2139 2559 2207 τῆς
2583 2135 2831 2198 δουλείας
2855 2134 2955 2204 τῆς
2982 2132 3135 2186 οὐδὲν
3160 2131 3353 2201 κέρδος
3378 2128 3633 2212 ἐχούσης.
3669 2127 3913 2212 Ἐκεῖνοι

2320 2210 2419 2296 μέν
2455 2216 2549 2277 οὐν
2587 2218 2691 2275 κάν
2731 2218 2934 2291 χρυσία
2974 2215 3233 2277 λαϐόντες
3262 2213 3526 2284 ἐξῆλθον,
3572 2210 3670 2267 τδν
3711 2210 3914 2282 μισθὸν

2316 2310 2417 2379 τῆς
2446 2305 2740 2375 οἰκοδομῆς
2762 2320 2776 2334 ο
2810 2303 2973 2375 ἡμεῖς
3005 2300 3065 2353 δὲ
3089 2298 3245 2354 οὐδέν
3263 2313 3279 2328 ·
3310 2297 3408 2352 καὶ
3435 2296 3549 2351 εῖθε
3582 2296 3788 2368 μηδέν’
3814 2296 3914 2350 νῦν

2317 2392 2375 2446 δέ
2406 2391 2497 2445 καὶ
2522 2390 2682 2460 ήμεῖς
2720 2386 3072 2457 λαμϐάνομεν
3109 2382 3170 2437 οὐ
3200 2380 3422 2455 χρυσία,
3461 2381 3601 2435 ἀλλά
3632 2379 3710 2434 τὰ
3736 2379 3915 2449 Αἰγύ-

2322 2495 2455 2531 πτου
2478 2474 2645 2539 κακὰ,
2663 2472 3041 2544 ἁμαρτήματα
3073 2468 3171 2522 καὶ
3200 2467 3451 2531 κολάσεις
3478 2465 3575 2520 καί
3604 2465 3913 2537 τιμωρίας.

2318 2561 2599 2629 Μάθωμεν
2651 2556 2833 2610 τοίνυν
2882 2552 3247 2622 ὠφελεῖσθαι,
3292 2548 3556 2621 μάθωμεν
3600 2549 3917 2619 ἐπηρεάζε-

2320 2644 2477 2699 σθαι·
2517 2641 2677 2695 τοῦτό
2712 2642 2829 2693 ἐστι
2860 2635 3187 2708 Χριστιανοῦ
3208 2652 3222 2666 ’
3253 2632 3771 2705 καταφρονήσωμεν
3800 2632 3916 2688 τῶν

2319 2726 2539 2800 χρυσῶν
2571 2724 2836 2795 ἱματίων,
2866 2720 3379 2790 καταφρονήσωμεν
3420 2717 3530 2771 τῶν
3566 2716 3912 2789 χρημάτων,

2321 2814 2409 2866 ῐνα
2432 2810 2507 2881 μὴ
2530 2806 3035 2879 καταφρονήσωμεν
3048 2806 3149 2873 τῆς
3171 2801 3449 2872 σωτηρίας
3469 2801 3571 2870 τῆς
3596 2801 3914 2872 ἡμετέρας.

2322 2894 2829 2963 καταφρονήσωμεν
2857 2887 3159 2961 χρημάτων
3178 2926 3194 2953 ,
3238 2886 3331 2939 καὶ
3366 2884 3442 2956 μὴ
3473 2885 3918 2955 116161990114)“-

2325 2998 2424 3052 μεν
2468 2980 2565 3047 τῆς
2610 2974 2828 3045 ψυχῆς·
2884 2968 3022 3045 αῦτη
3072 2969 3181 3041 γάρ
3232 2969 3382 3022 ἐστιν
3428 2970 3461 3039 ή
3522 2967 3913 3052 κολαζομένη,

2322 3050 2461 3132 αὕτη
2501 3059 2650 3113 ἐστὶν
2680 3059 2714 3127 ὴ
2748 3053 3138 3126 τιμωρουμένη
3164 3069 3177 3083 ·
3216 3051 3403 3105 ἐκεῖνα
3441 3050 3680 3105 ἐνταῦθα
3714 3053 3913 3121 μένει,

2322 3146 2461 3215 αῦτη
2500 3143 2557 3197 δὲ
2587 3145 2804 3198 ἄπεισιν
2833 3141 2968 3193 ἐκεῖ.
2997 3138 3155 3200 Τίνος
3182 3136 3394 3201 ἐνεκεν,
3432 3136 3600 3201 τίνος,
3636 3136 3761 3189 εἰπέ
3797 3153 3915 3207 μοι,

2326 3228 2696 3288 κατακόπτεις
2731 3222 2956 3287 σαυτὸν,
2996 3222 3091 3275 καὶ
3120 3222 3221 3274 οὐκ
3249 3218 3515 3291 αἰσθάνῃ;
3543 3219 3735 3275 Ταῦτα
3776 3219 3919 3291 πρὸς

2320 3315 2447 3376 τούς
2467 3311 2794 3372 πλεονέκτας
2822 3306 2985 3374 λέγω.
3014 3304 3194 3358 Καλὸν
3216 3303 3271 3356 δέ
3289 3304 3385 3357 καὶ
3414 3302 3551 3373 πρὸς
3566 3304 3697 3366 τούς
3722 3302 3919 3357 πλεονυ

2321 3395 2681 3465 εκτουμένούς
2754 3392 2960 3455 εἰπεῖν,
3019 3386 3215 3459 φέρετε
3264 3386 3532 3454 γενναίως
3573 3383 3673 3448 τάς
3714 3384 3917 3465 πλεονο

2321 3453 2509 3547 εξίαςί
2547 3453 2774 3535 ἑαυτοὺς
2810 3453 3126 3543 ἀναιροῦσιν
3156 3453 3374 3533 ἐκεῖνοι,
3396 3468 3497 3538 οὐχ
3526 3467 3694 3536 ὑμᾶς.
3737 3453 3921 3539 ’Υμᾶς

2326 3564 2427 3633 μὲν
2468 3556 2833 3627 ἀποστεροῦσι
2878 3554 3213 3626 χρημάτων,
3267 3553 3496 3610 ἐαυτούς
3538 3551 3598 3604 δὲ
3635 3550 3919 3622 γυμνοῦσι

2321 3648 2423 3718 τῆς
2446 3645 2658 3707 εὐνοίας
2684 3641 2778 3695 τοῦ
2815 3640 2951 3695 Θεοῦ
2978 3641 3071 3695 καὶ
3093 3641 3194 3710 τῆς
3221 3637 3475 3709 βοηθείας
3494 3653 3509 3668 ο
3542 3638 3571 3690 ό
3599 3634 3659 3689 δὲ
3689 3637 3923 3708 ἐκείνης

2322 3728 2661 3800 γυμνωθεὶς,
2683 3724 2787 3778 κᾶν
2817 3723 3033 3777 ἅπαντα
3059 3721 3425 3792 περιὸάληται
3447 3720 3548 3790 τῆς
3577 3719 3922 3792 οἰκουμένης

2320 3812 2414 3866 τὸν
2442 3810 2693 3875 πλοῦτον,
2728 3810 2945 3861 πάντων
2972 3808 3091 3859 ἐστὶ
3115 3805 3438 3874 πενέστερος
3456 3818 3472 3835 ο
3496 3802 3793 3873 ὼσπεροῦν
3823 3809 3921 3861 καὶ

2321 3897 2351 3950 6
2383 3896 2600 3949 πάντων
2630 3890 2957 3962 πενέστερος
2978 3929 2993 3953 ,
3021 3889 3089 3943 ἃν
3117 3886 3323 3959 ταύτην
3354 3886 3474 3960 ἐχῃ,
3510 3886 3733 3940 πάντων
3760 3887 3924 3940 ἐστὶν

2323 3978 2731 4049 εὐπορώτερος’
2763 3975 2982 4042 Κύριος
3010 3973 3139 4046 γὰρ,
3165 3972 3321 4044 φησί,
3352 3972 3655 4042 ποιμαίνει
3685 3987 3788 4042 με,
3818 3972 3922 4024 καί

2322 4063 2504 4120 οὐδέν
2536 4078 2613 4133 με
2648 4058 2993 4130 ὑστφήσει.
3031 4060 3168 4113 Εἰπέ
3216 4058 3280 4127 δή
3331 4073 3456 4127 μοι,
3498 4056 3552 4110 εί
3595 4072 3723 4109 τινα
3768 4049 3924 4125 εἶχες

2324 4151 2495 4220 ἀνδρα
2525 4147 2698 4219 μέγαν
2729 4146 2826 4198 καὶ
2864 4144 3211 4214 θαυμαστὸν,
3243 4141 3390 4195 πάνυ
3422 4157 3481 4193 σε
3514 4138 3775 4207 φιλοῦντα
3824 4140 3925 4193 καὶ

2326 4232 2648 4305 κηδόμενον,
2677 4225 2797 4283 εἶτα
2818 4228 2990 4295 ἔγνως
3012 4227 3095 4281 ὃτι
3124 4224 3420 4288 διαπαντὸς
3447 4222 3697 4296 ζήσεται,
3724 4224 3827 4278 καὶ
3857 4226 3923 4278 οὐ

2328 4315 2784 4388 προτελευτήσεις
2815 4307 3007 4375 αὐτοῦ,
3037 4310 3135 4364 καὶ
3169 4309 3351 4363 πάντα
3390 4324 3471 4362 σοι
3506 4308 3739 4379 παρέξει
3774 4308 3925 4378 μετά

2330 4401 2517 4462 ἀδείας
2546 4398 2614 4452 τὰ
2650 4395 2838 4463 αὐτοῦ,
2885 4395 3027 4450 ῶστε
3071 4410 3132 4447 σε
3170 4392 3248 4457 ὡς
3282 4391 3393 4447 τῶν
3438 4391 3547 4446 σῶν
3578 4389 3919 4446 ἀπολαύειν·

2330 4480 2441 4557 ἆρα
2478 4482 2544 4537 ἂν
2574 4482 2845 4553 ἠθέλησας
2878 4477 3189 4549 κτήσασθαί
3214 4494 3304 4545 τι;
3340 4472 3450 4550 ἆρα
3490 4477 3581 4539 ἀν,
3613 4477 3663 4529 εἰ
3694 4476 3923 4557 πάντων

2331 4554 2691 4637 ἐγυμνώθης,
2732 4561 2853 4633 οὐχί
2882 4578 2961 4615 σε
3015 4559 3433 4633 πλουσιωτέραν
3475 4559 3729 4630 ἐνόμιζες
3774 4554 3926 4614 εἶναι

2329 4652 2415 4705 διὰ
2452 4650 2646 4715 τοῦτο;
2677 4647 2742 4701 Τί
2770 4645 2971 4716 δήποτε
3006 4641 3101 4699 οῦν
3133 4644 3386 4709 πενθεῖς;
3412 4644 3498 4698 ὅτι
3527 4644 3793 4715 χρήματα
3818 4644 3927 4698 οὐκ

2331 4735 2516 4805 ιχειςς
2550 4731 2666 4786 ἀλλ’
2698 4727 2870 4784 ἐννόει
2898 4729 2981 4783 ὅτι
3014 4726 3303 4800 ἀφῃρέθης
3336 4727 3446 4782 τῶν
3492 4727 3924 4800 ἁμαρτημάτων

2329 4818 2429 4888 τὴν
2472 4815 2749 4870 ὑπόθεσιν.
2791 4811 2931 4865 Ἀλλ’
2978 4812 3064 4866 ὅτι
3110 4811 3298 4876 οὐσίας
3337 4809 3758 4883 ἀπεστερήθηςς
3802 4811 3925 4865 ἀλλ’

2332 4901 2551 4971 ἐκτήσω
2582 4896 2677 4951 τοῦ
2705 4894 2840 4950 Θεοῦ
2870 4894 2969 4965 τὴν
2998 4892 3236 4949 εὐνοιαν.
3277 4894 3389 4948 Καὶ
3415 4894 3534 4959 πῶς
3566 4894 3921 4967 ἐκτησάμην,

2333 4984 2528 5055 φησίν;
2570 4979 2703 5037 Εἷπε
2723 5022 2738 5045 ,
2768 4978 2873 5033 Διὰ
2907 4978 3061 5052 [191]
3104 4977 3278 5048 τίμὴ
3300 4975 3546 5047 μᾶλλον
3575 4977 3925 5041 ἀδικεῖσθεξ

2333 5067 2486 5122 εἶπεν
2516 5067 2597 5119 ὅτι
2637 5065 2735 5119 Ἐν
2755 5063 2935 5117 παντί
2962 5060 3402 5131 εὐχαριστεῖτε·
3429 5056 3581 5115 εἶπεν
3602 5061 3688 5114 ὅτι
3719 5062 3929 5117 Μακά-

2324 5169 2445 5221 ριοι
2478 5154 2532 5204 οι
2580 5147 2801 5217 πτωχοί
2833 5143 2917 5212 τῷ
2965 5146 3279 5216 πνεύματι.
3330 5144 3537 5199 Ἐννόει
3569 5143 3756 5199 τοίνυν
3791 5147 3928 5216 ὅσης

2334 5235 2546 5296 εὐνοίας
2574 5230 2905 5294 ἀπολαύσεις
2924 5268 2940 5293 ,
2966 5228 3140 5283 ταῦτα
3176 5229 3265 5282 616
3294 5226 3408 5282 τῶν
3437 5227 3618 5299 ἔργων
3652 5229 3931 5297 ἐπιδειξα-

2338 5322 2499 5387 μένη.
2549 5316 2645 5368 Ἕν
2689 5313 2801 5383 γὰρ
2836 5313 2999 5384 μόνον
3043 5314 3290 5384 ζητεῖται
3326 5312 3461 5381 παρ’
3500 5312 3695 5383 ήμῶν,
3736 5313 3802 5367 16
3838 5316 3931 5369 ἐπὶ

2336 5403 2503 5455 πᾶσιν
2534 5400 2876 5469 εὐχαριστεῖν
2910 5396 2989 5466 τῷ
3015 5395 3136 5466 Θεῷ
3156 5437 3172 5461 ,
3206 5397 3302 5449 καί
3335 5396 3516 5449 πάντα
3550 5394 3757 5466 ἔχομεν
3791 5400 3931 5469 μετά

2335 5483 2636 5553 δαψιλείας.
2681 5475 2805 5559 υἷόν
2833 5498 2888 5534 τι
2930 5479 3108 5549 λέγω·
3139 5478 3458 5541 ’Δπὼλεσας
3504 5476 3713 5549 χρυσοῦ
3740 5479 3931 5551 λίτρας

2402 5615 2425 5643 c
2458 5603 2698 5673 Post-haec
2730 5606 2780 5651 ιο
2801 5601 2939 5655 Colb.
2962 5598 3129 5651 hiatus
3151 5600 3356 5665 grandis
3378 5605 3461 5649 est
3490 5598 3605 5662 plus
3623 5614 3774 5663 quam
3808 5602 3929 5654 dua~

2338 5681 2446 5717 rum
2472 5678 2777 5728 paginarum,

2405 5732 2432 5767 ιι
2475 5723 2643 5791 ὶόριιε
2688 5724 3251 5791 νιιὶοειιεηεοηιοοιυῃι
3308 5730 3406 5786 est,
3450 5723 3673 5791 τοσούτῳ
3727 5726 3929 5791 (nempe

2346 5790 2627 5855 κρείττονες)
2651 5789 2907 5853 φροντίδων
2932 5788 3164 5851 μώλωπες
3186 5788 3259 5845 αίς
3278 5788 3617 5852 μαστιζόμεθα.
