4060 6402
143 334 250 388 Hii

129 451 237 504 hoe
277 449 423 503 enim
456 461 561 501 non
592 445 773 501 minus
798 457 958 515 quam
989 442 1292 498 consolatio
1330 442 1619 497 convertit.
1677 442 1740 498 Et

127 541 294 597 simul
321 538 560 595 ostendit
598 534 953 592 differentiam
981 577 995 601 ,
1028 544 1081 589 et
1121 534 1481 604 supplicium,
1525 532 1742 602 ctjudi-

125 636 276 689 cium
307 634 389 689 eis
416 632 591 702 ponit,
620 637 807 700 utpote
832 644 954 684 cum
984 643 1075 683 res
1104 630 1177 681 sit
1197 627 1503 682 manifesta.
1537 626 1741 694 Quanto

125 726 320 797 magis,
351 724 555 794 inquit,
589 722 778 791 putatis
817 720 1070 775 deteriora
1098 720 1282 773 mereri
1323 719 1622 790 supplicia?
1645 720 1742 775 llic

127 817 266 872 mihi
293 815 503 871 videtur
526 814 688 868 etiam
712 812 967 883 mysteria
996 810 1363 866 subindicare.
1388 811 1592 866 Deinde
1623 812 1742 867 sub~

119 908 307 979 jungit
331 906 494 962 etiam
520 904 912 967 testimonium,
943 903 1131 957 dicens
1157 922 1171 957 :
1196 903 1287 956 51.
1322 901 1649 962 [torrentium
1670 912 1741 957 est

122 999 361 1054 incidere
388 999 441 1051 in
471 1012 655 1050 manus
682 993 785 1049 Dei
808 994 1040 1048 viventis.
1073 994 1164 1049 30.
1195 991 1459 1063 Scriptum
1488 1003 1561 1048 est
1582 995 1739 1062 enim,

120 1086 261 1144 Hilti
304 1087 571 1151 vindicta,
615 1094 662 1140 et
701 1100 793 1158 ego
829 1085 1149 1149 retribuam,
1203 1084 1327 1138 dicit
1370 1083 1660 1150 Dominus;
1695 1082 1743 1141 et

133 1194 345 1258 iterum,
375 1190 637 1245 Judicabit
669 1190 914 1244 Dominus
940 1172 1383 1260 populunisnum.
1418 1187 1739 1252 incidemus,

133 1286 335 1356 inquit,
364 1286 417 1340 in
449 1300 640 1339 manus
665 1283 899 1349 Domini,
927 1294 1115 1338 etnon
1142 1282 1195 1336 in
1229 1297 1417 1336 manus
1438 1280 1739 1334 hominum.

132 1378 248 1434 Sed
276 1378 320 1433 si
346 1394 455 1433 non
476 1377 650 1448 agatis
678 1374 1159 1446 panitentiamJn
1191 1374 1283 1429 Dei
1311 1386 1505 1427 manus
1537 1369 1743 1425 incide-

133 1472 209 1527 tis
236 1490 253 1528 :
280 1471 407 1526 illud
434 1482 520 1527 est
544 1469 785 1527 terribile
818 1486 833 1522 :
864 1468 969 1523 hoc
995 1466 1130 1522 nihil
1149 1474 1252 1527 est.
1282 1464 1335 1520 in
1360 1479 1551 1519 manus
1569 1461 1745 1516 homi-

133 1580 268 1621 num
293 1563 551 1620 incidere.
574 1561 800 1631 Qnando
826 1559 1144 1625 viderimus,
1177 1557 1368 1629 inquit,
1393 1556 1625 1627 aliquem
1654 1553 1743 1608 hic

130 1659 318 1731 puniri
343 1700 358 1721 ,
408 1673 475 1713 ne
522 1658 803 1711 timeamus
832 1653 1121 1724 prmsentia
1143 1691 1158 1716 ,
1188 1650 1283 1706 sed
1312 1656 1531 1719 propter
1558 1645 1738 1700 futura

128 1751 476 1805 horreamus.
517 1747 654 1802 Nam
678 1745 961 1801 secundum
991 1742 1395 1798 misericordiam
1421 1742 1553 1812 ejus,
1576 1741 1650 1793 ita
1690 1749 1739 1793 et

127 1847 212 1899 ira
238 1845 372 1915 ejus,
401 1852 450 1896 et
497 1858 652 1910 super
677 1848 963 1909 peccatores
988 1839 1260 1909 requiescet
1291 1839 1437 1907 furor
1466 1835 1577 1905 ejus
1602 1831 1735 1904 (Ec-

127 1941 217 1993 cli.
254 1938 309 1994 5.
343 1938 421 2008 7).
473 1934 649 1991 Simul
675 1934 839 1988 etiam
869 1932 1015 1986 aliud
1040 1931 1126 1985 hic
1154 1930 1315 1983 tacite
1340 1927 1529 1981 innuit.
1567 1926 1733 1993 Mihi,

126 2031 328 2102 inquit,
344 2027 589 2090 uindicta,
605 2040 697 2097 ego
718 2033 885 2077 autem
902 2021 1198 2077 retribuam.
1220 2019 1332 2073 lloe
1348 2018 1549 2072 dictum
1567 2026 1650 2071 est
1666 2016 1736 2072 de

127 2122 368 2178 inimicis
384 2119 473 2190 qui
500 2118 641 2173 male
668 2116 889 2179 faciunt,
908 2128 1017 2167 non
1047 2113 1114 2168 de
1138 2112 1204 2166 iis
1230 2112 1321 2181 qui
1348 2110 1489 2165 male
1516 2108 1736 2179 patiun-

125 2214 253 2271 tur.
273 2212 373 2268 llic
412 2212 575 2267 etiam
608 2224 703 2265 eos
744 2207 1057 2264 consolatur
1077 2205 1264 2259 dicens
1291 2200 1681 2272 propemodum
1713 2219 1729 2257 :

127 2310 402 2378 Perpetuo
435 2312 617 2359 manet
646 2303 789 2358 Deus
829 2310 885 2356 et
914 2300 1045 2354 vivit
1077 2317 1090 2353 :
1122 2297 1474 2367 quamobrem
1520 2295 1760 2349 etiamsi“

124 2418 235 2456 non
260 2416 403 2455 nunc
427 2397 752 2467 receperint,
789 2404 974 2465 postea
1007 2392 1287 2461 recipient.
1322 2389 1467 2455 Illos,
1499 2405 1604 2443 non
1634 2404 1734 2445 nos

124 2501 339 2565 oportet
378 2491 732 2558 ingemiscere
763 2505 776 2540 :
808 2501 932 2540 nam
965 2500 1063 2539 nos
1103 2482 1320 2549 quidem
1351 2481 1650 2537 incidemus
1676 2476 1731 2536 in

123 2600 323 2640 manus
353 2583 589 2647 illorum,
615 2580 689 2634 illi
718 2591 896 2635 autem
929 2578 981 2631 in
1011 2591 1201 2632 manus
1232 2576 1346 2630 Dei.
1372 2574 1557 2645 Neque
1586 2577 1732 2630 enim

120 2678 215 2747 qui
249 2690 442 2745 passus
468 2680 551 2728 est
572 2672 733 2735 male,
766 2669 987 2740 patitur,
1018 2667 1113 2723 sed
1138 2667 1227 2737 qui
1259 2665 1417 2732 facit;
1443 2681 1617 2736 neque
1640 2668 1731 2738 qui

122 2767 394 2823 beneficio
410 2776 496 2821 est
511 2764 754 2830 allectus,
773 2761 1029 2822 afficitur,
1045 2759 1139 2814 sed
1156 2759 1245 2829 qui
1263 2758 1524 2813 beneficio
1540 2758 1728 2814 afficit.

197 2860 391 2914 Contra
417 2874 598 2911 avaros
636 2865 683 2911 et
725 2856 1054 2925 pecuniarum
1084 2852 1318 2920 cupidos.
1345 2881 1415 2890 —
1445 2851 1571 2905 llmc
1602 2866 1732 2923 ergo

119 2968 246 3007 cum
276 2952 514 3007 sciamus
535 2992 550 3013 ,
584 2948 880 3003 tolerantes
904 2947 1074 3001 simus
1108 2944 1175 2998 ad
1218 2944 1355 2999 male
1380 2945 1689 3014 patiendum
1710 2986 1727 3011 ,

120 3044 360 3114 prompti
393 3042 461 3096 ad
503 3038 974 3095 benefaciendum.
1006 3037 1132 3091 llaec
1159 3044 1338 3090 autem
1370 3046 1529 3089 erunt
1556 3037 1599 3090 si
1630 3052 1727 3106 pc-

117 3138 314 3191 ctuiias
344 3132 706 3203 despiciamus
742 3139 797 3185 et
835 3128 1100 3199 gloriam:
1133 3127 1222 3196 qni
1257 3128 1352 3180 has
1383 3126 1547 3179 animi
1593 3126 1727 3183 alle-

116 3229 334 3282 ctioncs
358 3224 590 3288 exuerit,
615 3224 722 3278 erit
745 3222 997 3277 omnibus
1015 3218 1326 3275 hominibus
1348 3218 1648 3284 liberalior,
1672 3228 1728 3275 et

116 3336 188 3374 eo
214 3322 335 3388 ipso
360 3316 453 3387 qui
497 3329 784 3385 purpuram
820 3312 1039 3367 indutus
1079 3320 1163 3367 est
1203 3311 1389 3365 ditior.
1422 3311 1539 3365 Non
1574 3312 1726 3366 vides

116 3424 253 3483 quot
279 3412 417 3465 mala
443 3409 572 3463 flant
596 3415 817 3478 propter
845 3404 1141 3476 pecunias?
1174 3419 1277 3458 non
1303 3404 1425 3459 dico
1446 3420 1565 3473 qua:
1593 3405 1728 3459 fiunt

117 3512 347 3573 propter
371 3501 651 3557 avaritiam
680 3509 734 3554 et
772 3499 923 3568 plura
950 3497 1197 3553 habendi
1224 3498 1595 3566 cupiditatem,
1628 3497 1726 3552 sed

115 3596 243 3665 qua:
274 3596 326 3649 in
356 3595 471 3662 ipsa
501 3608 618 3661 qua:
659 3608 721 3646 ex
757 3592 821 3645 iis
859 3590 1067 3645 exsistit
1094 3590 1376 3644 affectione
1404 3609 1414 3643 :
1448 3600 1509 3644 ut'
1541 3606 1726 3645 exem-

115 3690 193 3759 pli
217 3702 405 3750 causa,
434 3686 479 3740 si
510 3686 775 3756 quispiam
808 3683 1050 3737 amiserit
1080 3683 1332 3751 pecunias
1354 3722 1368 3743 ,
1400 3682 1528 3734 vivit
1554 3682 1719 3735 vitam

113 3780 313 3851 quavis
352 3788 525 3833 morte
562 3777 887 3847 graviorem.
922 3776 1057 3841 Quid
1090 3774 1276 3839 doles,
1312 3789 1344 3829 ο
1375 3773 1556 3836 homo,
1594 3773 1721 3841 quid

114 3870 479 3943 lacrymaris?
522 3870 661 3938 quod
694 3877 744 3921 te
780 3868 925 3922 Deus
960 3882 989 3919 a
1035 3878 1430 3934 supervacanea
1482 3865 1725 3920 liberarit

116 3964 406 4021 custodia?
428 3963 569 4030 quod
591 3978 694 4015 non
714 3961 903 4015 sedeas
925 3968 1161 4013 tremens
1179 3970 1228 4011 et
1246 3958 1474 4011 timens?
1498 3958 1722 4025 Deinde,

120 4058 167 4112 si
197 4057 319 4127 quis
354 4066 404 4109 te
445 4055 676 4123 alligarit
705 4053 985 4116 thesauro,
1012 4051 1207 4119 jubens
1240 4051 1349 4102 illic
1378 4049 1569 4102 sedere
1599 4064 1725 4118 per-

120 4160 293 4221 petuo
316 4159 369 4202 ct
394 4149 613 4217 vigilare
654 4162 749 4215 pro
783 4144 1005 4206 alienis,
1039 4144 1190 4197 doles
1233 4152 1285 4197 ct
1314 4158 1456 4211 aegre
1490 4141 1595 4195 fers
1626 4160 1637 4195 :
1676 4152 1728 4195 tu

121 4252 307 4297 autem
354 4257 475 4295 cum
524 4242 753 4309 teipsum
804 4237 1042 4307 alligaris
1082 4236 1421 4305 gravissimis
1468 4235 1728 4302 vinculis,

122 4335 345 4405 quando
374 4350 402 4387 a
430 4334 689 4387 servitute
731 4332 994 4385 liberatus
1024 4345 1103 4393 cs,
1132 4329 1322 4381 doles?
1353 4329 1556 4382 Revera
1592 4328 1732 4381 anti-

122 4428 321 4495 cipata:
358 4424 628 4493 Opinionis
673 4430 798 4477 sunt
833 4422 1053 4474 dolores
1094 4430 1145 4473 et
1187 4420 1375 4487 gaudia
1414 4438 1424 4471 :
1462 4428 1732 4487 tamquam

125 4523 275 4574 cnim
306 4518 568 4571 habentes
591 4517 785 4579 aliena,
811 4516 888 4568 sic
915 4529 1005 4567 eas
1028 4513 1379 4565 custodimus.
1403 4511 1549 4564 Nunc
1573 4512 1734 4563 verba

126 4612 260 4664 mihi
290 4610 354 4663 ad
388 4609 660 4661 mulieres.
688 4606 843 4673 Szrpe
873 4604 1030 4657 habet
1059 4604 1249 4655 mulier
1272 4604 1503 4667 aliquam
1532 4610 1733 4653 vestem

127 4723 197 4759 ex
231 4719 365 4757 auro
393 4708 698 4755 contextam
724 4737 739 4761 ,
777 4705 832 4750 ct
859 4711 975 4749 ean:
1017 4699 1255 4747 concutit
1278 4735 1291 4755 ,
1337 4694 1443 4746 Iino
1478 4692 1735 4755 involvit,

132 4799 429 4866 diligenter
469 4790 732 4855 custodit,
766 4786 832 4843 de
864 4804 923 4841 ca
970 4788 1121 4840 timet
1166 4797 1215 4840 et
1262 4802 1321 4839 ea
1357 4802 1460 4839 non
1506 4784 1736 4839 fruitur:

132 4898 228 4943 aut
260 4887 405 4941 enim
451 4883 699 4945 moritur,
750 4888 842 4934 aut
883 4879 938 4931 lit
979 4880 1168 4941 vidua;
1218 4888 1306 4931 aut
1351 4878 1559 4931 etiamsi
1608 4877 1739 4931 nihil

134 4985 335 5037 horum
366 4977 608 5039 accidat,
642 4976 835 5028 timens
869 4989 935 5025 ne
966 4972 1231 5041 frequenti
1262 4989 1358 5025 usu
1390 4988 1506 5025 eam
1547 4986 1737 5025 consu-

134 5091 328 5135 mens,
361 5073 597 5139 seipsam
626 5068 829 5138 privet;
871 5076 925 5120 ct
970 5066 1011 5118 si
1054 5065 1191 5118 alius
1223 5080 1329 5118 non
1358 5064 1592 5126 auferat,
1638 5064 1741 5118 sei-

136 5182 292 5236 psam
319 5164 493 5232 privat
520 5159 867 5229 parcimonia.
900 5158 967 5210 At
997 5171 1115 5210 eam
1144 5157 1295 5209 alteri
1323 5156 1607 5210 concedit?
1637 5154 1740 5211 Sed

139 5273 317 5327 neque
341 5264 421 5309 est
448 5254 549 5306 boc
574 5251 795 5304 evidens
820 5267 831 5300 :
863 5249 904 5301 si
932 5259 1109 5301 autem
1139 5250 1492 5313 concesserit,
1518 5263 1579 5301 ea
1608 5262 1743 5316 quo-

137 5366 244 5419 que
276 5360 464 5399 rursus
493 5343 739 5396 similiter
776 5352 976 5396 utetur.
1004 5340 1069 5393 Et
1097 5342 1139 5393 si
1169 5340 1448 5408 quisquam
1478 5349 1743 5393 scrutetur

138 5460 200 5495 ea
236 5454 357 5507 qn:c
386 5445 511 5489 sunt
536 5435 589 5489 in
618 5434 820 5487 mdibtts
842 5474 857 5497 ,
888 5434 1123 5485 inveniet
1154 5442 1335 5485 vestes
1363 5433 1594 5487 maxime
1629 5448 1747 5500 prc-

140 5538 309 5588 tineas
339 5538 393 5583 et
420 5529 521 5581 alia
565 5525 832 5595 exquisita
864 5526 1053 5594 majori
1086 5525 1287 5577 honore
1308 5524 1441 5585 coli,
1476 5535 1746 5593 tamquam

138 5626 396 5681 dominos
438 5620 748 5673 animatos:
786 5632 960 5685 neque
1000 5618 1143 5670 enim
1186 5618 1266 5670 eis
1302 5616 1517 5671 assidue
1560 5617 1745 5681 utitur,

139 5717 235 5771 sed
269 5716 421 5768 timet
446 5720 497 5766 et
522 5710 723 5775 tremit,
752 5708 921 5763 tineas
945 5718 999 5763 et
1020 5708 1121 5761 alia
1148 5724 1267 5776 quce
1290 5708 1466 5761 solent
1488 5708 1750 5762 excedere

142 5809 392 5879 abigens,
422 5812 476 5858 et
503 5801 651 5873 plura
683 5815 891 5871 ponens
918 5800 970 5856 in
1002 5798 1287 5868 unguentis
1316 5808 1366 5854 et
1398 5798 1749 5868 aromatibus,

964 337 1028 391 IN
1062 338 1289 394 ‘Ei’lST.
1334 337 1425 392 AD
1469 332 1833 391 IIEBREOS.
1874 336 2030 393 CAP.
2068 336 2138 393 X.
2180 337 2414 394 HOMIL.
2456 338 2576 394 XX.

3340 336 3441 392 146

3432 419 3458 443 θ

1837 451 2013 509 neque
2042 440 2363 509 permittens
2403 442 2659 499 omnibus
2689 452 2747 501 ut
2782 460 2847 503 ea
2885 446 3104 505 illorum
3148 452 3325 510 oculis
3352 471 3445 526 pa-

1836 538 2003 595 teant,
2034 529 2129 585 sed
2173 531 2285 601 ipsa
2318 547 2463 603 saepe
2491 548 2617 591 cum
2652 537 2848 594 marito
2873 554 2938 596 ea
2968 540 3261 614 diligenter
3288 561 3444 602 com-

1831 635 2040 691 ponens
2065 630 2120 677 et
2147 624 2504 680 concinnans.
2563 650 2567 655 ο

1923 727 1977 783 5.
2008 726 2201 782 Annon
2224 723 2365 795 iure,
2387 723 2475 779 dic
2502 722 2657 788 mihi,
2689 721 3056 778 idololatriam
3083 722 3294 779 vocavit
3321 718 3472 779 Pau-

1850 819 1937 874 lus
1980 816 2263 871 avaritiam
2287 814 2310 868 ‘l
2333 814 2507 883 Quem
2545 813 2691 869 enim
2726 814 2801 868 illi
2836 814 3095 870 honorem
3138 814 3466 872 exhibentes

1847 908 2042 973 idolis,
2075 923 2199 964 cum
2232 906 2319 965 isti
2346 922 2561 977 quoque
2591 907 2831 963 vestibus
2855 916 2910 962 et
2933 906 3138 964 aureis.
3167 908 3463 979 Quousque

1847 1014 2063 1057 casuum
2136 1010 2423 1054 movemus
2451 1000 2475 1054 ?
2546 1014 2830 1070 quousque
2857 1000 2972 1056 luto
2999 1009 3053 1055 ct
3083 1000 3341 1056 lateribus
3372 999 3446 1055 af-

1851 1090 1938 1145 lixi
1966 1104 2186 1145 sumus:
2238 1088 2391 1145 Sicut
2425 1088 2571 1146 enim
2608 1090 2685 1145 illi
2718 1090 3040 1146 laborabant
3072 1090 3456 1164 Egyptiorum

1848 1185 1995 1257 regi,
2027 1184 2100 1241 ita
2134 1184 2297 1239 etiam
2329 1198 2431 1238 nos
2458 1183 2768 1239 laboramus
2794 1184 3032 1247 diabolo.
3062 1195 3116 1241 et
3142 1185 3324 1258 ﬂagris
3350 1201 3461 1242 ca:-

1844 1278 2026 1333 dimur
2065 1276 2237 1332 multo
2265 1275 2627 1348 gravioribus.
2669 1276 2737 1332 Et
2775 1292 2845 1332 ne
2884 1291 2984 1349 per
3014 1276 3350 1351 hyperbolen
3402 1276 3454 1333 id

1842 1371 2046 1428 dictum
2075 1379 2233 1443 putes
2261 1387 2276 1429 :
2308 1369 2687 1442 quantoenim
2718 1370 2897 1425 anima
2942 1380 3027 1426 est
3053 1385 3284 1442 corpore
3317 1385 3454 1441 pra:-

1841 1462 2094 1529 stantior,
2130 1470 2280 1517 tanto
2306 1460 2651 1533 gravioribus
2682 1476 2937 1516 curarum
2976 1460 3243 1516 vibicibus
3270 1444 3455 1532 flagel-

1840 1554 2019 1609 lantur
2060 1553 2334 1623 quotidie,
2381 1552 2634 1608 timemus
2662 1551 2878 1610 solliciti
2907 1561 2964 1608 et
2994 1562 3308 1609 trementes.
3341 1551 3454 1609 Sed

1839 1645 1887 1701 si
1906 1645 2135 1701 velimus
2153 1644 2529 1715 ingemiscere,
2549 1658 2592 1697 ει
2616 1644 2849 1699 velimus
2869 1642 2936 1699 ad
2963 1644 3131 1699 Deum
3148 1645 3447 1715 suspicere,

1840 1741 2003 1795 mittit
2026 1738 2093 1793 ad
2117 1752 2215 1793 nos
2244 1752 2351 1793 non
2383 1736 2647 1809 Moysem,
2679 1750 2856 1807 neque
2883 1738 3180 1802 Aaronem,
3208 1736 3306 1794 sed
3329 1752 3452 1792 ver-

1838 1834 1965 1889 bum
1993 1847 2147 1888 suum
2175 1840 2230 1888 et
2246 1831 2743 1901 compunctionem.
2771 1831 2891 1901 Ipse
2912 1830 3077 1902 igitur
3096 1846 3221 1887 cum
3239 1830 3451 1887 venerit

1837 1936 1890 1981 et
1908 1925 2118 1980 animos
2140 1932 2357 1979 nostros
2378 1924 2747 1994 occupaverit,
2775 1923 3027 1979 liberabit
3048 1939 3147 1980 nos
3163 1924 3232 1979 ab
3251 1925 3448 1980 acerba

1836 2018 2100 2074 servitute
2119 2061 2134 2087 ,
2173 2017 2367 2074 educet
2394 2033 2491 2074 nos
2519 2033 2584 2074 ex
2614 2016 2854 2090 [Egypto
2874 2060 2889 2085 ,
2922 2033 2952 2072 a
2981 2017 3162 2073 studio
3192 2018 3366 2073 inutili
3392 2026 3451 2076 et

1836 2112 2033 2169 frustra
2057 2112 2351 2180 laborante,
2385 2120 2441 2167 et
2460 2127 2489 2165 a
2511 2111 2773 2167 servitute
2795 2127 2917 2183 qua:
2943 2111 3077 2167 nihil
3100 2110 3262 2169 habet
3284 2112 3446 2169 lucri.

1836 2206 2012 2276 Atque
2047 2205 2121 2259 illi
2164 2204 2380 2275 quidem
2411 2213 2538 2258 sunt
2565 2204 2770 2275 egressi
2811 2204 2991 2259 aureis
3017 2205 3257 2275 acceptis
3302 2221 3449 2263 mer-

1834 2298 1965 2353 cede
1993 2295 2369 2352 :cdificatiouis
2398 2316 2411 2350 :
2446 2312 2547 2352 nos
2585 2307 2765 2351 autem
2805 2296 3018 2353 nihilo:
3050 2308 3213 2368 atque
3238 2298 3446 2355 utinam

1832 2388 2035 2444 nihilo!
2086 2403 2229 2443 nunc
2270 2402 2397 2443 vero
2442 2388 2739 2458 accipimus
2781 2404 2889 2443 non
2928 2404 3059 2445 vasa
3098 2405 3299 2457 aurea,
3348 2390 3447 2448 sed

1832 2482 2056 2555 Egypti
2083 2481 2245 2547 mala,
2280 2492 2499 2551 peccata
2530 2496 2826 2553 pinnasque
2850 2491 2907 2537 et
2935 2481 3217 2553 supplicia.
3254 2484 3444 2539 Disca-

1832 2593 1955 2633 mus
1980 2578 2142 2649 igitur
2183 2576 2470 2631 utilitatem
2501 2575 2781 2645 accipere,
2828 2574 3103 2631 discamus
3131 2574 3325 2646 injuria
3365 2576 3447 2632 af-

1831 2673 1945 2737 fici;
1988 2670 2092 2726 hoc
2122 2679 2205 2726 est
2239 2669 2534 2725 Christiani
2562 2685 2577 2721 :
2612 2668 2979 2739 despiciamus
3008 2677 3188 2725 vestes
3211 2684 3443 2737 aureas,

1830 2764 2196 2834 despiciamus
2224 2762 2510 2832 pecunias,
2542 2775 2612 2816 ne
2636 2771 2880 2816 nostram
2909 2760 3276 2831 despiciamus
3303 2762 3449 2817 saluo

1829 2866 1937 2912 tem
1966 2873 1980 2909 :
2015 2855 2381 2926 deSpiciamus
2402 2854 2684 2926 pecunias,
2720 2861 2778 2909 et
2806 2869 2914 2909 non
2938 2853 3304 2926 despiciamus
3330 2857 3449 2911 ani-

1830 2964 1969 3004 mam
1998 2967 2011 3003 :
2034 2962 2096 3003 ea
2120 2958 2201 3003 est
2223 2947 2366 3002 enim
2389 2962 2511 3017 qua:
2535 2946 2777 3017 punitur,
2805 2961 2867 3000 ea
2890 2957 2974 3002 est
2995 2962 3117 3018 quae
3134 2950 3446 3006 cruciatur:

1827 3040 1917 3094 illa
1941 3039 2086 3093 enim
2112 3038 2201 3094 hic
2224 3047 2466 3105 manent,
2492 3052 2556 3093 ea
2577 3050 2708 3091 vero
2734 3035 2865 3092 illuc
2891 3036 3023 3093 abit.
3051 3038 3150 3094 Dic
3170 3039 3325 3103 mibi,
3349 3055 3449 3096 cur

1829 3140 1882 3185 te
1912 3130 2143 3194 laceras,
2173 3140 2229 3185 et
2254 3145 2359 3186 non
2386 3127 2599 3185 sentis?
2628 3126 2754 3183 lla3c
2778 3128 2903 3184 dico
2928 3129 3108 3185 avaris
3129 3171 3143 3195 ,
3168 3133 3258 3203 qui
3291 3132 3448 3201 plura

1836 3218 2064 3276 habendi
2095 3221 2343 3276 laborant
2386 3223 2667 3282 aviditate.
2713 3224 2921 3279 Bonum
2950 3233 3035 3281 est
3060 3223 3223 3280 etiam
3264 3224 3333 3281 iis
3360 3222 3449 3278 di-

1833 3326 1959 3368 cere
1996 3314 2084 3384 qui
2116 3314 2185 3369 ab
2215 3314 2393 3369 avaris
2434 3312 2758 3371 fraudantur
2795 3324 2852 3371 et
2894 3315 3447 3372 circumveniuntur:

1835 3401 1971 3459 ferte
2010 3404 2222 3459 fortiter
2260 3405 2590 3462 detrimenta
2632 3408 2786 3463 vobis
2824 3408 2894 3463 ab
2930 3409 3110 3463 avaris
3140 3408 3342 3464 allata:
3372 3407 3449 3464 illi

1833 3494 2042 3564 scipsos
2063 3537 2079 3562 ,
2113 3511 2219 3552 non
2250 3512 2347 3553 vos
2386 3501 2659 3567 perimunt
2686 3516 2700 3551 :
2735 3516 2832 3554 vos
2860 3502 3077 3571 quidem
3105 3501 3319 3571 privant
3349 3516 3448 3570 pe-

1833 3587 2030 3654 cuniis,
2061 3602 2119 3641 se
2149 3597 2329 3643 autem
2362 3589 2453 3643 Dei
2482 3589 2859 3646 benevolentia
2888 3603 2939 3647 et
2971 3592 3175 3648 auxilio
3200 3609 3215 3647 :
3248 3592 3336 3662 qui
3365 3602 3451 3648 est

1832 3690 2011 3733 autem
2055 3682 2141 3735 illa
2175 3682 2438 3749 nudatus,
2482 3684 2698 3739 etiamsi
2747 3687 2910 3740 totius
2940 3687 3091 3741 orbis
3121 3687 3195 3741 sit
3231 3686 3451 3742 divitias

1833 3772 2180 3842 complexus,
2213 3782 2297 3829 est
2338 3776 2578 3830 omnium
2615 3779 2993 3847 pauperrimus
3030 3798 3043 3833 :
3093 3778 3451 3849 quemadmo-

1834 3867 1960 3923 dum
1996 3870 2374 3939 pauperrimus
2413 3870 2656 3925 omnium
2690 3873 2734 3925 si
2769 3872 2913 3927 hunc
2959 3874 3186 3942 habeat,
3218 3884 3302 3928 est
3330 3889 3451 3929 om-

1834 3962 1979 4015 nium
2009 3962 2315 4018 ditissimus
2348 3983 2359 4017 :
2397 3964 2653 4019 Dominus
2688 3967 2866 4034 enim,
2904 3967 3078 4038 inquit
3100 4010 3112 4031 ,
3145 3968 3307 4035 pascit
3338 3986 3449 4035 me,

1832 4067 1878 4109 et
1912 4058 2042 4111 nihil
2070 4059 2195 4111 mihi
2240 4059 2399 4111 deerit
2432 4057 2605 4127 (Psnl.
2633 4059 2725 4113 22.
2766 4061 2837 4130 1).
2872 4062 2969 4115 Dic
3000 4062 3130 4114 mihi
3154 4103 3167 4125 ,
3202 4062 3244 4115 si
3275 4062 3450 4116 \‘irtttn

1837 4150 2035 4204 habeas
2058 4150 2289 4218 aliquem
2317 4165 2569 4219 magnum
2594 4161 2649 4205 et
2672 4151 3072 4217 admirabilem,
3103 4154 3194 4223 qui
3220 4162 3271 4208 te
3294 4153 3453 4207 valde

1833 4251 1998 4303 amet,
2027 4250 2082 4305 et
2114 4241 2189 4294 tui
2219 4256 2405 4295 curam
2430 4252 2615 4312 gerat;
2647 4243 2846 4298 deinde
2870 4244 3011 4299 scias
3037 4261 3159 4299 eum
3187 4254 3452 4316 perpetuo

1834 4334 2124 4399 victurum,
2156 4348 2259 4388 nec
2304 4343 2431 4389 ante
2481 4344 2535 4389 te
2596 4323 2946 4396 moriturum,
2998 4344 3052 4389 et
3113 4353 3235 4392 eum
3271 4340 3452 4392 omnia

1834 4426 1926 4480 tibi
1954 4426 2332 4495 prrcbiturum,
2366 4437 2422 4482 ut
2450 4430 2530 4483 eis
2562 4445 2755 4484 secure
2785 4439 3057 4502 tamquam
3087 4433 3193 4486 tuis
3218 4432 3411 4486 fruaris
3438 4450 3451 4484 :

1834 4519 2074 4573 vellesne
2106 4520 2306 4589 aliquid
2342 4521 2667 4590 possidere?
2702 4539 2825 4575 nam
2866 4524 2908 4576 si
2954 4524 3208 4578 omnibus
3253 4524 3452 4579 nudata

1833 4629 2004 4677 esses,
2037 4629 2216 4667 annon
2247 4614 2589 4671 existimares
2621 4625 2671 4671 te
2710 4618 2964 4672 ditiorem
2995 4618 3160 4672 esse?
3190 4618 3299 4673 Cur
3323 4634 3455 4688 ergo

1835 4708 2025 4778 luges?
2054 4709 2195 4778 quod
2231 4725 2335 4762 non
2382 4710 2585 4765 habeas
2628 4710 2927 4779 pecunias?
2966 4710 3062 4767 sed
3090 4713 3264 4782 cogita
3309 4713 3455 4783 quod

1838 4800 1932 4854 tibi
1973 4802 2043 4855 sit
2086 4802 2261 4855 ablata
2298 4812 2644 4871 peccatorum
2678 4804 2918 4859 occasio.
2953 4808 3023 4859 At
3064 4806 3207 4876 quod
3240 4806 3314 4860 sis
3346 4808 3458 4877 pri-

1836 4903 1955 4948 vata
1986 4892 2373 4949 facultatibus?
2404 4894 2497 4949 sed
2524 4897 2857 4965 acquisivisli
2886 4898 2976 4951 Dei
2999 4899 3453 4956 beneVolentiam.

1838 4987 1904 5040 Et
1932 4986 2226 5058 quomodo,
2265 4988 2468 5057 inquit,
2508 4990 2805 5059 acquisivi?
2838 4990 3021 5058 Dixit,
3051 4990 3153 5045 Cur
3181 5010 3284 5047 non
3314 4994 3458 5066 inju-

1836 5081 1967 5132 riam
1992 5080 2269 5147 patimini?
2298 5079 2454 5144 dixit,
2494 5078 2559 5133 In
2584 5083 2818 5135 omnibus
2844 5084 3041 5152 gratias
3064 5085 3197 5154 agite
3226 5086 3301 5155 (1.
3334 5085 3452 5140 Cor.

1839 5172 1891 5226 6.
1920 5173 1975 5236 7;
2010 5172 2061 5225 1.
2099 5170 2275 5225 Thess.
2311 5172 2373 5248 5.Δ
2401 5172 2493 5240 18)
2526 5190 2537 5227 :
2571 5173 2737 5239 dixit,
2786 5173 2933 5228 Beati
2976 5192 3227 5246 pauperes
3271 5178 3460 5248 spiritu

1840 5262 2068 5332 (Matth.
2104 5264 2157 5317 5.
2193 5262 2271 5333 5).
2316 5244 2504 5333 Cogita
2548 5265 2711 5335 igitur
2739 5277 2937 5337 quanta
2986 5244 3182 5323 frueris
3218 5244 3459 5326 benevo-

1840 5356 2003 5409 lentia
2027 5396 2041 5419 ,
2073 5356 2119 5408 si
2152 5370 2212 5409 ea
2250 5371 2343 5425 per
2376 5354 2516 5410 facta
2548 5358 2873 5411 ostenderis.
2906 5358 3039 5413 Nam
3077 5376 3239 5415 unmn
3282 5364 3460 5418 solum

1842 5448 2102 5517 quzeritur
2130 5464 2155 5501 a
2190 5448 2367 5513 nobis,
2400 5459 2456 5501 ut
2488 5450 2537 5502 in
2569 5450 2823 5505 omnibus
2847 5451 2955 5507 Deo
2984 5468 3207 5524 agamus
3234 5456 3457 5525 gratias,

1843 5551 1895 5594 et
1928 5540 2107 5593 omnia
2144 5538 2463 5595 habebimus
2494 5540 2719 5597 aﬂatim.
2756 5543 3001 5612 Exempli
3040 5560 3231 5610 causa,
3271 5546 3461 5601 Perdi-

1845 5632 1968 5685 disti
1995 5631 2175 5685 decies
2207 5632 2352 5685 mille
2385 5632 2550 5687 libras
2579 5634 2738 5687 auri?
2764 5634 3051 5691 confestim
3084 5636 3195 5691 Deo
3225 5653 3321 5707 age
3343 5655 3463 5708 gra-

1848 5728 1971 5791 tias,
2005 5734 2060 5779 et
2086 5724 2415 5794 acquisivisti
2450 5727 2655 5781 ('CllllCS
2680 5726 2827 5781 mille
2854 5726 3019 5782 libras
3049 5744 3145 5798 per
3178 5745 3362 5783 vocem
3396 5731 3459 5783 il-

1848 5818 1952 5873 lam
1984 5825 2036 5872 et
2065 5816 2361 5887 gratiarum
2407 5818 2698 5873 actionem.
2736 5817 2865 5873 Nam
2915 5819 2999 5877 dic
3048 5820 3213 5891 mihi,
3246 5822 3464 5895 quando
