4060 6400
633 353 733 409 H7

604 482 707 538 Job
746 480 956 536 beatum
996 468 1348 547 pronuntias?
1376 464 1590 539 quando
1611 462 1796 519 habuit
1823 469 1900 516 tot
1925 458 2184 523 camelos,

607 584 687 630 tot
714 586 904 645 greges
949 578 1004 626 et
1040 576 1122 623 tot
1150 571 1429 635 armenta;
1479 575 1547 615 an
1584 554 1798 630 quando
1828 554 1971 609 illam
2014 548 2193 608 emisit

606 640 1092 731 vocetn,‘Dominus
1120 658 1279 722 dedit,
1309 653 1559 708 Dominus
1582 648 1788 705 abstulit
1815 644 1938 715 (Job
1984 645 2035 699 1.
2062 640 2191 711 2|)?

609 758 819 813 Etenim
847 754 1088 809 diabolus
1117 757 1403 821 propterea
1429 759 1529 801 nos
1556 743 1754 798 damno
1777 738 1970 803 afﬁcit,
2000 749 2107 792 non
2135 742 2195 789 ut

606 851 812 906 auferat
857 845 1145 917 pecunias;
1197 843 1298 896 scit
1342 838 1486 895 enim
1526 851 1621 892 eas
1661 833 1793 890 nihil
1832 846 1985 895 esse;
2016 828 2109 884 sed
2137 836 2196 882 ut

588 996 591 999 .
611 956 705 1012 per
720 955 781 994 ea
804 951 901 992 nos
922 944 1076 1007 cogat
1098 934 1278 990 dicere
1300 927 1499 999 aliquid
1523 921 1914 993 blasphemum.
1937 920 2010 975 Ita
2033 920 2193 974 etiam

610 1010 662 1091 in
691 1032 846 1087 beato
875 1029 978 1085 Job
1006 1043 1111 1082 non
1146 1027 1247 1081 hoc
1279 1023 1450 1078 solum
1482 1017 1734 1074 studebat
1762 1024 1818 1070 ut
1846 1028 1967 1069 eum
1997 1010 2196 1065 faceret

612 1138 932 1194 pauperem,
980 1120 1074 1175 sed
1121 1117 1283 1174 etiam
1331 1124 1386 1169 ut
1432 1111 1740 1169 enuntiaret
1783 1104 2190 1175 blasphemiam.

610 1193 831 1284 Quando
855 1212 998 1268 enim
1020 1208 1270 1264 omnibus
1298 1220 1419 1260 eum
1448 1201 1671 1259 nudavit
1689 1242 1706 1267 ,
1738 1199 1861 1253 vide
1883 1195 2009 1267 quid
2036 1195 2084 1248 ei
2106 1193 2160 1248 d:
2179 1219 2191 1231 -

606 1317 693 1364 cat
726 1322 819 1378 per
859 1318 1077 1359 uxorem
1105 1319 1117 1353 :
1147 1299 1242 1353 Dic
1275 1297 1471 1367 aliquid
1498 1294 1739 1350 adversus
1778 1290 1942 1344 Deum
1962 1329 1976 1353 ,
2009 1296 2055 1341 et
2080 1302 2191 1339 nta-

605 1377 738 1452 τετε.
764 1395 959 1466 Atqui,
993 1410 1025 1446 ο
1067 1390 1431 1451 exsecranda,
1472 1403 1594 1442 eum
1640 1378 1883 1453 spoliasti
1921 1377 2190 1433 omnibus.

605 1491 711 1546 Sed
742 1504 845 1544 non
876 1488 939 1542 ad
972 1486 1099 1549 hoc,
1116 1484 1305 1555 inquit,
1329 1480 1586 1551 ponebam
1612 1476 1845 1532 studium
1878 1492 1890 1527 :
1920 1487 2041 1527 nam
2072 1485 2191 1539 pro-

607 1592 725 1654 pter
750 1579 888 1651 quod
917 1578 1095 1634 omnia
1125 1575 1245 1640 feci,
1268 1574 1316 1627 id
1347 1570 1583 1626 nondum
1613 1567 1843 1632 confeci,
1871 1574 1927 1618 ut
1947 1577 2067 1617 eum
2099 1558 2193 1615 Dei

604 1672 859 1728 nudarem
888 1667 1085 1723 auxilio
1115 1683 1127 1718 :
1154 1672 1436 1735 propterea
1463 1675 1583 1716 eum
1611 1659 1770 1713 etiam
1796 1654 1993 1709 nudari
2025 1667 2190 1721 pecu-

603 1765 725 1818 niis.
744 1762 856 1816 [loc
882 1770 962 1814 est
990 1756 1130 1829 quod
1158 1755 1311 1819 volo;
1346 1751 1473 1806 illttd
1500 1760 1678 1805 autem
1708 1746 1841 1801 nihil
1869 1754 1951 1799 est
1979 1762 1992 1798 :
2016 1744 2059 1797 si
2091 1742 2192 1799 hoc

601 1869 710 1909 non
740 1854 912 1915 adsit,
941 1866 1046 1904 non
1072 1848 1243 1902 solum
1273 1844 1417 1901 nulla
1446 1842 1665 1897 affectus
1712 1846 1797 1894 est
1850 1836 2065 1906 injuria,
2096 1833 2191 1889 sed

602 1947 764 2001 etiam
794 1943 843 1996 id
871 1942 917 1997 ei
952 1940 1167 2011 profuit.

674 2038 727 2092 4.
766 2032 926 2089 Vides
950 2031 1091 2103 quod
1118 2029 1253 2085 sciat
1280 2027 1453 2082 malus
1478 2025 1568 2079 ille
1592 2023 1802 2078 dzemon
1832 2027 2090 2090 quantum
2121 2014 2189 2071 sit

598 2128 715 2198 ejus
736 2127 811 2181 rei
834 2121 1125 2180 damnum?
1146 2121 1271 2176 Ideo
1296 2118 1449 2174 vides
1469 2132 1592 2172 eum
1618 2129 1713 2184 per
1734 2126 1954 2167 uxorem
1978 2120 2189 2165 struere

600 2219 838 2274 insidias.
893 2215 1086 2271 Audite
1133 2220 1399 2282 quotquot
1449 2207 1659 2263 habetis
1704 2218 1900 2259 uxores
1945 2201 2187 2271 pecunia

599 2319 863 2371 amantes,
891 2316 944 2363 et
968 2319 1064 2359 vos
1086 2311 1339 2373 cogentes
1366 2302 1419 2354 in
1450 2300 1615 2353 Deum
1646 2294 2019 2363 blasphemare
2050 2310 2063 2346 :
2094 2307 2185 2347 re-

599 2402 893 2457 cordemini
921 2398 1063 2455 Johi.
1094 2396 1201 2452 Sed
1230 2393 1508 2449 videamus
1534 2390 1649 2460 ejus
1677 2388 1897 2442 multam
1920 2428 1934 2452 ,
1964 2386 2008 2442 si
2034 2384 2184 2441 vide-

598 2503 707 2558 tur,
738 2488 1202 2546 mansuetudinem
1225 2528 1239 2549 ,
1271 2499 1371 2554 qua
1399 2482 1516 2553 ejus
1542 2496 1605 2535 os
1630 2478 1916 2533 obstruxit.
1952 2476 2071 2542 Cur,
2105 2476 2187 2530 in-

597 2584 748 2649 quit,
792 2582 928 2635 velut
967 2595 1071 2633 una
1102 2593 1164 2632 ea:
1204 2574 1558 2641 insipientibus
1588 2569 1885 2624 mulieribus
1913 2569 1983 2621 ita
2021 2584 2073 2623 es
2102 2567 2183 2621 lo-

594 2683 752 2740 quuta
783 2672 943 2742 (Job.
988 2670 1043 2723 2.
1074 2666 1206 2739 10)?
1233 2666 1437 2721 Revera
1467 2663 1807 2730 Corrumpunt
1834 2660 1991 2713 bonos
2021 2673 2185 2711 mores

594 2766 848 2835 colloquia
890 2777 1046 2833 praua
1086 2759 1183 2832 (1.
1232 2757 1350 2814 Cor.
1386 2757 1472 2812 15.
1514 2754 1625 2823 '55)
1658 2770 1670 2805 :
1716 2766 1929 2821 semper
1967 2749 2182 2820 quidem

595 2870 762 2923 certe,
794 2856 1026 2911 maxime
1049 2862 1227 2907 autem
1255 2851 1304 2904 in
1331 2846 1754 2907 calamitatibus;
1788 2855 1912 2898 tunc
1931 2843 2017 2912 qui
2042 2841 2182 2895 mala

594 2951 855 3014 suadent,
887 2950 992 3002 vim
1026 2945 1242 3000 habent.
1274 2942 1404 2997 Nam
1437 2941 1479 2995 si
1520 2940 1733 2994 animus
1756 2953 1823 2992 ex
1864 2951 1923 2990 se
1950 2939 2081 2989 satis
2110 2935 2185 2989 sit

595 3050 872 3111 promptus
889 3039 953 3093 ad
976 3036 1393 3107 indignationem
1417 3044 1470 3087 et
1492 3030 1781 3094 fastidium,
1800 3036 1998 3097 quanto
2016 3027 2183 3096 magis

595 3134 807 3202 quando
838 3142 921 3188 est
962 3130 1121 3187 etiam
1149 3130 1238 3199 qui
1262 3125 1535 3182 consulit?
1565 3137 1742 3177 annon
1769 3120 2081 3175 detnrbatur
2108 3116 2175 3172 ad

595 3225 901 3279 barathrum
914 3222 938 3277 ἲ
951 3223 1196 3292 Magnum
1214 3219 1414 3274 bonum
1431 3226 1513 3271 est
1529 3214 1745 3279 mulier,
1766 3214 1904 3267 sicut
1919 3220 2000 3265 est
2020 3212 2180 3265 etiam

588 3320 838 3375 magnum
870 3310 1088 3362 malum.
1121 3311 1184 3364 Et
1211 3311 1334 3365 vide
1373 3311 1639 3363 undenam
1672 3306 1781 3361 vult
1822 3306 2011 3361 fortem
2056 3321 2178 3361 mtt-

589 3411 706 3451 rum
738 3398 1035 3465 perfodere.
1064 3398 1178 3452 Non
1207 3414 1330 3453 eum
1369 3407 1637 3467 expugnat
1678 3395 1915 3467 pecunia:
1936 3396 2175 3463 amissio,

591 3488 722 3543 nihil
753 3504 1000 3558 magnum
1029 3488 1207 3544 effecit
1235 3488 1337 3544 hoc
1364 3488 1642 3553 damnum,
1672 3487 1764 3542 sed
1793 3487 1986 3541 frustra
2016 3486 2176 3541 etiam

591 3580 914 3650 arguebatur
931 3581 1148 3647 dixisse,
1174 3580 1233 3635 Si
1255 3597 1355 3633 non
1378 3580 1426 3632 in
1456 3581 1637 3651 facient
1665 3578 1915 3632 benedicet
1937 3577 2023 3629 tibi
2054 3575 2175 3646 (Job

594 3671 646 3725 1.
682 3672 810 3739 11);
845 3670 967 3725 ideo
1008 3686 1228 3725 uxorem
1270 3681 1456 3725 contra
1502 3685 1624 3725 eum
1665 3678 1857 3722 armat.
1893 3666 2047 3721 Vides
2075 3680 2181 3735 quo

591 3764 865 3834 spirabat?
890 3765 994 3819 Sed
1028 3763 1157 3819 nihil
1192 3764 1263 3817 illi
1293 3763 1409 3819 haec
1441 3764 1684 3818 machina
1718 3760 1934 3831 profuit.
1968 3757 2023 3813 Si
2053 3773 2180 3827 ergo

592 3870 691 3910 nos
726 3871 937 3925 quoque
971 3865 1125 3926 grato
1162 3856 1342 3910 animo
1370 3854 1626 3917 feramus,
1668 3870 1731 3908 ea
1761 3854 1921 3909 etiam
1953 3850 2181 3919 recipio-

593 3961 752 4009 mus;
784 3947 905 4000 etsi
936 3962 1039 4001 non
1071 3946 1464 4016 receperimus,
1495 3945 1667 4013 major
1705 3944 1808 4000 erit
1838 3959 2063 3998 merces.
2092 3942 2180 3998 Sic

592 4039 645 4091 in
669 4036 948 4092 adamante
979 4038 1070 4091 illo
1099 4038 1291 4092 factum
1320 4047 1402 4092 est
1427 4053 1440 4090 :
1470 4036 1683 4106 quando
1716 4036 1858 4091 enim
1888 4034 2098 4089 fortiter
2126 4046 2180 4089 et

592 4138 809 4184 strenue
830 4129 1149 4194 deccrtavit,
1188 4140 1311 4184 tunc
1331 4130 1491 4183 etiam
1526 4129 1641 4183 hmo
1674 4130 1720 4183 ei
1750 4128 1932 4181 dedit:
1967 4127 2179 4190 quando

1373 348 1428 405 S.
1470 340 1747 403 JOANNIS
1781 332 2252 395 ειιιιῖεοδτοιιι
2314 330 2630 388 AllClllEP.
2670 328 3203 387 CONSTANTlNO}.

3780 306 3886 365 H8

2300 436 2537 494 ostendit
2566 436 2805 502 diabolo,
2836 438 3011 508 ipsum
3039 452 3146 492 non
3176 434 3300 491 ideo
3326 433 3497 491 Deum
3523 434 3741 502 colere,
3775 441 3905 489 tune

2300 527 2551 585 reddidit.
2589 527 2683 583 Est
2717 529 2862 583 enim
2903 526 3209 598 hujusmodi
3242 544 3255 580 :
3297 510 3512 596 quando
3555 524 3756 581 viderit
3802 539 3905 579 nos

2299 637 2405 677 non
2429 636 2549 676 esse
2570 618 2764 675 afﬁxus
2781 620 2847 677 iis
2868 636 2989 692 qua:
3012 620 3079 675 ad
3104 621 3242 675 hanc
3260 619 3422 674 vitam
3447 618 3743 689 pertinent,
3776 625 3905 672 tunc

2300 714 2454 771 nobis
2491 728 2553 768 ea
2583 713 2675 768 dat
2704 730 2719 768 :
2752 712 2969 784 quando
3000 712 3194 767 viderit
3224 726 3324 766 nos
3353 710 3611 781 praeferre
3641 708 3904 779 spiritua-

2299 806 2388 869 lia,
2416 812 2543 860 tunc
2564 804 2725 860 etiam
2758 802 2960 874 prmbet
2985 803 3255 866 carnalia;
3287 818 3391 857 non
3417 812 3595 858 autem
3623 801 3801 871 prius,
3833 814 3905 855 no

2298 896 2684 965 abrumpamur
2711 910 2742 949 a
2781 894 3171 965 spiritualihus.
3216 892 3383 949 Nobis
3426 894 3589 964 igitur
3634 908 3901 963 parcens,

2297 1003 2406 1042 non
2437 987 2528 1041 dat
2550 986 2783 1041 carnalia
2805 1028 2821 1053 ,
2851 994 2909 1040 ut
2933 986 3015 1041 vel
3042 985 3239 1039 invitos
3270 984 3338 1037 ab
3366 984 3431 1039 iis
3457 984 3715 1039 abducat.
3739 983 3902 1051 Non,

2297 1078 2497 1145 inquit;
2526 1077 2620 1133 sed
2643 1077 2687 1132 si
2710 1091 2992 1146 accepero,
3017 1076 3256 1147 repleor,
3272 1068 3341 1130 'et
3360 1076 3528 1145 magis
3545 1090 3648 1147 ago
3667 1076 3899 1147 gratias.

2296 1170 2513 1228 Falsum
2545 1180 2660 1234 est,
2706 1186 2739 1224 ο
2777 1172 2939 1225 homo
2967 1188 2983 1225 :
3017 1178 3145 1225 tunc
3177 1168 3319 1224 enim
3346 1182 3406 1222 es
3432 1170 3601 1238 magis
3626 1182 3822 1222 socors
3848 1175 3905 1222 et

2295 1263 2539 1331 ignavus.
2570 1261 2707 1329 Quid
2732 1268 2937 1325 autem,
2966 1262 3160 1331 inquit,
3190 1259 3330 1329 quod
3358 1258 3448 1313 dat
3480 1257 3713 1313 multis?
3743 1257 3904 1315 Unde

2291 1363 2507 1409 constat
2532 1351 2674 1421 quod
2706 1352 2822 1420 ipse
2847 1350 2979 1406 dat?
3019 1350 3125 1407 Sed
3156 1351 3310 1421 quis,
3344 1349 3551 1419 inquit,
3582 1346 3680 1403 dat
3706 1349 3893 1402 alius?

2294 1446 2495 1502 Eorum
2542 1444 2764 1500 avaritia
2810 1453 2865 1500 et
2906 1446 3115 1514 rapina.
3161 1442 3443 1512 Quomodo
3485 1456 3614 1513 ergo
3645 1442 3922 1499 concedit

2293 1538 2409 1593 inec
2440 1538 2589 1594 fieri?
2613 1537 2767 1593 Sicut
2794 1537 2996 1592 cuidem
3016 1578 3031 1601 ,
3062 1536 3198 1591 furta
3221 1576 3237 1603 ,
3266 1546 3320 1591 et
3360 1536 3466 1590 vim
3492 1552 3610 1605 qua:
3640 1536 3900 1591 infertur.

2292 1631 2431 1700 Quid
2460 1646 2609 1695 vero,
2635 1630 2827 1701 inquiL
2853 1630 2920 1684 de
2947 1629 3012 1683 iis
3035 1629 3169 1683 dicis
3189 1629 3277 1699 qui
3300 1644 3329 1682 a
3358 1629 3597 1698 patrihus
3618 1629 3905 1697 accipiunt

2293 1724 2670 1784 hereditatem.
2701 1722 2799 1791 ipsi
2824 1722 3004 1778 referti
3029 1722 3184 1775 malis
3208 1721 3734 1777 innumerabilibus?
3765 1738 3905 1791 quo-

2291 1814 2474 1879 modo,
2505 1812 2698 1883 inquit,
2726 1812 2855 1866 sinit
2876 1827 2968 1866 eos
2997 1811 3136 1867 Deus
3160 1812 3265 1867 illis
3290 1811 3430 1866 frui?
3459 1812 3611 1867 Sicut
3637 1822 3695 1866 et
3724 1811 3901 1879 fures,

2290 1914 2346 1959 et
2372 1918 2466 1959 eos
2493 1904 2583 1974 qui
2610 1903 2787 1958 caedes
2814 1902 3055 1970 faciunt,
3088 1912 3141 1957 et
3168 1914 3396 1958 caeteros
3427 1903 3705 1957 maleficos
3737 1920 3752 1956 :
3786 1919 3900 1959 nou

2291 2006 2374 2053 est
2397 1995 2542 2051 enim
2572 2011 2714 2051 nunc
2744 2004 2954 2065 tempus
2976 1994 3187 2065 judicii,
3220 1996 3313 2050 sed
3344 1996 3560 2064 Optima:
3587 1995 3717 2051 vitae
3740 1997 3901 2051 insti-

2292 2087 2538 2143 tutionis.
2586 2086 2739 2154 Quod
2784 2096 2963 2149 autem
3004 2085 3115 2156 jam
3162 2085 3301 2151 disi,
3350 2085 3456 2141 hoc
3485 2100 3701 2157 quoque
3751 2103 3899 2143 nunc

2287 2178 2412 2234 dico
2436 2195 2449 2231 :
2483 2177 2560 2233 illi
2588 2177 2821 2247 majores
2842 2176 3045 2231 dabunt
3072 2191 3277 2246 poenas,
3301 2177 3518 2246 quando
3543 2178 3709 2233 etiam
3733 2179 3899 2234 bonis

2287 2269 2537 2326 omnibus
2568 2269 2854 2339 perceptis,
2889 2283 2955 2322 ne
2983 2268 3061 2323 sic
3102 2268 3316 2338 quidem
3349 2268 3577 2322 evadant
3612 2270 3895 2325 meliores.

2296 2372 2410 2429 Non
2437 2372 2581 2427 enim
2603 2385 2792 2426 omnes
2811 2368 3063 2425 similiter
3087 2366 3403 2437 punientur,
3431 2364 3525 2421 sed
3549 2363 3585 2419 ii
3613 2363 3708 2435 qui
3735 2363 3909 2419 etiam

2294 2471 2420 2534 post
2462 2468 2681 2530 accepta
2719 2459 2977 2515 beneficia
3010 2457 3134 2513 mali
3179 2465 3437 2521 manent,
3468 2456 3638 2526 magis
3684 2453 3907 2509 crucia-

2296 2553 2530 2619 buntur;
2559 2552 2648 2623 qui
2675 2567 2853 2607 autem
2886 2552 2938 2606 in
2968 2557 3319 2621 paupertate,
3352 2563 3460 2603 non
3501 2548 3595 2601 ita.
3621 2544 3779 2615 Quod
3808 2559 3907 2598 au-

2298 2654 2405 2701 tem
2440 2646 2511 2699 ita
2537 2645 2608 2699 sit
2628 2684 2643 2709 ,
2681 2643 2805 2698 audi
2844 2643 2971 2713 quid
3010 2641 3154 2697 dicat
3183 2640 3364 2695 Davidi
3393 2659 3407 2695 ε
3441 2639 3631 2694 Nonne
3661 2639 3784 2692 dedi
3812 2637 3905 2691 tibi

2296 2736 2467 2790 omnia
2496 2736 2690 2790 domini
2717 2736 2790 2790 tui
2819 2735 2897 2807 (2.
2926 2732 3056 2804 Reg.
3082 2733 3169 2788 12.
3203 2732 3304 2805 8)?
3331 2731 3558 2800 Quando
3584 2746 3717 2801 ergo
3743 2728 3904 2785 vide-

2300 2834 2374 2889 ris
2393 2830 2643 2901 juvenem
2670 2831 2873 2899 absque
2901 2828 3174 2884 laboribus
3205 2837 3484 2896 paternam
3513 2824 3794 2892 accepisse
3819 2823 3908 2877 he-

2298 2922 2578 2979 reditatem
2601 2963 2616 2988 ,
2650 2931 2705 2977 et
2736 2922 2998 2976 mansisse
3043 2920 3239 2974 malum
3263 2959 3278 2986 ,
3311 2927 3463 2973 certo
3490 2918 3631 2972 scias
3671 2915 3818 2986 quod
3854 2916 3905 2969 ei

2296 3023 2557 3082 augeatur
2584 3027 2759 3083 poena,
2795 3021 2850 3068 et
2877 3011 3187 3066 intendatur
3210 3010 3500 3065 cruciatus.
3534 3008 3614 3063 Ne
3640 3008 3740 3062 hos
3769 3021 3905 3076 ergo

2296 3104 2636 3167 aemulemur,
2670 3104 2762 3158 sed
2810 3104 2853 3157 si
2902 3102 3167 3172 quispiam
3212 3101 3539 3158 successerit
3580 3100 3805 3159 virtuti.
3854 3097 3905 3154 si

2292 3194 2418 3263 quis
2438 3195 2748 3267 acquisierit
2768 3195 2981 3249 divitias
3003 3193 3310 3264 spirituales
3338 3211 3353 3248 :
3402 3191 3486 3247 Va:
3516 3192 3668 3252 enim,
3701 3190 3901 3259 inquit,

2298 3300 2363 3358 iis
2397 3302 2482 3370 qui
2521 3300 2783 3371 conﬁdunt
2814 3302 2868 3352 in
2907 3298 3011 3352 suis
3050 3298 3236 3351 diuitiis
3256 3314 3275 3362 ;
3306 3304 3393 3357 et,
3436 3292 3583 3348 Beat:
3610 3293 3700 3359 qui
3727 3294 3907 3348 timent

2301 3395 2581 3450 Dominum
2631 3396 2649 3465 (
2676 3393 2822 3446 Psaf.
2854 3392 2943 3447 48.
2975 3390 3025 3445 7.
3056 3401 3104 3443 et
3137 3390 3260 3445 127.
3292 3389 3369 3456 1).
3403 3388 3478 3442 Ex
3523 3386 3719 3455 quibus
3744 3424 3758 3449 ,
3814 3385 3907 3441 dic

2302 3487 2433 3543 mihi
2457 3532 2471 3555 ,
2500 3494 2582 3542 vis
2611 3488 2767 3543 esse?
2796 3487 2870 3539 Ex
2916 3485 2981 3539 iis
3010 3493 3161 3539 certe
3190 3482 3281 3553 qui
3310 3480 3452 3536 beati
3482 3480 3759 3533 dicuntur.
3798 3478 3911 3534 llos

2303 3597 2431 3652 ergo
2470 3581 2744 3642 temulare,
2781 3596 2886 3633 non
2916 3578 3066 3642 illos,
3098 3591 3156 3631 ut
3189 3576 3349 3630 etiam
3382 3573 3734 3642 consequaris
3765 3572 3909 3627 bona

2305 3691 2425 3746 quae
2470 3683 2595 3728 sunt
2641 3675 2719 3727 eis
2764 3673 3044 3737 reposita:
3094 3686 3215 3740 qum
3259 3668 3416 3723 detur
3447 3666 3601 3720 nobis
3649 3666 3913 3721 omnibus

2305 3768 2597 3835 eousequi,
2629 3766 2798 3837 gratia
2830 3775 2880 3819 et
2922 3763 3251 3833 benignitate
3297 3759 3507 3814 ltomini
3557 3759 3731 3814 nostri
3778 3758 3909 3814 Jesu

2305 3859 2526 3921 Christi,
2555 3874 2673 3913 cum
2700 3872 2807 3927 quo
2833 3857 2975 3911 Patri
3000 3870 3104 3909 una
3130 3869 3252 3908 cum
3275 3862 3462 3907 sancto
3486 3852 3690 3920 Spiritu
3712 3850 3909 3921 gloria,

2309 3952 2620 4020 imperium,
2664 3950 2857 4014 honor,
2892 3962 3033 4001 nunc
3064 3956 3117 4001 et
3142 3959 3381 4016 semper,
3410 3952 3465 3999 et
3496 3942 3548 3998 in
3578 3941 3779 3997 saecula
3809 3955 3911 3997 sat-

2307 4045 2571 4100 culorum.
2604 4045 2794 4096 Amen.

601 4208 3896 4238 ww

2012 4288 2343 4349 HOMILIA
2386 4287 2565 4348 XXI.

596 4472 724 4529 Car.
756 4471 845 4527 10.
872 4486 927 4525 v.
962 4468 1053 4523 52.
1086 4464 1515 4521 Rememoramini
1559 4470 1726 4513 autem
1772 4458 2011 4527 pristinos
2040 4455 2145 4508 dies
2171 4496 2187 4519 ,

668 4566 721 4616 in
757 4562 932 4630 quibus
968 4558 1261 4622 illuminati,
1294 4569 1535 4625 magnum
1581 4561 1833 4604 certamen
1882 4545 2188 4602 sustinuistis

666 4654 995 4725 passionum:
1018 4651 1107 4705 55.
1134 4658 1181 4701 et
1208 4648 1260 4701 in
1288 4648 1447 4699 altera
1479 4643 1681 4711 quidem
1708 4638 1993 4710 opprobriis
2021 4647 2067 4690 et
2098 4636 2189 4689 tri-

669 4742 1012 4800 bulationibus
1042 4739 1386 4810 spectaculum
1415 4737 1538 4805 facti
1564 4776 1577 4798 ,
1612 4735 1663 4787 in
1689 4734 1847 4786 altera
1873 4740 2036 4783 autent
2066 4728 2189 4782 socii

668 4839 834 4891 taliter
855 4832 1253 4889 concertantium
1281 4828 1465 4895 e/fecti.
1496 4828 1584 4881 54.
1615 4824 1754 4879 Ναηι
1783 4833 1829 4877 et
1854 4823 2030 4876 uinctis
2053 4837 2189 4874 cont-

673 4930 809 4999 passi
840 4929 973 4989 estis,
1002 4936 1044 4978 et
1074 4924 1309 4994 rapinam
1338 4921 1585 4973 bonorum
1616 4926 1893 4971 vestrorum
1923 4930 2037 4966 cum
2066 4930 2191 4983 gau-

672 5023 757 5074 dio
788 5018 1080 5087 suscepistis
1103 5058 1117 5081 ,
1146 5024 1500 5086 cognoscentes
1529 5028 1614 5066 vos
1646 5010 1826 5063 habere
1852 5006 2109 5061 meliorem
2136 5006 2190 5061 in

672 5114 808 5167 ca’lis
838 5121 880 5163 et
913 5118 1196 5163 manentem
1222 5105 1573 5160 substantiam.

673 5209 725 5262 1.
775 5200 1205 5259 Prmstantissimi
1239 5197 1430 5252 medici
1458 5210 1578 5249 cmn
1613 5192 1931 5263 profundam
1966 5190 2193 5245 fecerint

599 5300 938 5359 incisionetn,
966 5306 1018 5350 et
1049 5309 1140 5362 per
1168 5293 1376 5362 plagam
1408 5290 1644 5343 dolorem
1671 5285 2017 5348 intenderint,
2042 5283 2193 5337 labo-

601 5401 805 5445 rantem
840 5388 1011 5441 locum
1048 5384 1391 5437 consolantes
1412 5422 1425 5443 ,
1459 5379 1833 5445 turbatatnque
1865 5376 2109 5430 foventes
2139 5383 2193 5428 et

602 5489 913 5537 recreantcs
944 5476 1207 5539 animam,
1242 5489 1345 5527 non
1378 5473 1606 5542 amplius
1636 5470 1793 5525 aliam
1825 5469 2078 5524 exhibent
2108 5468 2190 5523 in-

602 5576 880 5637 cisionem,
903 5569 996 5623 sed
1020 5578 1073 5623 et
1095 5569 1270 5621 datam
1299 5568 1512 5621 mitibus
1536 5566 1735 5621 leniunt
1762 5563 2186 5629 medicamentis,

602 5674 657 5721 et
684 5679 802 5733 qua:
829 5662 1033 5715 doloris
1060 5661 1282 5714 multum
1313 5658 1516 5728 possint
1583 5652 1838 5707 adimere.
1874 5648 1986 5705 Hoc
2058 5669 2191 5723 quo—

602 5773 709 5827 que
732 5756 854 5811 fecit
877 5755 1071 5809 Paulus
1097 5771 1108 5807 :
1135 5767 1255 5807 cum
1279 5766 1464 5807 eorum
1488 5750 1850 5805 concussisset
1874 5747 2102 5811 animos,
2136 5754 2191 5801 et

601 5858 739 5911 facta
780 5853 1053 5908 mentione
1097 5848 1357 5920 gehennae
1385 5863 1479 5907 eos
1510 5847 1915 5917 compunxisset
1942 5855 1995 5901 et
2020 5846 2097 5901 eis
2125 5846 2185 5900 fi-

2292 4440 2411 4495 dem
2432 4439 2665 4504 fecisset,
2684 4442 2824 4511 quod
2844 4456 2965 4497 eum
2985 4445 3207 4500 omnino
3230 4446 3404 4515 perire
3424 4456 3656 4516 oportet.
3678 4452 3771 4518 qui
3801 4452 3895 4508 Dei

2289 4533 2511 4602 gratiam
2553 4532 2726 4587 affecit
2754 4536 3112 4595 contumelia;
3147 4546 3200 4591 et
3227 4553 3290 4591 ex
3326 4538 3521 4609 Moysis
3549 4539 3756 4609 legibus
3789 4543 3897 4600 hoc

2289 4624 2640 4685 ostendisset.
2671 4624 2811 4693 quod
2843 4628 2948 4679 sint
2977 4629 3223 4697 perituri,
3258 4641 3310 4683 et
3357 4633 3526 4700 magis
3565 4634 3728 4687 etiam
3770 4637 3894 4691 aliis

2288 4718 2622 4783 obsignasset
2655 4720 2975 4775 testimoniis
2996 4764 3010 4787 ,
3042 4731 3096 4775 et
3137 4722 3363 4779 dixisset
3395 4726 3727 4782 horrendum
3765 4745 3894 4788 esse

2289 4810 2526 4866 incidere
2566 4811 2617 4864 in
2669 4826 2859 4867 manus
2905 4814 2996 4867 Dei
3037 4816 3272 4870 viventis
3307 4834 3321 4871 :
3354 4833 3423 4874 ne
3452 4821 3621 4873 multo
3654 4833 3804 4878 metu
3838 4827 3891 4881 in

2286 4905 2715 4977 desperationem
2748 4909 2975 4964 adducta
3008 4911 3207 4972 anima.
3240 4912 3427 4969 dolore
3457 4915 3849 4973 absorberetur
3870 4962 3887 4989 ,

2285 5015 2375 5055 eos
2395 5000 2703 5054 consolatur
2726 5017 2820 5071 per
2842 5002 3022 5057 laudes
3050 5012 3103 5058 ct
3129 5004 3581 5071 adhortationem,
3608 5019 3660 5063 et
3687 5013 3767 5064 eis
3792 5011 3891 5067 do-

2286 5095 2559 5150 mesticam
2597 5095 2755 5150 ofi‘crt
2798 5098 3218 5153 aemulationem.
3251 5097 3679 5155 Rcmemoramini
3713 5104 3885 5173 enim,

2284 5188 2474 5257 inquit,
2496 5188 2737 5254 pristinos
2760 5190 2885 5254 dies,
2906 5191 2957 5243 in
2982 5192 3162 5256 quibus
3179 5192 3470 5256 illuntt'nati,
3494 5195 3710 5248 multum
3727 5210 3888 5252 certa-

2284 5299 2394 5335 men
2418 5284 2727 5336 sustinuistis
2750 5285 3063 5353 passionum.
3086 5285 3270 5354 Magna
3289 5296 3369 5341 est
3389 5303 3504 5357 qum
3524 5304 3619 5356 per
3638 5304 3803 5355 opera
3828 5292 3888 5347 iit

2281 5374 2577 5427 consolatio
2601 5392 2612 5427 :
2634 5389 2755 5428 eum
2776 5376 2915 5429 enim
2940 5376 3027 5444 qtti
3050 5391 3163 5430 rem
3184 5378 3419 5442 inchoat,
3437 5390 3649 5447 oportet
3668 5397 3887 5452 progre-

2281 5465 2516 5521 dientem
2552 5467 2727 5521 facere
2761 5468 3175 5521 incrementum.
3205 5470 3366 5536 Quasi
3397 5470 3620 5537 diceret,
3650 5472 3884 5538 Quando

2282 5560 2655 5624 initiabamini,
2673 5560 2883 5628 quando
2902 5562 3064 5615 eratis
3085 5561 3202 5616 loco
3220 5562 3626 5631 discipulorum.
3646 5568 3884 5623 ostendi-

2277 5654 2374 5707 5tis
2400 5662 2599 5706 tantam
2622 5652 2786 5707 animi
2815 5653 3169 5720 alacritatem,
3198 5664 3396 5707 tantam
3420 5658 3881 5725 generositatem:

2277 5761 2419 5800 nunc
2444 5755 2620 5800 autem
2643 5759 2747 5799 non
2774 5746 3025 5815 amplius.
3047 5746 3113 5799 Et
3137 5747 3225 5816 qui
3252 5746 3496 5801 hortatur
3518 5748 3619 5812 sic,
3643 5752 3883 5809 maxime

2280 5835 2520 5890 hortatur
2540 5851 2568 5889 a
2590 5835 2920 5893 domesticis.
2946 5836 3174 5907 Etvide,
3200 5852 3305 5894 non
3330 5838 3503 5895 solum
3528 5839 3684 5906 dixit,
3702 5840 3882 5898 Certa-
