4060 6402
163 256 263 312 H9

147 369 258 408 mea
277 357 609 427 sustinuistis,
643 360 738 417 sed
769 362 997 426 addidit.
1029 365 1302 441 Magnum.
1331 369 1441 426 Nec
1466 370 1602 427 dixit
1632 380 1752 425 teu-

147 446 401 515 taliones,
428 450 525 506 sed
552 462 829 509 certamen
856 497 872 522 ,
905 456 1049 527 quod
1079 469 1165 515 est
1195 476 1393 517 nomen
1438 464 1670 519 ποικιῖὶ
1697 472 1754 518 et

146 535 364 593 laudum
412 542 790 599 maximarum.
826 546 1027 606 Deinde
1064 551 1226 607 etiam
1262 564 1512 610 recenset
1544 554 1754 625 sigilla-

147 629 264 693 tiin,
283 633 620 701 ampliﬁcatis
648 638 971 703 orationem,
1001 650 1056 694 et
1079 643 1279 699 multas
1310 644 1499 699 laudes
1523 644 1747 701 addens.

141 720 473 786 Quomodo?
502 722 572 779 Et
590 726 654 780 in
684 728 847 783 altera
886 731 1094 799 quidem
1133 734 1426 805 approbriis
1454 744 1502 790 et
1534 736 1756 790 tribula-

142 814 364 867 tionibus
392 818 738 887 spectaculum
765 822 910 890 facti.
940 822 1127 895 Magna
1159 826 1305 881 enim
1330 842 1418 882 res
1447 838 1530 883 est
1554 817 1753 899 oppro-

147 905 347 971 ln-inm,
368 916 424 963 et
447 907 725 965 sufﬁciens
745 913 812 967 ad
833 917 1311 988 corpnngendum,
1334 922 1754 990 pet-vertendum

143 996 413 1067 animum,
444 1012 500 1057 et
525 1002 593 1058 ad
639 1005 836 1061 rationi
885 1008 1246 1067 on'undendas
1299 1014 1552 1070 tenebras
1585 1034 1600 1070 :
1629 1013 1753 1071 audi

142 1089 291 1143 enim
335 1090 463 1161 quid
504 1092 648 1150 dicat
678 1097 940 1167 propheta
961 1143 975 1166 ,
1013 1099 1193 1159 Facta
1217 1115 1338 1160 sunt
1364 1107 1491 1160 mihi
1514 1108 1758 1178 lacrynta

141 1182 295 1251 panis
320 1182 402 1237 die
426 1201 488 1238 ac
515 1198 682 1255 nocte,
710 1189 832 1244 dum
878 1193 1068 1249 dicitur
1111 1197 1238 1251 mihi
1275 1183 1523 1270 quotidie,
1557 1200 1656 1257 Ubi
1682 1212 1757 1257 est

141 1271 287 1327 Dens
312 1284 429 1331 tum
457 1278 475 1349 (
501 1278 648 1336 Psal.
686 1283 776 1338 ιι.
826 1286 927 1356 6)?
954 1296 1007 1342 et
1035 1305 1244 1355 rursus.
1276 1293 1337 1348 Si
1367 1294 1607 1350 inimicus
1631 1296 1758 1351 milii

138 1368 511 1436 exprobrasset,
540 1374 895 1431 sustinuissent
924 1380 1094 1449 utique
1122 1383 1141 1453 (
1166 1380 1312 1438 Psal.
1341 1384 1435 1440 5i.
1468 1387 1593 1459 15).
1612 1387 1759 1455 Quo-

142 1458 291 1511 niam
324 1462 467 1514 enim
503 1461 677 1517 inanis
702 1467 889 1537 gloriae
916 1486 1102 1528 amore
1129 1474 1337 1530 laborat
1361 1458 1757 1547 genushunta-

141 1566 294 1611 num.
324 1564 611 1624 prepterea
638 1559 799 1614 etiam
830 1562 899 1617 ab
932 1563 1036 1619 hoc
1060 1571 1292 1637 capitur.
1327 1569 1438 1626 Nec
1469 1572 1648 1628 solum
1671 1572 1760 1629 tli-

139 1644 240 1708 xit,
269 1644 594 1716 Opprobriis,
614 1652 710 1707 sed
742 1654 792 1708 id
820 1672 1035 1728 quoque
1055 1675 1180 1715 cuni
1206 1678 1400 1734 magna
1427 1666 1756 1735 intentione,

143 1736 511 1803 Spectaculum
550 1745 694 1814 facti.
726 1745 861 1803 Nam
910 1754 1126 1821 quando
1163 1754 1361 1826 aliquis
1401 1758 1619 1827 quidem
1661 1776 1760 1831 per

149 1844 214 1884 se
273 1832 490 1899 probris
543 1838 857 1906 appetitur,
890 1850 975 1896 est
1028 1845 1247 1915 quidem
1293 1848 1582 1906 molestum
1609 1890 1623 1917 ,
1664 1841 1760 1909 sed

145 2106 299 2161 daEea
338 2108 721 2182 descivissent,
756 2127 808 2171 et
856 2125 1129 2191 tamquam
1177 2123 1244 2179 ad
1292 2126 1455 2182 vitam
1501 2130 1761 2200 optimam

151 2200 497 2257 transiissent
522 2244 539 2269 ,
573 2212 635 2260 et’
676 2222 767 2263 res
817 2218 1074 2278 paternas
1119 2212 1533 2287 despexissent,
1579 2237 1609 2277 a
1651 2228 1765 2280 suis

147 2290 296 2347 male
318 2294 465 2388 pati,
486 2296 774 2388 etpullam
804 2299 1009 2359 habere
1039 2305 1459 2368 defensionem?
1490 2314 1605 2369 Non
1635 2332 1765 2388 pos-

145 2394 291 2447 sum,
318 2382 513 2453 inquit,
536 2385 720 2445 dicere
750 2393 893 2460 quod
926 2394 1043 2451 bare
1066 2398 1287 2468 quidem
1318 2404 1460 2473 passi
1488 2382 1651 2476 estis,
1669 2410 1764 2465 sed

146 2471 441 2541 doluistis;
484 2477 594 2532 imo
622 2495 752 2537 vero
780 2484 945 2540 etiam
976 2488 1132 2545 valde
1165 2471 1329 2547 thati
1360 2498 1516 2553 estis.
1555 2471 1639 2554 Et
1663 2500 1768 2557 hoc

150 2752 680 2847 apostolos-adducit
707 2758 759 2847 in
787 2762 1045 2847 medium.
1067 2766 1185 2847 Non
1214 2770 1414 2842 solum,
1441 2774 1634 2847 inquit,
1660 2796 1768 2836 non

146 2840 244 2938 ros
271 2827 458 2934 puduit
484 2843 704 2903 propter
731 2836 1046 2910 familiares,
1070 2845 1166 2901 sed
1194 2827 1638 2929 aliorum

145 2918 266 2974 inec
283 2923 426 3016 passi
454 2936 598 2995 sunt,
614 2928 797 2986 fuistis
822 2935 975 2990 socii.
1001 2936 1115 2995 Hoc
1130 2950 1213 2998 est
1240 2947 1402 3003 etiam
1423 2918 1757 3016 consoldn‘ti‘s

142 3012 587 3123 etiidhortantis.
625 3019 743 3076 Non
783 3022 939 3094 dixit,
973 3027 1148 3088 Fertis
1189 3051 1339 3095 meas
1380 3012 1750 3123 afﬂictione;

142 3102 281 3208 Inibi
298 3107 433 3163 estis
448 3110 601 3208 socii,
623 3114 717 3168 sed
746 3115 849 3173 hoc
867 3128 1096 3192 tantum,
1115 3124 1306 3185 Vinctis
1333 3102 1751 3208 catttpmsiesiis:

143 3192 478 3304 Vides
507 3202 575 3304 de
601 3219 661 3260 se
684 3205 830 3263 dicat
844 3219 899 3266 et
927 3212 993 3270 de
1011 3214 1134 3273 aliis
1154 3222 1346 3278 vinctis
1365 3229 1388 3279 ?
1407 3192 1590 3304 Usque

141 3302 255 3343 non
273 3291 595 3351 existimatis
614 3298 824 3355 vincula
847 3318 970 3362 esse
986 3312 1223 3381 vmculs,
1246 3318 1340 3373 sed
1361 3291 1756 3397 tamq'uantl'or:

143 3387 229 3433 tes
246 3389 310 3481 et
329 3386 536 3441 strenui
561 3388 782 3447 athletae
808 3397 1070 3454 stetistis:
1093 3408 1349 3473 quoniam
1372 3386 1754 3481 non-solantia

140 3472 344 3574 vestris
390 3489 497 3532 non
536 3492 675 3551 opus
714 3482 998 3546 habebatis
1025 3496 1436 3574 consolatione,

138 3562 283 3619 alios
320 3568 454 3623 estis
492 3574 783 3631 consolati.
825 3576 894 3632 Et
923 3585 1161 3655 rapinam
1189 3562 1437 3653 bonorum;

138 3668 274 3770 in:
880 3671 1074 3770 Papa),
1108 3694 1271 3752 quam
1314 3701 1462 3748 certa
1501 3705 1557 3751 ct
1598 3700 1756 3770 plena

139 3744 275 3803 ﬁdei
304 3754 621 3821 persuasio!
654 3759 859 3819 Deinde
884 3744 1043 3825 alert
1060 3744 1228 3831 etiam
1257 3744 1755 3857 causarii,vnoii“s:

138 3841 253 3897 lum
402 3848 699 3950 adhortans
727 3855 794 3910 ad
822 3865 1120 3923 certamina
1140 3911 1156 3937 ,
1186 3872 1283 3929 sed
1311 3841 1754 3950 etiam'u-t'a‘

142 3946 259 4054 .nqn
292 3934 502 4054 labent.
538 3940 797 4052 \‘identes
817 3992 832 4016 ,
862 3953 1073 4027 inquit,
1096 3934 1309 4022 vestras
1334 3934 1756 4054 divitia—subripi:

137 4027 423 4088 tolerastis
446 4052 459 4088 :
484 4049 578 4091 eas
602 4040 746 4097 enim
775 4060 896 4115 qua:
921 4051 1163 4111 nondum
1186 4027 1520 4131 apparebant

449 4144 570 4230 qute
599 4147 927 4220 apparerent
960 4163 973 4200 :
1005 4149 1150 4218 quod
1179 4129 1409 4215 sincera:
1435 4175 1554 4222 erat

133 4222 194 4327 et
214 4213 379 4273 factis
412 4220 544 4327 ipsis
572 4240 691 4284 eam
716 4213 1052 4295 ostendistis.
1076 4246 1155 4299 Ac
1182 4213 1753 4327 rapere

133 4305 377 4415 fortasse
404 4314 678 4375 violentia
704 4339 894 4383 eorum
921 4333 1012 4401 qui
1040 4305 1342 4411 rapiebdnt,
1364 4305 1466 4406 ncc

131 4402 407 4507 quispiam
459 4410 765 4480 prohibere.
813 4402 1182 4488 Quamobrem
1232 4402 1473 4497 nonduin
1496 4402 1604 4505 rest

134 4495 512 4610 perspicuum,
541 4505 681 4573 quod
714 4522 935 4581 prapter
958 4516 1121 4576 ﬁdem
1152 4529 1296 4595 passi
1322 4495 1751 4610 estis—rapinam:

132 4585 302 4705 Atqui
335 4587 439 4693 hoc
468 4606 682 4667 quoque
709 4610 793 4656 est
819 4585 1167 4693 perspicuum
1197 4635 1211 4672 :
1246 4585 1453 4682 licebat

131 4676 456 4788 voiitissetis
478 4724 494 4748 ,
525 4700 633 4741 non
667 4692 776 4759 pati
802 4676 1049 4767 rapinam
1076 4746 1092 4771 ,
1122 4690 1168 4761 si
1200 4725 1306 4767 non
1334 4676 1753 4788 «edidissetis:

130 4769 234 4887 sed
274 4773 420 4887 qu'od
462 4787 545 4880 est
584 4779 686 4837 hoc
731 4783 891 4859 longe
929 4769 1099 4865 magis
1130 4769 1753 4887 fecistispnc’nipeuutzd

130 4860 305 4917 etiam
338 4864 559 4973 {erretis
586 4886 708 4929 cum
736 4879 935 4948 gaudio
964 4900 980 4939 :
1010 4860 1155 4957 quod
1184 4860 1753 4973 quiddin'eralt'tdiu:

130 4956 619 5074 apﬁstqlicunl,let
648 4964 870 5074 digitum
900 4980 1112 5074 magnis
1135 4956 1243 5041 illis
1267 4956 1753 5074 altialii—quinti}:

129 5044 321 5114 geilali
363 5050 694 5119 gaudebant.
728 5058 937 5121 lieverei
960 5044 1080 5121 εἶιηι
1108 5076 1253 5121 anim
1534 5044 1731 5121 ’Ἰηριῗιέ

129 5139 347 5258 tortili:
372 5145 654 5258 gaudiales
676 5192 695 5217 ,
722 5156 860 5223 quod
890 5160 1035 5233 digni
1062 5168 1166 5223 sint

130 5231 278 5357 mitte
303 5231 1121 5357 Je'su‘oﬁeerenturfontameiia
1165 5263 1323 5334 (Act.

361 5327 613 5441 fert‘cum
633 5340 851 5441 gaudio,
875 5354 1115 5410 ostendit
1135 5327 1195 5414 se
1217 5327 1424 5425 habere
1446 5327 1753 5441 merded::

133 5416 400 5534 iam,
425 5430 478 5534 et
506 5428 654 5497 quod
681 5445 745 5486 ea
773 5449 881 5491 non
907 5440 979 5495 sit
1002 5442 1279 5521 damnum,
1304 5459 1400 5514 sed
1430 5416 1748 5534 ρ’έξξξῖιῖξῖ

134 5510 203 5622 ξ’ἶί
234 5510 392 5615 ¹¹³¹ξδν
426 5514 767 5622 εἶπερίειῖε,
795 5533 1032 5591 ostendit
1063 5510 1748 5622 voluntariain2druvm..r;

129 5601 759 5729 Ezrniiaﬂlguomodp
787 5622 1026 5729 elegistis
1052 5644 1108 5689 et
1135 5601 1741 5729 suscepi—stisvi'éo;r;:

119 5703 346 5764 nentes,
376 5703 570 5797 institit,
602 5721 689 5761 eos
717 5707 900 5770 habere
925 5718 978 5772 in
1002 5724 1143 5780 telis
1166 5703 1431 5793 meliorem
1458 5740 1505 5797 ei
1530 5703 1742 5794 ἠαζευλο

449 5789 727 5857 Panos.
779 5799 899 5863 Gtt.
947 5802 1173 5870 LXIII.

984 258 1060 315 lN‘
1090 260 1312 318 EPIST'.
1354 261 1448 316 A‘D
1489 251 1856 314 "EBRIEOS.
1898 250 2059 309 CAP.
2103 250 2170 307 X.
2215 247 2453 307 ιιολιιι.
2498 244 2639 303 XXI.

3378 243 3485 300 150

1867 376 1967 420 teut
2007 362 2366 419 substantiam.
2410 357 2727 423 lauentem,
2760 354 2811 411 id
2843 366 2945 417 eSI,
2977 353 3184 410 ﬁrmant
3211 368 3275 410 ac
3304 352 3477 409 stabi-

1867 461 1998 525 lem,
2022 471 2135 513 non
2162 457 2256 523 ita,
2284 454 2427 509 sicut
2453 452 2592 518 hsce,
2622 456 2961 521 pereuntem.

1947 551 2004 605 9..
2053 548 2258 605 Deinde
2296 560 2421 602 cum
2452 559 2547 601 eos
2582 541 2891 606 laudasset,
2935 540 3068 597 dicit
3100 558 3115 595 :
3158 539 3249 599 55.
3299 538 3477 596 Nolite

1862 645 2034 715 itaque
2086 641 2318 695 amittere
2362 636 2727 706 conﬁdentiam
2773 628 3020 697 vesti-ant,
3065 647 3181 701 qua:
3236 635 3477 705 magnam

1864 736 2013 791 habet
2040 732 2522 791 remunerationem.
2555 726 2696 797 Quid
2722 725 2905 783 dicis?
2928 724 3046 782 Nan
3073 725 3244 789 dixit,
3272 724 3477 781 Amisi-

1861 828 1961 885 stis
1983 819 2262 891 fiduciam,
2296 831 2351 878 et
2394 834 2584 877 rursus
2627 816 2892 891 acquirite
2915 861 2931 885 ,
2971 833 3041 874 ne
3069 818 3428 889 desperarent
3458 838 3473 884 ;

1861 922 1955 978 sed
1981 963 1997 990 ,
2026 917 2245 975 Habetis
2265 958 2281 984 ,
2310 930 2380 971 ne
2400 913 2660 969 amittatis
2690 930 2703 967 :
2733 911 2877 984 quod
2909 910 3179 968 efﬁciebat
3202 922 3265 967 ut
3288 920 3476 969 essent

1864 1012 2152 1069 ﬁrmiores.
2203 1008 2365 1073 Eam,
2411 1005 2626 1078 inquit,
2679 1002 2937 1061 habetis:
2987 1018 3112 1060 nam
3155 1000 3209 1061 id
3253 1006 3473 1076 quidem

1860 1105 2003 1179 quod
2046 1112 2128 1161 est
2172 1101 2431 1158 amissum
2494 1112 2685 1154 rursus
2729 1094 3048 1169 acquirere,
3099 1091 3293 1168 majori
3337 1108 3475 1169 opus

1860 1199 2025 1255 habet
2053 1197 2239 1255 labore
2268 1212 2283 1261 ;
2324 1192 2469 1266 quod
2514 1201 2697 1248 autem
2726 1190 3034 1261 possidetur
3064 1207 3170 1245 non
3205 1191 3434 1260 perdere
3455 1230 3470 1257 ,

1859 1308 1966 1351 non
2015 1292 2109 1347 ita.
2157 1288 2364 1346 Calatis
2408 1296 2588 1342 autem
2640 1284 2770 1340 dicit
2816 1282 3156 1339 contrarium
3205 1278 3469 1352 :Fiiioli,

1858 1402 1982 1458 quos
2008 1386 2193 1440 iterum
2220 1383 2481 1454 portorio,
2510 1380 2670 1435 donec
2716 1381 2963 1452 formetur
2994 1378 3047 1431 in
3075 1377 3213 1433 vobis
3240 1375 3474 1434 Christus

1857 1476 2020 1554 (Gal.
2066 1479 2123 1534 4.
2169 1475 2322 1547 i9);
2370 1484 2426 1531 et
2469 1474 2685 1531 merito.
2739 1472 2873 1528 Nam
2923 1472 3005 1529 illi
3049 1472 3269 1544 quidem
3317 1482 3474 1529 erant

1856 1575 2161 1647 Supiniores
2204 1582 2257 1629 et
2304 1570 2653 1642 ignaviores;
2685 1568 2831 1624 unde
2878 1582 3015 1637 opus
3044 1566 3317 1623 habebant
3343 1584 3472 1623 ora-

1855 1666 2005 1723 tione
2033 1680 2153 1737 qua:
2195 1663 2367 1735 magis
2415 1669 2681 1733 pungeret
2711 1668 2725 1714 ξ
2762 1660 2847 1715 isti
2892 1669 3075 1714 autem
3106 1670 3263 1715 erant
3301 1655 3471 1716 animi

1856 1759 2029 1831 magis
2069 1756 2250 1829 pusilli
2292 1765 2350 1812 et
2375 1755 2573 1825 objecti
2601 1772 2616 1821 ;
2651 1753 2795 1810 unde
2821 1754 2994 1827 magis
3032 1769 3168 1823 opus
3201 1754 3474 1811 habebant

1855 1852 2107 1908 oratione
2147 1865 2270 1921 qua:
2308 1857 2527 1905 curaret
2563 1862 2628 1903 ac
2657 1855 2954 1903 recrearet.
2984 1846 3162 1903 Nolite
3190 1863 3354 1919 ergo,
3385 1866 3471 1904 in-

1746 1988 1760 2011 ,
1854 1946 2006 2017 quit,
2064 1944 2315 2000 amittere
2365 1941 2752 1999 conﬁdentiam
2808 1950 3068 1997 vestram.
3130 1941 3294 1997 Multa
3340 1951 3473 2013 ergo

1734 2068 1759 2082 -
1853 2048 1972 2095 erat
1995 2053 2188 2095 eorum
2227 2036 2280 2091 in
2312 2035 2481 2092 Deum
2514 2033 2732 2090 ﬁducia.
2780 2032 2911 2100 Qua
2952 2049 3228 2106 magnam,
3261 2034 3470 2105 inquit,

1854 2130 2002 2185 turbet
2038 2129 2520 2185 reumuerationem.
2569 2126 2709 2195 Quid
2738 2126 2843 2182 hoc
2884 2135 2968 2183 est
2993 2168 3009 2195 ,
3056 2127 3275 2198 inquit?
3318 2127 3473 2184 'l‘nnc

1852 2224 1943 2278 illa
1990 2222 2353 2293 recipiemus,
2404 2219 2601 2293 inquit.
2650 2219 2796 2291 Ergo
2842 2220 2973 2274 siin
3022 2218 3204 2275 futuro
3234 2222 3470 2291 reposita

1851 2324 2007 2381 Sttttl,
2037 2330 2145 2369 non
2172 2324 2390 2384 Oportet
2416 2311 2507 2368 hic
2546 2327 2814 2383 qumrere.
2845 2310 3053 2367 Deinde
3078 2326 3148 2368 ne
3178 2312 3299 2383 quis
3322 2308 3475 2368 dicre

1850 2408 1970 2468 ret,
2020 2398 2162 2456 Ecce
2219 2401 2405 2456 omnia
2448 2401 2609 2457 nobis
2653 2406 2894 2472 praestita
2943 2412 3072 2467 sunt
3114 2418 3129 2456 :
3176 2416 3463 2472 propterea

1849 2501 1945 2544 eos
1973 2493 2369 2563 praeoccupavit
2398 2495 2451 2549 in
2477 2508 2539 2549 ea
2568 2510 2729 2566 quam
2763 2494 2864 2564 ipsi
2890 2493 3163 2551 habebant
3183 2495 3466 2565 opinione,

1850 2582 2241 2653 propemodum
2281 2586 2469 2643 dicens
2500 2605 2513 2641 :
2544 2589 2589 2643 si
2619 2588 2672 2643 in
2711 2588 2849 2643 ca'lo
2879 2589 3211 2660 cognoscitis
3241 2604 3338 2645 vos
3369 2587 3465 2643 lia-

1850 2672 1983 2732 here
2044 2677 2328 2735 meliorem
2393 2679 2790 2749 substantiam,
2856 2682 2988 2737 nihil
3052 2681 3138 2738 hic
3182 2682 3459 2754 quaerite:

1849 2770 2106 2840 patientia
2151 2773 2296 2829 enim
2340 2774 2495 2829 vobis
2543 2791 2683 2846 opus
2730 2785 2855 2841 est,
2917 2793 3027 2832 non
3089 2777 3462 2835 additamenta

1848 2863 2196 2931 certaminis,
2236 2875 2310 2920 'ut
2354 2866 2408 2921 in
2452 2867 2656 2923 eisdem
2710 2871 3014 2937 maneatis,
3066 2887 3136 2927 ne
3177 2871 3322 2943 quod
3376 2883 3462 2930 est

1849 2954 2002 3010 vobis
2041 2956 2295 3013 traditum
2335 2957 2622 3030 ahjiciatis.
2666 2959 2827 3018 Nullo
2857 2963 2965 3019 alio
3006 2963 3161 3019 vobis
3191 2975 3275 3020 est
3299 2980 3461 3036 opus,

1847 3061 2006 3116 quam
2035 3059 2092 3103 ut
2136 3048 2211 3104 ita
2256 3051 2451 3117 stetis,
2496 3061 2555 3107 ut
2596 3053 2865 3118 stetistis,
2920 3062 2980 3109 ut
3025 3070 3147 3111 cum
3178 3054 3246 3111 ad
3294 3056 3459 3111 ﬁnem

1848 3141 2205 3207 pcrveueritis
2230 3183 2244 3207 ,
2286 3142 2565 3212 accipiatis
2594 3144 3037 3214 promissionem.
3072 3144 3166 3203 56.
3204 3147 3463 3204 Patientia

1847 3231 2011 3297 enim,
2059 3232 2233 3304 inquit
2252 3276 2267 3299 ,
2298 3234 2441 3290 vobis
2474 3236 2765 3292 necessaria
2793 3248 2869 3293 est
2887 3279 2903 3304 ,
2942 3248 3000 3293 at
3022 3240 3333 3296 voluntatem
3367 3240 3464 3296 Dei

1847 3324 2089 3391 facientes
2113 3366 2129 3392 ,
2188 3328 2457 3398 reperietis
2516 3330 2929 3399 promissionem.
2983 3328 3105 3389 Uno
3166 3333 3287 3389 solo
3329 3351 3464 3407 ergo

1849 3417 2005 3473 vobis
2031 3433 2171 3489 opus
2190 3429 2366 3485 est,ut
2386 3422 2709 3492 esSpectctis
2737 3421 3054 3481 dilationem
3074 3467 3092 3493 ,
3119 3442 3226 3482 non
3255 3436 3314 3483 ut
3340 3444 3462 3483 rur-

1786 3570 1789 3571 ν
1846 3524 1941 3565 sus
1981 3512 2222 3574 certetis.
2250 3514 2335 3569 Ad
2382 3515 2556 3583 ipsam
2582 3556 2598 3582 ,
2642 3514 2848 3586 inquit,
2887 3513 3001 3589 jam
3040 3517 3265 3576 venistis
3299 3534 3460 3577 coro.

1846 3618 1972 3658 nam
1997 3618 2020 3669 ;
2045 3604 2227 3659 omnia
2255 3605 2457 3661 tulistis
2483 3607 2779 3663 certamina
2800 3650 2817 3677 ,
2845 3610 3086 3680 vincula,
3114 3608 3461 3681 amictioues,

1847 3704 2018 3767 rapta:
2042 3704 2166 3752 sunt
2200 3705 2397 3753 vestrm
2426 3696 2711 3757 facultates
2744 3717 2758 3755 :
2791 3702 2923 3773 quid
2949 3705 3127 3775 ergo?
3157 3706 3231 3762 De
3261 3720 3463 3764 cancro

1844 3790 1911 3845 ad
1963 3790 2069 3846 hoc
2116 3789 2308 3857 statis,
2360 3800 2418 3846 ut
2464 3793 2804 3849 coroneiniui
2848 3811 2865 3849 :
2910 3793 3017 3852 hoc
3061 3797 3240 3867 solum
3287 3798 3459 3867 ferte,

1844 3898 2064 3941 corona:
2108 3883 2305 3941 futura:
2329 3885 2672 3943 dilationem.
2703 3886 2750 3943 0
2779 3889 3100 3960 magnitudo
3128 3894 3460 3949 consolatio-

1845 3977 1972 4033 nis!
2022 3974 2096 4033 Ut
2131 3977 2179 4033 si
2221 3976 2345 4049 quis
2371 3976 2521 4035 dicat
2560 3978 2779 4035 athletae
2820 3980 2913 4051 qui
2942 3997 3136 4039 omnes
3166 3987 3463 4055 prostravit

1843 4079 1902 4126 et
1936 4071 2297 4142 expugnavit,
2324 4086 2503 4142 neque
2538 4070 2707 4127 ullum
2741 4070 2907 4130 habet
2933 4074 3305 4133 adversarium
3336 4093 3461 4139 cum

1843 4179 1953 4234 quo
1973 4152 2252 4234 decertet,
2284 4173 2340 4222 et
2368 4164 2567 4221 deinde
2586 4165 2661 4221 sit
2691 4168 3072 4238 coronandus,
3103 4180 3158 4226 et
3184 4162 3293 4227 non
3324 4171 3465 4229 ferat

1845 4257 1979 4314 illud
2008 4268 2220 4330 tempus
2245 4274 2354 4330 quo
2382 4261 2531 4314 venit
2557 4261 2885 4331 agonotheta
2909 4302 2928 4331 ,
2959 4272 3015 4321 et
3042 4264 3273 4336 imponit
3294 4282 3460 4322 coro-

1846 4365 1970 4405 nam
2003 4365 2020 4405 :
2053 4349 2145 4405 ille
2185 4358 2369 4405 autem
2405 4367 2514 4405 non
2560 4352 2800 4408 tolerans
2828 4354 2945 4409 vult
2969 4356 3119 4412 exire
3152 4368 3207 4414 et
3238 4357 3458 4430 fugere,

1846 4453 1907 4500 ut
1930 4444 2019 4515 qui
2065 4458 2173 4499 non
2202 4442 2341 4499 ferat
2382 4444 2528 4499 sitim
2556 4453 2613 4501 et
2637 4459 2853 4502 resmm.
2883 4446 3005 4518 Ipse
3033 4462 3163 4522 ergo
3193 4450 3297 4508 hoc
3326 4453 3462 4508 sub-

1847 4537 2093 4593 indicans
2113 4536 2243 4608 quid
2263 4537 2395 4593 dicit
2416 4538 2442 4591 τ
2462 4540 2555 4594 57.
2582 4540 2767 4595 Adnue
2788 4541 2924 4596 enim
2949 4544 3207 4598 modicum
3228 4546 3463 4617 aliquan-

1845 4630 2141 4701 tulumque,
2188 4626 2279 4700 qui
2324 4641 2566 4688 venturus
2610 4643 2685 4688 est
2730 4636 2928 4703 veniet,
2976 4646 3026 4692 et
3068 4655 3171 4693 non
3211 4640 3459 4697 tardabit.

1842 4721 1979 4779 Nam
2012 4739 2080 4780 ne
2119 4724 2396 4796 dicerent,
2429 4736 2481 4783 et
2520 4729 2737 4800 quando
2774 4732 3000 4789 veniet?
3028 4749 3125 4790 eos
3152 4737 3466 4793 consolatur

1844 4831 1912 4874 ea
1940 4816 2259 4889 Scripturis.
2296 4817 2513 4875 Etenim
2544 4821 2763 4893 quando
2786 4822 2919 4880 dicit
2944 4825 3112 4894 alibi,
3142 4825 3365 4902 Propior
3391 4842 3466 4885 est

1840 4910 2017 4957 nostra
2037 4902 2199 4960 salus.
2222 4906 2535 4957 consolatur
2560 4920 2681 4971 eos,
2712 4914 2900 4975 utpote
2924 4922 3047 4964 cum
3076 4921 3245 4967 testet
3271 4930 3461 4983 parum

1842 4992 2124 5065 temporis.
2170 4992 2281 5050 Nec
2327 5008 2396 5049 ex
2442 5008 2501 5049 se
2548 4994 2658 5051 hoc
2698 4996 2866 5064 dicit,
2895 4998 2991 5055 sed
3032 5015 3099 5056 ex
3142 5000 3460 5073 Scripturis.

1838 5086 1895 5156 Si
1922 5085 2067 5143 enim
2106 5086 2177 5141 ab
2217 5087 2310 5142 illo
2337 5096 2584 5159 tempore
2628 5089 2946 5161 dicebatur,
2980 5094 3164 5151 Adhuc
3202 5098 3461 5151 modicum

1840 5180 2213 5248 aliquantulum
2232 5221 2249 5247 ,
2295 5183 2383 5252 qui
2416 5197 2659 5239 remums
2701 5195 2775 5240 est
2807 5187 2967 5241 veniet
2986 5230 3001 5254 ,
3032 5198 3079 5242 et
3109 5205 3210 5243 non
3238 5191 3460 5245 tardabit

1841 5271 1864 5343 ς
1885 5271 2039 5327 Rom.
2084 5273 2176 5327 i3.
2203 5276 2262 5329 Η
2292 5276 2348 5345 ),
2380 5284 2463 5331 est
2507 5278 2854 5350 perspicuum
2885 5280 3031 5351 quod
3058 5297 3200 5338 nunc
3225 5282 3293 5338 sit
3328 5300 3458 5355 pro-

1844 5365 2112 5435 pinqnior.
2158 5365 2523 5434 Quamobrem
2562 5380 2617 5423 ct
2660 5381 2981 5441 exspectare
3030 5390 3138 5429 non
3181 5389 3343 5446 parva
3375 5386 3462 5431 ml.

1841 5472 2071 5512 merces.
2095 5456 2187 5513 28.
2208 5457 2388 5514 Justus
2408 5469 2597 5525 autem,
2630 5462 2831 5533 inquit,
2856 5481 2920 5519 ea:
2939 5466 3046 5535 [ide
3066 5470 3231 5522 vivet:
3254 5471 3396 5541 quod
3413 5474 3460 5526 si

1839 5548 2146 5605 subtraxerit
2161 5567 2235 5617 se,
2267 5569 2369 5607 non
2401 5553 2618 5623 placebit
2636 5556 2828 5611 anima:
2848 5573 2989 5613 mete.
3018 5559 3143 5616 llmc
3162 5575 3353 5634 magna
3377 5576 3460 5619 est

1839 5641 2171 5710 consolatio,
2206 5658 2327 5700 cum
2360 5646 2609 5702 ostendat
2636 5663 2735 5704 eos
2770 5650 2861 5722 qui
2893 5659 3065 5708 totum
3092 5670 3242 5711 rec'e
3267 5671 3455 5728 gesse-

1837 5745 1960 5795 runt
1988 5778 2004 5806 ,
2036 5735 2088 5794 id
2131 5738 2306 5810 ipsum
2354 5754 2450 5813 per
2477 5742 2787 5800 socordiam
2828 5746 3133 5895 amitterti.0
3138 5748 3253 5807 Nos
3286 5761 3458 5808 autent
