4060 6396
604 282 699 343 iiii

615 405 714 444 non
743 404 917 443 sumus
947 383 1295 441 subtractiouis
1320 382 1416 451 ﬁlii
1442 382 1494 435 in
1516 382 1868 453 perditionem,
1898 382 1985 434 sed
2007 380 2126 450 ﬁdei
2144 382 2196 434 in

614 482 985 550 acquisitionem
1003 482 1201 533 animat.
1215 475 1399 548 (CapJ
1416 475 1464 547 l)
1497 478 1547 531 1.
1565 473 1656 529 Est
1676 485 1840 529 autent
1856 474 1980 543 [idea
1999 491 2200 544 speran-

612 574 794 626 durum
820 571 1093 626 substantia
1113 584 1313 632 rerum,
1336 577 1681 637 argumenhttn
1704 582 1801 619 non
1824 567 2195 636 npparcntium.

612 662 667 716 ἓ.
714 662 779 716 In
826 662 919 714 hac
962 661 1096 713 enim
1150 658 1488 712 testimonium
1532 657 1829 725 consequuti
1874 666 1991 710 sunt
2034 673 2196 712 senes.

615 758 803 825 l‘apm:
835 754 976 825 quali
1016 751 1247 807 dictione
1272 760 1356 807 est
1381 764 1536 813 usus,
1570 749 1756 803 dicens
1776 789 1792 815 ,
1830 748 2200 819 Argumentum

615 865 713 900 non
739 848 1090 916 apparentium
1106 885 1120 908 ,
1144 842 1260 898 sive
1283 841 1547 897 convictio
1568 856 1752 897 eorum
1776 856 1895 911 quae
1920 856 2026 896 non
2055 841 2199 897 vide-

614 936 849 990 bantur:
879 940 1253 1005 argumentum
1298 932 1439 987 enim
1479 930 1675 987 dicitur
1715 930 1782 989 de
1824 932 1889 986 iis
1915 946 2035 1002 quae
2078 942 2203 989 sunt

617 1025 768 1080 valde
795 1023 1124 1079 mauifesta‘.
1144 1023 1303 1078 Fides
1324 1036 1477 1093 ergo,
1508 1022 1697 1093 inquit,
1727 1032 1810 1078 est
1836 1033 2085 1093 aspectus
2104 1039 2200 1081 eo-

614 1134 733 1173 rum
759 1133 879 1187 qum
907 1133 1012 1172 non
1039 1126 1163 1171 sunt
1186 1114 1483 1181 manifesta,
1502 1123 1556 1170 et
1578 1128 1641 1170 ea
1659 1128 1779 1185 quae
1799 1130 1903 1171 non
1932 1115 2198 1184 videntur,

615 1209 885 1264 deducunt
909 1208 974 1264 ad
1004 1206 1249 1262 eumdem
1282 1217 1482 1261 certam
1509 1207 1932 1275 persuasionem,
1951 1205 2202 1278 adquam

615 1316 736 1372 qua:
755 1300 1018 1365 videntur.
1038 1298 1222 1368 Neque
1247 1312 1374 1368 ergo
1401 1296 1455 1350 in
1485 1297 1547 1351 iis
1565 1311 1684 1367 qua:
1710 1296 1956 1351 videntur
1985 1298 2110 1353 licet
2139 1298 2202 1353 fi-

614 1394 737 1449 dem
769 1407 873 1446 non
902 1390 1116 1457 habere,
1144 1397 1305 1459 atque
1335 1404 1537 1454 rursus,
1573 1388 1618 1442 si
1642 1388 1707 1443 de
1734 1387 1799 1443 iis
1824 1404 1941 1460 qua:
1968 1405 2075 1444 non
2105 1405 2196 1444 ca-

617 1487 747 1541 dunt
762 1485 860 1541 sub
883 1494 1156 1556 aspectum
1181 1498 1287 1537 non
1307 1482 1539 1552 apertius
1561 1480 1717 1536 fuerit
1739 1485 1966 1551 cuipiam
1985 1496 2203 1551 persua-

616 1594 757 1640 sum,
780 1577 1022 1648 quamde
1053 1576 1116 1629 iis
1142 1590 1259 1645 qure
1279 1573 1543 1638 videntur,
1571 1589 1677 1628 non
1709 1582 1881 1641 potest
1905 1588 2025 1630 esse
2047 1575 2197 1632 fides.

616 1668 747 1723 Nam
788 1668 1036 1738 quoniam
1073 1680 1192 1735 qua:
1231 1672 1357 1718 sunt
1400 1664 1453 1717 in
1493 1675 1589 1733 spe
1621 1679 1725 1717 non
1765 1664 2015 1721 videntur
2042 1680 2200 1736 posse

618 1758 950 1821 consistere;
1000 1755 1129 1810 fides
1157 1755 1235 1810 eis
1268 1754 1436 1808 donat
1469 1754 1816 1809 substantiam
1845 1772 1859 1813 :
1909 1756 1992 1809 vel
2023 1758 2199 1825 potius

611 1865 722 1905 non
768 1850 929 1905 donat
953 1891 967 1916 ,
1012 1849 1107 1903 sed
1156 1849 1256 1903 hoc
1298 1849 1469 1918 ipsum
1496 1857 1579 1904 est
1617 1864 1802 1905 eorum
1834 1852 2065 1906 essentia
2097 1869 2110 1906 :
2143 1861 2200 1906 ut

618 1941 845 2011 exempli
889 1955 1080 2005 causa,
1124 1953 1230 1994 non
1262 1938 1481 1995 advenit
1507 1941 1868 2006 resurrectio,
1912 1955 2083 2012 neque
2120 1949 2203 1997 est

620 2034 670 2086 in
699 2030 989 2086 substantia
1012 2073 1026 2097 ,
1062 2031 1112 2086 id
1142 2042 1226 2087 est
1256 2045 1361 2086 non
1394 2031 1672 2099 consistit,
1712 2031 1807 2087 sed
1842 2047 1967 2102 spes
1995 2032 2120 2089 facit
2146 2039 2205 2087 ut

620 2130 681 2170 ea
708 2116 960 2171 consistat
988 2119 1039 2171 in
1070 2127 1248 2172 nostra
1271 2120 1467 2173 anima.
1498 2117 1611 2173 iloc
1637 2129 1717 2174 est
1744 2134 1922 2175 rermn
1951 2136 2069 2192 quae
2085 2136 2206 2191 spe-

621 2217 806 2264 rantur
845 2208 1161 2263 substantia.
1209 2210 1264 2265 Si
1311 2218 1391 2265 est
1431 2224 1560 2279 ergo
1601 2220 1972 2281 argumentum
2016 2228 2205 2268 eorum

622 2314 740 2367 quae
787 2315 891 2354 non
940 2300 1225 2368 videntur,
1268 2300 1395 2372 quid
1427 2317 1489 2357 ea
1518 2302 1677 2357 vultis
1706 2303 1921 2371 videre,
1956 2317 2068 2359 uta
2103 2305 2205 2361 ﬁde

621 2390 877 2447 excidatis
897 2400 950 2446 et
970 2406 997 2444 a
1018 2385 1222 2461 iustitia
1246 2433 1260 2458 ,
1290 2392 1337 2447 si
1364 2392 1576 2463 quidem
1595 2392 1772 2463 justus
1793 2408 1857 2449 ex
1889 2395 1992 2450 fide
2021 2393 2208 2450 vivet?

624 2480 730 2535 Vos
776 2493 952 2536 autem
1000 2486 1042 2536 si
1083 2497 1145 2538 ea
1185 2481 1346 2538 vultis
1390 2483 1608 2551 videres,
1657 2498 1763 2539 non
1806 2486 1935 2540 estis
1977 2487 2209 2557 amplius

621 2572 826 2627 tideles.
856 2573 1195 2642 Laborastis,
1228 2575 1402 2646 inquit
1425 2618 1439 2641 ,
1470 2576 1791 2632 decertastis
1822 2594 1834 2629 :
1867 2592 1965 2647 ego
1995 2592 2209 2649 quoque

624 2663 723 2717 hoc
739 2663 860 2718 dico
889 2682 901 2718 :
934 2665 1028 2720 sed
1056 2674 1399 2736 exspectate;
1432 2668 1532 2723 hoc
1561 2670 1702 2723 enim
1728 2677 1813 2724 est
1834 2669 1974 2725 tides
1998 2686 2011 2723 :
2042 2670 2207 2727 nolite

623 2753 928 2809 universum
963 2753 1048 2809 hic
1072 2771 1340 2823 qumrere.

692 2845 743 2898 3.
774 2844 899 2900 I‘lzec
918 2846 1059 2902 dicta
1089 2846 1302 2917 quidem
1329 2857 1453 2905 sunt
1478 2850 1544 2906 ad
1570 2852 1861 2921 Hebraeos;
1890 2863 1973 2910 est
2021 2863 2201 2910 autem

618 2940 923 2992 communis
951 2939 1249 2995 admonitio
1278 2943 1439 2997 etiam
1468 2944 1537 2999 ad
1565 2944 1760 3002 multos
1785 2963 1854 3003 ex
1901 2947 1966 3003 iis
1995 2946 2086 3019 qui
2118 2947 2205 3005 hic

625 3041 749 3084 sunt
771 3033 1102 3102 congregati.
1118 3032 1361 3103 Quonam
1390 3038 1550 3093 modo
1567 3039 1592 3090 Ἰ
1612 3038 1691 3093 Ad
1712 3054 1805 3095 eos
1836 3041 1925 3110 qui
1952 3050 2078 3096 sunt
2109 3057 2207 3112 pu-

614 3122 727 3175 silli
749 3132 802 3177 et
826 3122 1019 3193 abjecti
1043 3125 1229 3180 animi.
1263 3126 1394 3181 Nam
1416 3127 1631 3198 quando
1658 3129 1893 3185 viderint
1922 3133 2091 3189 malos
2119 3149 2207 3188 res

624 3227 748 3267 suas
768 3213 905 3269 bene
932 3230 1138 3285 gerere,
1162 3232 1222 3272 se
1246 3227 1422 3272 autem
1443 3233 1569 3274 suas
1589 3220 1745 3287 male,
1771 3221 1975 3291 dolent,
1999 3224 2209 3280 tristitia

625 3302 930 3360 afficiuntur
946 3314 999 3361 et
1013 3320 1155 3378 :egre
1173 3306 1518 3379 ferunt,quod
1536 3310 1745 3366 iltorum
1762 3311 2072 3369 desiderent
2088 3329 2207 3384 sup-

625 3394 841 3461 plicium
865 3406 919 3450 et
946 3397 1223 3464 ultionem,
1247 3408 1301 3454 et
1326 3401 1469 3469 quod
1501 3400 1741 3457 laborum
1768 3418 1985 3460 suarum
2016 3421 2207 3477 exspe-

622 3494 771 3541 ctent
800 3488 1125 3544 mercedem.
1160 3490 1339 3543 Adhuc
1365 3492 1497 3544 enim
1524 3493 1777 3547 modicum
1804 3494 2203 3566 aliquantulum,

618 3576 711 3647 qui
728 3586 967 3634 uenturus
982 3589 1055 3634 est
1067 3580 1248 3647 veniet,
1261 3589 1306 3636 et
1328 3597 1430 3637 non
1446 3583 1688 3652 tardabit,
1705 3584 1913 3641 dicebat
1930 3596 2054 3642 tunc
2071 3587 2211 3644 Dau-

626 3669 731 3726 lus.
758 3669 827 3725 Et
852 3686 951 3726 nos
972 3687 1100 3744 ergo
1125 3672 1241 3729 lucc
1262 3673 1507 3730 dicamus
1536 3675 1744 3747 ignavis
1768 3686 1823 3733 et
1848 3679 2167 3736 socordibus
2193 3700 2205 3737 :

627 3760 858 3818 Omnino
885 3766 986 3819 crit
1003 3765 1227 3835 punitio,
1248 3767 1468 3823 omnino
1484 3770 1662 3825 veniet
1678 3786 1692 3836 ;
1702 3768 1814 3839 jam
1835 3773 1990 3827 estin
2014 3771 2214 3831 foribus

624 3858 977 3934 resurrectio.
1025 3857 1323 3927 Undenam,
1354 3861 1547 3933 inquit,
1580 3865 1832 3921 constat?
1855 3866 1972 3923 Non
2001 3868 2122 3926 dico
2147 3885 2214 3926 ex

626 3948 937 4020 prophetis:
961 3965 1066 4007 non
1089 3952 1231 4009 enim
1260 3954 1326 4009 ad
1352 3953 1687 4014 Christianos
1714 3958 1890 4015 solum
1913 3975 2056 4018 nunc
2073 3977 2103 4017 a
2126 3978 2213 4019 me

625 4040 789 4095 verba
809 4040 978 4107 ﬁunt;
1002 4042 1097 4097 sed
1119 4042 1329 4101 etiamsi
1353 4044 1423 4101 sit
1448 4044 1689 4115 Griecus,
1713 4049 1927 4106 confido
1958 4054 2131 4121 plane,
2158 4062 2213 4108 et

616 4122 804 4188 certas
824 4135 1167 4203 probationes
1184 4136 1372 4203 adero,
1386 4146 1576 4195 etcum
1598 4139 1835 4197 docebo:
1855 4145 2211 4215 etquomodo,

622 4224 773 4282 audi.
796 4225 958 4282 Multa
990 4228 1237 4299 prtedixit
1261 4229 1530 4288 Christus.
1561 4232 1618 4287 Si
1649 4233 1739 4289 illa
1760 4250 1870 4290 non
1892 4248 2213 4306 evenerunt,

628 4332 731 4373 nec
756 4316 872 4375 hmc
890 4318 1218 4377 credideris:
1239 4324 1321 4377 sin
1345 4333 1522 4380 autem
1546 4326 1725 4381 omnia
1750 4339 2067 4395 evenerunt,
2088 4331 2215 4401 quid

627 4410 841 4466 dubitas
867 4412 936 4469 de
961 4414 1226 4485 reliquis?
1251 4417 1411 4487 Atqui
1442 4417 1621 4473 minus
1649 4428 1796 4476 esset
1827 4420 2129 4492 probabile,
2171 4426 2215 4480 si

627 4502 761 4558 nihil
806 4507 1091 4572 evenisset,
1128 4508 1233 4563 illis
1257 4508 1481 4567 credere
1503 4551 1520 4577 ,
1547 4528 1706 4581 quam
1728 4529 1850 4570 cum
1880 4518 2060 4572 omnia
2087 4533 2216 4575 eve-

623 4606 817 4651 nerunt
828 4638 841 4659 ,
858 4595 941 4651 his
955 4613 1058 4652 non
1076 4597 1318 4656 credere.
1337 4600 1499 4672 Magis
1517 4613 1694 4659 autem
1706 4606 1953 4677 exemplo
1968 4622 2085 4664 rem
2103 4610 2215 4665 red-

619 4686 750 4741 dam
769 4690 1127 4745 munitestam.
1145 4689 1284 4746 Dixit
1299 4691 1545 4749 Christus
1566 4692 1801 4752 futurum
1819 4706 1877 4752 ut
1893 4710 2214 4771 caperentur

625 4777 961 4851 Jcrosolyma
979 4822 992 4845 ,
1028 4782 1119 4836 tali
1146 4784 1453 4853 captivitate
1471 4828 1487 4851 ,
1514 4794 1576 4840 ut
1605 4788 1747 4843 nulla
1774 4804 2025 4863 umquam
2051 4792 2212 4850 fuerit

627 4869 923 4936 ejusmodi,
956 4879 1012 4927 et
1040 4888 1102 4927 ea
1137 4887 1242 4928 non
1281 4876 1510 4943 amplius
1536 4888 1721 4935 essent
1744 4882 2025 4939 excitanda
2053 4884 2207 4958 (Luc.

634 4960 720 5015 19.
751 4961 845 5032 44)
870 4981 883 5017 :
906 4972 962 5019 et
985 4963 1053 5018 ad
1093 4962 1343 5021 eﬂ'ectum
1370 4966 1599 5025 deducta
1627 4980 1713 5028 est
1741 4974 2039 5044 prtedietio.
2068 4977 2209 5033 Dixit

632 5068 876 5123 magnam
903 5055 1132 5111 futuram
1161 5057 1511 5115 aﬂlictionem
1539 5081 1553 5117 :
1581 5072 1636 5117 et
1662 5065 1861 5119 evenit.
1888 5065 2035 5121 Dixit
2070 5076 2206 5121 tam-

632 5160 789 5211 quam
820 5147 989 5214 sinapi
1021 5150 1339 5206 scminatum
1365 5153 1754 5209 extendendam
1796 5171 1917 5215 esse
1944 5159 2203 5229 praedica-

629 5235 829 5290 tionem
876 5235 1067 5309 (Marc.
1094 5236 1628 5302 15.2;Ilattln2431
1666 5244 1827 5312 ;Luc.
1866 5245 1953 5305 13.
1986 5249 2075 5321 19)
2107 5269 2120 5306 :
2149 5260 2204 5308 et

626 5342 746 5382 eam
765 5327 1005 5383 videmus
1042 5331 1279 5400 quOtidie
1307 5342 1475 5387 totum
1499 5337 1683 5390 urbem
1715 5349 1868 5395 terra:
1888 5343 2197 5411 pervadere.

623 5419 769 5475 Dixit
796 5419 1028 5477 futurum
1049 5430 1107 5477 ut
1126 5422 1214 5493 qui
1244 5434 1467 5494 patrem,
1486 5438 1579 5483 aut
1604 5439 1849 5500 matrem,
1872 5444 1963 5490 aut
1981 5434 2197 5505 fratres,

690 5574 975 5659 ἱέῐξέξῦἓς
991 5574 1839 5659 legiteﬂjcﬁeJxeautem
1864 5584 1962 5659 δρα
1982 5592 2209 5659 «summa

623 5648 674 5711 in
696 5641 900 5711 vetustis
917 5646 968 5687 et
991 5641 1275 5711 posterioris
1302 5642 1391 5711 aevi
1411 5641 1666 5695 Codicihus
1687 5641 1864 5695 lectum
1890 5641 2038 5700 fuerit
2059 5651 2209 5703 mmi-

626 5704 762 5762 μνεία,
788 5704 858 5749 sic
878 5704 1212 5752 incunctanter
1234 5704 1499 5764 posuimus.

1401 262 1463 319 5.
1506 260 1781 319 ιοικδῖις
1805 250 2277 318 CHRYSOSTOMI
2311 248 2625 310 ᾸΠΕΗῘΕΡ.
2669 244 3211 329 (ΣΟΝΞΤΑΝΤΙΝΟΡ.

3764 230 3871 286 liii

2300 388 2390 432 aut
2438 388 2652 430 sorores
2697 373 3052 441 reliquerint,
3097 376 3276 438 patres
3326 374 3379 420 et
3421 360 3886 419 matresihabeant

2301 467 2513 537 (Matth.
2545 463 2750 532 19.29)
2781 480 2794 516 :
2825 472 2880 516 et
2937 460 3039 513 hoc
3087 458 3330 512 videmus
3376 471 3436 509 re
3490 456 3601 525 ipsa
3645 451 3882 521 impleri.

2302 558 2472 619 Dixit,
2510 556 2575 609 In
2605 554 2791 608 mundo
2820 552 3137 622 aﬁlictionem
3168 548 3453 612 habebitis;
3497 546 3586 599 sed
3611 543 3880 611 conﬁdite,

2298 664 2389 718 ego
2416 648 2506 699 viri
2540 645 2786 699 mundum
2813 642 2995 714 (Joan.
3018 640 3106 695 16.
3130 640 3221 709 55)
3247 655 3261 703 ;
3292 638 3393 691 hoc
3422 647 3504 690 est
3528 677 3543 701 ,
3582 634 3756 690 Nemo
3784 646 3885 686 vos

2298 739 2573 809 superabit
2599 756 2611 792 :
2646 747 2698 791 et
2720 735 2822 790 hoc
2844 734 3089 788 videmus
3116 732 3292 802 reipsa
3317 729 3577 784 evenisse.
3603 725 3747 781 Dixit
3768 725 3887 778 fure

2290 841 2358 888 ιιι
2384 829 2671 885 inferorum
2694 833 2863 897 portat!
2887 823 3145 876 adversus
3164 820 3455 875 Ecclesium
3481 833 3585 872 non
3608 819 3718 870 sint
3740 831 3886 886 pra--

2297 924 2540 979 valitura:
2592 919 2805 989 (Matth.
2838 915 2926 971 i6.
2958 915 3084 979 18),
3124 913 3368 983 quamvis
3413 910 3884 980 persequutiuncm

2298 1016 2546 1086 patiatur,
2577 1021 2630 1065 et
2652 1009 2921 1065 neminem
2952 1005 3343 1062 exstincturum
3375 1016 3494 1055 csse
3543 998 3888 1069 praedicatio-

2298 1122 2418 1160 nem
2451 1122 2464 1157 :
2493 1113 2548 1158 et
2589 1103 2713 1155 huic
2757 1096 3092 1170 przedictioni
3136 1094 3497 1150 testimonium
3545 1091 3649 1146 fert
3701 1106 3886 1146 rerum

2295 1195 2643 1264 experientia.
2680 1191 2837 1263 Atqui
2887 1199 3011 1244 tunc
3039 1201 3162 1243 cum
3204 1185 3319 1239 hmc
3345 1184 3595 1259 diceret,
3633 1198 3737 1239 non
3766 1192 3889 1235 erat

2295 1286 2579 1341 admodum
2613 1282 2718 1338 fide
2747 1282 2964 1351 dignus.
2993 1278 3211 1345 Quare?
3235 1276 3495 1344 Quoniam
3526 1276 3701 1328 omnia
3727 1284 3887 1328 erant

2297 1378 2455 1432 verba
2478 1419 2491 1440 ,
2524 1384 2579 1430 et
2608 1390 2793 1429 eorum
2823 1388 2943 1443 qua:
2982 1370 3125 1426 dicta
3167 1370 3416 1434 fuerunt,
3440 1366 3677 1423 nondiun
3713 1367 3883 1418 ullam

2297 1468 2565 1538 prmbt-bat
2589 1450 2985 1536 probationem.
3014 1460 3375 1528 Quamobrem
3400 1471 3543 1513 nunc
3559 1466 3684 1512 sunt
3711 1458 3821 1534 mul
3850 1472 3886 1511 ο

2295 1560 2656 1616 crcdibiliora.

2368 1654 2516 1722 Quod
2552 1655 2705 1721 linem
2737 1651 2913 1705 mundi
2960 1649 3246 1719 proximum
3265 1645 3534 1727 credidqrit
3578 1643 3888 1715 Chrysosto-

2284 1760 2426 1800 mus.
2460 1776 2529 1787 -—
2562 1745 2734 1808 Dixit,
2778 1757 2899 1798 cum
2950 1741 3299 1811 prmtlicatum
3347 1737 3505 1793 fuerit
3528 1735 3882 1806 Evangelium

2292 1836 2540 1892 omnibus
2566 1833 2832 1906 gentibus,
2864 1841 2989 1886 llllic
3015 1830 3176 1885 tinem
3204 1844 3325 1885 esse
3369 1837 3651 1884 venturum
3689 1828 3910 1889 (Matth.

2291 1932 2382 1986 21.
2410 1931 2497 2000 is)
2535 1947 2547 1983 :
2580 1942 2707 1984 ecce
2749 1925 2813 1980 ad
2846 1925 3004 1980 tinem
3044 1926 3152 1994 jam
3187 1921 3547 1993 pervenimus.
3579 1918 3704 1973 Fuit
3733 1920 3883 1974 enim

2298 2022 2641 2091 prmdicatum
2671 2018 2864 2089 majori
2896 2018 3035 2088 parti
3092 2016 3238 2070 orbis
3271 2024 3425 2069 terra:
3459 2032 3472 2069 :
3500 2013 3609 2082 jam
3642 2026 3773 2080 ergo
3799 2011 3887 2065 in-

2293 2123 2398 2168 stat
2420 2112 2561 2167 ﬁnis.
2596 2110 2948 2172 Horreamus,
2980 2126 3014 2161 ο
3043 2106 3245 2162 dilecti.
3270 2104 3406 2173 Quid
3430 2102 3687 2166 vero,dic
3708 2100 3886 2157 mihi?

2294 2202 2360 2258 de
2389 2202 2493 2257 tiae
2518 2212 2569 2256 tu
2596 2216 2655 2257 es
2673 2199 2968 2255 sollicitus?
2990 2198 3105 2268 Ipse
3127 2197 3340 2267 quidem
3365 2196 3475 2265 jam
3503 2210 3669 2265 prope
3689 2193 3881 2258 adest;

2302 2277 2719 2345 uniuscujusque
2757 2285 2936 2331 autem
2963 2276 3067 2330 vita
3098 2286 3155 2330 et
3191 2290 3339 2333 mors
3367 2286 3450 2332 est
3480 2277 3836 2346 propinquior
3869 2299 3883 2330 :

2300 2367 2421 2423 Dies
2444 2369 2607 2433 enim,
2642 2368 2834 2437 inquit,
2867 2379 3153 2422 nostrorum
3179 2385 3426 2422 annorum
3443 2369 3494 2423 in
3521 2370 3643 2439 ipsis
3674 2380 3891 2437 septua-

2299 2462 2439 2530 ginta
2458 2462 2579 2514 auai
2599 2479 2615 2523 ,'
2633 2463 2677 2515 si
2688 2476 2809 2514 uero
2831 2461 2882 2514 in
2904 2460 3261 2531 potentatibus,
3286 2463 3537 2533 octoginta
3553 2465 3693 2517 anni.
3710 2463 3890 2534 Prope

2300 2550 2413 2605 dies
2461 2561 2543 2606 est
2581 2550 2795 2619 judieii,
2830 2552 3109 2605 timeamus
3137 2551 3371 2609 tandem.
3406 2551 3591 2606 Frater
3619 2570 3719 2607 non
3749 2557 3891 2607 redi-

2303 2644 2410 2705 mit,
2452 2642 2662 2696 redimet
2698 2643 2848 2697 homo
2886 2640 3174 2714 7(Psal.89.
3200 2642 3286 2697 10.
3316 2653 3362 2697 et
3410 2644 3496 2700 48.
3522 2644 3619 2712 8)?
3658 2646 3887 2701 Multum

2303 2733 2585 2800 pmnitebit
2610 2748 2707 2788 nos
2751 2734 2896 2798 illic;
2927 2735 3020 2789 sed
3062 2736 3113 2789 in
3144 2747 3317 2792 morte
3342 2738 3519 2794 nullus
3541 2740 3887 2796 conﬁtebitur

2302 2824 2424 2893 ipsi.
2443 2823 2736 2893 Propterea
2766 2825 2913 2891 dicit,
2940 2826 3315 2882 Prameniamus
3328 2830 3508 2900 faciem
3534 2833 3646 2902 ejus
3674 2833 3726 2886 in
3757 2851 3889 2889 con-

2302 2915 2515 2986 {mione
2544 2916 2780 2987 (1501.6.
2799 2919 2849 2972 6.
2880 2928 2924 2972 et
2939 2918 3034 2975 ³91.
3052 2919 3139 2988 9);
3171 2921 3271 2974 hoc
3299 2932 3399 3000 est,
3430 2926 3548 2992 ejus
3571 2925 3884 2983 adventura.

2302 3004 2432 3060 Nam
2462 3007 2547 3063 hic
2576 3008 2790 3078 quidem
2819 3008 2869 3062 id
2891 3010 3032 3078 quod
3065 3010 3347 3067 fecerimus
3373 3055 3389 3079 ,
3424 3016 3531 3068 vim
3556 3014 3738 3081 habet,
3772 3017 3888 3074 illic

2302 3107 2480 3155 autem
2500 3114 2857 3169 nequaquam.
2891 3100 2984 3155 Dic
3009 3115 3213 3170 qumso,
3244 3103 3288 3158 si
3318 3106 3440 3175 quis
3463 3120 3562 3160 nos
3592 3106 3645 3161 in
3667 3108 3887 3165 ardenti

2303 3190 2439 3260 ignis
2484 3190 2697 3247 fornace
2741 3206 2910 3261 parvo
2965 3201 3209 3263 tempore
3235 3200 3517 3264 statuerit,
3553 3214 3657 3254 non
3702 3205 3885 3259 omnia

2302 3281 2683 3336 sustinebimus
2714 3297 2811 3353 pro
2842 3283 3182 3351 liberatione,
3212 3286 3421 3343 etiamsi
3439 3292 3699 3361 pecunias
3724 3310 3888 3367 opor.

2304 3380 2412 3426 teat
2441 3370 2765 3441 profundere
2788 3414 2803 3439 ,
2852 3374 3065 3429 etiamsi
3114 3379 3427 3434 servitutem
3459 3382 3687 3438 subire?
3714 3386 3895 3452 Quam

2304 3464 2460 3519 multi
2490 3465 2541 3519 in
2588 3479 2779 3535 graves
2810 3469 3029 3522 morbos
3078 3467 3417 3537 inciderunt,
3452 3481 3507 3528 et
3536 3477 3703 3544 parati
3733 3493 3895 3536 erant

2302 3554 2432 3611 dare
2480 3558 2659 3611 omnia
2713 3557 2779 3610 ad
2825 3558 3221 3625 valetudinem,
3266 3563 3311 3617 si
3357 3578 3754 3641 proponeretur
3806 3572 3894 3626 eis

2300 3647 2493 3717 optio?
2521 3647 2579 3703 Si
2606 3663 2733 3718 ergo
2765 3650 2983 3704 morbus
3004 3648 3154 3706 brevi
3184 3651 3384 3709 durans
3411 3662 3656 3725 tempore
3686 3659 3753 3713 ita
3790 3676 3894 3715 nos

2305 3750 2461 3796 vexat
2485 3749 2539 3795 et
2570 3740 2812 3796 molestia
2844 3740 3031 3807 afficit,
3062 3742 3190 3812 quid
3224 3744 3332 3799 illic
3358 3744 3644 3815 faciemus,
3670 3753 3893 3820 quando

2304 3833 2484 3888 nullus
2511 3832 2609 3887 erit
2641 3846 2769 3887 usus
2797 3833 3347 3903 paniteutileuam
3368 3839 3549 3893 multis
3577 3856 3719 3898 nunc
3747 3843 3894 3913 pleni

2303 3941 2490 3982 sumus
2519 3926 2697 3993 malis,
2722 3936 2777 3981 et
2817 3941 2922 3981 non
2952 3928 3263 3983 sentimus?
3291 3929 3428 3985 alter
3457 3932 3687 3989 alterum
3737 3953 3891 3992 mor-

2303 4020 2513 4089 demus,
2542 4022 2679 4077 alter
2695 4024 2922 4079 alterum
2947 4024 3317 4082 consumimus
3338 4026 3587 4096 iujnriam
3608 4030 3890 4101 facientes,

2302 4124 2640 4178 accusantes,
2664 4116 3078 4182 calumniantes,
3107 4116 3477 4188 proximorum
3498 4121 3725 4192 gloriam
3745 4141 3895 4197 aegre

2305 4204 2557 4261 fcrentes.
2587 4208 2655 4261 Et
2700 4207 2819 4263 vide
2850 4224 2963 4264 rem
3012 4225 3229 4280 gravem
3259 4229 3272 4265 :
3318 4227 3445 4268 eum
3474 4215 3706 4272 voluerit
3737 4220 3893 4289 quis-

2305 4297 2445 4367 piam
2474 4298 2673 4354 lwdcre
2700 4301 2928 4369 proximi
2956 4302 3435 4373 existimationem,
3455 4306 3589 4363 dicit
3620 4325 3632 4361 :
3663 4309 3761 4366 llic
3802 4313 3894 4368 vel

2304 4386 2395 4443 ille
2424 4387 2526 4444 hoc
2547 4389 2683 4444 dixit
2711 4408 2725 4443 :
2752 4390 2916 4458 Deus,
2944 4391 3045 4448 hoc
3066 4393 3197 4448 mihi
3227 4395 3470 4455 condona
3497 4436 3513 4463 ,
3559 4413 3627 4453 ne
3648 4413 3735 4455 me
3762 4415 3896 4457 exa-

2303 4479 2496 4546 mines,
2525 4496 2651 4536 reus
2671 4495 2791 4536 sum
2822 4484 3081 4541 rumoris.
3112 4485 3223 4542 Cur
3248 4503 3377 4559 ergo
3406 4491 3628 4546 omnino
3653 4492 3809 4560 dicis,
3844 4498 3897 4552 si

2308 4586 2413 4625 non
2441 4571 2659 4627 credis?
2689 4588 2785 4629 cur
2810 4575 2952 4632 dicis
2982 4577 3005 4631 ?
3031 4593 3129 4633 cur
3176 4579 3348 4636 multo
3399 4597 3617 4639 rumore
3645 4583 3779 4642 iacis
3830 4598 3898 4644 ιιι

2302 4672 2374 4728 sit
2400 4669 2700 4726 credibile?
2730 4683 2828 4724 cur
2854 4681 3161 4724 sermonem
3189 4665 3507 4723 transmittis
3534 4663 3627 4736 qui
3672 4679 3779 4720 non
3808 4675 3899 4721 est

2302 4778 2459 4819 verus
2473 4762 2500 4818 ‘t
2527 4771 2585 4817 tu
2610 4776 2713 4817 non
2726 4759 2922 4828 credis,
2942 4767 2995 4816 et
3020 4759 3185 4814 Deum
3202 4772 3360 4830 rogas
3382 4764 3562 4813 utnon
3581 4755 3853 4813 examinet
3879 4791 3894 4810 .

2302 4852 2420 4911 Noli
2441 4868 2570 4925 ergo
2593 4852 2774 4909 dicere
2792 4895 2809 4920 ,
2840 4851 2933 4908 sed
2955 4860 3090 4917 tace,
3120 4858 3173 4905 et
3198 4850 3265 4904 ab
3293 4847 3437 4903 omni
3468 4856 3614 4904 metu
3639 4846 3897 4903 liberare.

2373 4948 2429 5005 ι.
2469 4946 2573 5003 Sed
2602 4948 2782 5002 nescio
2801 4946 2941 5001 unde
2964 4944 3052 5000 hic
3074 4943 3291 4999 morbus
3320 4942 3514 4997 incidit
3540 4942 3592 4996 in
3617 4934 3898 4997 hemines:

2303 5054 2491 5097 sumus
2533 5049 2821 5110 nugatores
2846 5079 2861 5103 ,
2913 5038 2965 5093 in
3008 5036 3183 5092 anima
3228 5044 3411 5090 nostra
3444 5036 3574 5090 nihil
3627 5046 3898 5090 remanet.

2304 5134 2444 5190 Audi
2468 5130 2753 5203 quemdam
2778 5131 3075 5200 sapientem
3103 5128 3483 5184 admonentem
3512 5137 3567 5183 et
3588 5126 3857 5182 dicentem
3882 5146 3897 5181 :

2307 5226 2504 5283 Audisti
2531 5224 2733 5278 veritum
2754 5223 2779 5277 ἵ
2803 5224 2855 5277 in
2886 5232 2933 5277 te
2961 5222 3210 5276 moriatur
3236 5238 3255 5287 ;
3283 5220 3501 5291 conﬁde,
3528 5237 3634 5274 non
3667 5222 3901 5273 terum-

2302 5329 2384 5390 pet
2404 5336 2423 5384 ,'
2440 5326 2497 5374 et
2513 5332 2701 5373 rursus
2726 5356 2741 5380 ,
2763 5315 2968 5370 Audiuit
2984 5314 3188 5369 uerbum
3206 5315 3481 5383 stultus,_et
3503 5314 3743 5383 parturiit
3762 5324 3900 5367 tam-

2300 5427 2454 5480 quam
2482 5427 2513 5463 α
2538 5409 2673 5479 facie
2699 5408 2910 5479 infantis
2926 5422 2985 5461 ea
3005 5421 3118 5477 qua:
3136 5406 3267 5473 parit
3288 5404 3308 5475 (
3331 5403 3491 5459 Eccli.
3518 5403 3604 5461 19.
3638 5402 3725 5459 10.
3761 5404 3818 5458 ll
3852 5403 3898 5473 ).

2303 5506 2501 5558 Sumus
2518 5500 2747 5571 prompti
2771 5498 2837 5552 ad
2863 5497 3255 5561 accusationes,
3288 5496 3456 5566 parati
3474 5495 3539 5550 ad
3562 5495 3898 5551 condemna-

2306 5598 2499 5652 tiones.
2534 5591 2751 5649 Etiamsi
2784 5591 2988 5646 nullum
3018 5588 3163 5645 aliud
3194 5588 3395 5645 malum
3446 5586 3643 5643 factum
3689 5597 3838 5643 esset
3866 5603 3897 5643 a

2308 5691 2463 5748 nobis
2485 5730 2499 5757 ,
2534 5687 2638 5742 huc
2681 5686 2811 5743 satis
2840 5693 2987 5742 esset
3016 5682 3083 5740 ad
3130 5697 3230 5741 nos
3258 5681 3562 5751 perdendos
3584 5722 3600 5751 ,
3644 5692 3698 5739 ct
3725 5681 3897 5739 abdu-
