4060 6404
164 320 271 377 155
1030 320 1092 351 tu
1134 320 1349 352 artat.
1382 320 1482 350 »ην
1522 320 1774 348 tinuum

161 414 367 472 cendos
396 413 449 469 iu
488 410 789 484 gehennam
815 425 833 461 ι
863 407 963 463 hoc
1010 421 1110 462 nos
1164 407 1402 476 implicat
1441 416 1497 463 et
1547 405 1774 464 involvit

163 509 324 563 malis
386 498 890 561 innumerabilibus.
969 498 1036 554 Et
1083 508 1141 553 ut
1199 498 1505 555 accuratius
1551 499 1787 568 discas“

163 596 645 667 audiProphetam
691 592 996 656 dicentem,
1028 590 1225 646 Sedens
1266 595 1510 646 adversus
1555 593 1771 665 fratrem

66 694 77 707 '
162 705 310 747 tuum
346 687 631 760 loquebaris
672 684 847 757 (Psal.
876 683 962 740 l9.
994 682 1111 754 20).
1142 684 1213 738 At
1240 698 1345 738 non
1368 698 1471 755 ego
1495 722 1510 748 ,
1558 683 1767 756 inquit,

160 787 262 843 sed
304 786 415 841 ille.
447 784 558 839 Imo
599 796 731 837 vero
762 789 817 835 tu
852 798 865 834 :
897 780 941 836 si
977 790 1031 833 tu
1057 779 1202 836 enim
1235 794 1341 834 non
1369 779 1603 836 dixisses
1626 821 1643 848 ,
1678 779 1771 836 ille

158 896 271 936 non
298 875 593 932 audivisset
623 890 637 928 :
669 871 812 943 quod
842 871 887 927 si
915 871 1080 926 etiam
1104 880 1219 926 erat
1247 871 1555 937 auditurus,
1587 864 1685 928 sed
1714 882 1769 927 ιιι

159 988 271 1029 nou
303 970 501 1026 fuisses
521 976 709 1024 auctor
737 966 959 1037 peccati.
979 965 1113 1021 Cum
1140 973 1383 1035 oporteat
1413 965 1643 1035 proximi
1673 964 1768 1022 de—

158 1068 289 1121 licta
318 1063 499 1119 velare
524 1070 581 1117 et
609 1070 793 1131 tegere
820 1099 835 1123 ,
871 1068 925 1112 ιιι
954 1065 1219 1128 ρι-ωιοιιιι
1256 1056 1543 1126 probitatis
1570 1072 1632 1113 ea
1658 1068 1768 1113 tra-

155 1157 355 1216 ducis?
394 1154 511 1211 Non
558 1168 620 1209 es
652 1146 976 1215 accusator,
1023 1148 1119 1204 sed
1153 1158 1387 1220 nugator
1411 1191 1428 1215 ,
1482 1149 1687 1205 delirus
1712 1160 1770 1208 et

165 1251 386 1306 stultus.
419 1246 466 1303 0
489 1242 707 1301 solertia
734 1243 748 1297 ι
784 1242 1012 1312 teipsum
1042 1256 1166 1295 cum
1196 1241 1286 1295 illo
1313 1240 1520 1311 pudore
1546 1240 1719 1297 amcis
1745 1283 1761 1309 ,

154 1354 214 1400 et.
259 1358 366 1397 non
403 1336 610 1395 sentis?
652 1333 786 1389 Vide
815 1342 993 1387 autem
1040 1342 1171 1403 quot
1200 1333 1337 1386 mala
1380 1330 1506 1387 hinc
1532 1346 1766 1387 nascan-

157 1448 247 1491 tur
282 1453 298 1490 :
330 1434 494 1488 Deum
527 1427 729 1490 irritas,
762 1425 1070 1496 proximum
1095 1424 1282 1480 dolore
1306 1424 1501 1491 aflicis,
1553 1435 1604 1481 te
1630 1439 1763 1497 sup-

157 1527 321 1599 plicio
347 1523 640 1590 obnoxium
670 1518 873 1575 reddis.
901 1517 1016 1573 Non
1045 1517 1201 1572 audis
1234 1518 1459 1573 Paulum
1485 1517 1762 1575 dicentem

151 1623 227 1678 de
273 1618 449 1675 viduis
487 1613 806 1670 mulieribus
856 1628 871 1666 :
926 1610 1046 1667 Non
1098 1611 1269 1665 solum
1309 1621 1481 1667 autem
1536 1615 1760 1682 otiose,

154 1713 365 1783 iuqttit,
418 1710 659 1770 discunt,
708 1704 797 1760 sed
826 1713 873 1759 et
913 1704 1201 1775 nugatrices
1243 1713 1293 1759 et
1335 1704 1557 1761 curiose
1584 1748 1600 1775 ,
1650 1707 1760 1762 cir-

160 1812 459 1856 cumeuntes
485 1798 683 1861 domos,
709 1805 755 1849 et
799 1796 1055 1865 quuentes
1078 1810 1193 1865 qua
1219 1810 1318 1849 non
1347 1795 1488 1850 decet
1514 1797 1593 1867 (1.
1625 1795 1759 1852 Tim.

160 1887 217 1942 ε.
250 1885 319 1941 13
342 1889 385 1958 ).
428 1886 791 1957 Quamobrem
821 1889 984 1945 etiam
1011 1932 1025 1956 ,
1069 1889 1288 1960 quando
1318 1890 1618 1947 credideris
1647 1887 1768 1963 qua:

158 1977 419 2034 dicuntur
446 1978 709 2036 adversus
756 1979 979 2037 fratrem
1008 2023 1025 2048 ,
1065 1997 1134 2039 ne
1164 1984 1245 2039 sic
1288 1983 1507 2054 quidem
1555 1994 1773 2060 oportet

158 2071 384 2139 dicere,
442 2074 643 2130 nedum
690 2074 738 2131 si
784 2090 892 2131 non
925 2076 1141 2132 credas.
1183 2079 1253 2132 At
1301 2077 1447 2147 quod
1500 2087 1650 2134 tuum
1682 2088 1767 2135 est

157 2176 377 2235 semper
402 2176 652 2236 spectas,
687 2168 885 2223 timens
908 2184 977 2223 ne
1005 2176 1063 2224 te
1092 2168 1234 2224 Deus
1263 2170 1582 2226 examinet?
1613 2171 1769 2228 Time

155 2270 291 2327 ergo
339 2272 409 2314 ne
445 2257 518 2315 de
566 2261 673 2315 tuis
724 2260 882 2332 nugis
929 2261 1281 2316 examineris.
1327 2263 1425 2319 llic
1471 2265 1616 2320 enim
1659 2280 1770 2325 non

159 2356 318 2416 potes
364 2348 588 2419 dicere,
638 2351 715 2407 Ne
760 2368 849 2409 me
900 2353 1043 2409 Deus
1092 2354 1365 2410 examinet
1412 2372 1509 2425 pro
1558 2361 1761 2429 nugis:

158 2438 319 2509 plane
334 2442 479 2496 enim
512 2458 598 2498 res
628 2443 741 2514 ipsa
768 2455 848 2501 est
870 2461 1045 2517 nugte.
1067 2445 1178 2502 Cur
1201 2462 1294 2502 eas
1319 2448 1600 2505 traduxisti
1625 2451 1649 2504 ἲ
1673 2468 1772 2509 cur

158 2532 363 2588 malum
408 2535 795 2606 ampliﬁcasti‘?
841 2537 945 2593 hoc
986 2554 1087 2593 nus
1116 2549 1294 2608 potest
1334 2541 1590 2611 perdere.
1625 2542 1762 2599 Pro-

158 2637 347 2695 pterea
400 2626 616 2683 dicebat
674 2628 920 2685 Christus
951 2672 967 2697 ,
1017 2629 1195 2686 Nolite
1234 2634 1511 2703 judicare,
1561 2645 1617 2690 ut
1667 2653 1770 2692 non

144 2717 480 2787 jndicemini.
523 2718 629 2775 Sed
688 2736 716 2773 a
749 2722 904 2777 nobis
951 2722 1094 2778 nulla
1133 2722 1251 2795 ejus
1289 2724 1521 2783 habetur
1590 2730 1766 2797 ratio,

156 2823 263 2863 nec
309 2825 430 2878 qua:
475 2810 751 2868 Pltarismo
781 2814 1132 2880 acciderunt,
1185 2832 1284 2871 nos
1328 2818 1612 2889 castigant,
1666 2836 1770 2875 ucc

154 2901 438 2959 modestos
492 2904 730 2961 reddunt
776 2921 839 2962 ac
894 2900 1229 2964 moderatos.
1280 2909 1374 2967 Ille
1417 2928 1531 2967 rem
1583 2930 1767 2969 veram

151 2994 409 3065 dicebat,
458 2996 579 3052 Non
610 3014 721 3054 sum
767 3001 895 3054 sicut
937 3001 1033 3055 iste
1084 3002 1409 3071 publicanus,
1456 3012 1512 3059 et
1554 3004 1770 3062 dicebat

153 3090 309 3146 nullo
358 3090 648 3157 audiente,
721 3102 776 3148 et
828 3093 924 3149 fuit
974 3097 1384 3151 condemnatus.
1439 3097 1625 3171 Siqui
1671 3116 1768 3157 vc-

152 3197 277 3236 rnm
324 3181 490 3246 dixit,
552 3184 647 3239 fuit
685 3184 1107 3249 condemnatus,
1158 3197 1214 3242 et
1264 3188 1402 3245 dixit
1444 3190 1595 3245 nullo
1660 3207 1758 3247 au-

1029 296 1094 351 IN
1134 293 1349 352 EPIST.
1382 292 1482 350 ~AD
1522 291 1888 349 IIEBIIASOS.
1928 292 2085 350 CAP.
2126 293 2216 350 XI.
2260 294 2490 353 IIOIIIL.
2534 295 2700 354 XXII.

3395 309 3493 365 I54

1871 410 2058 468 diente
2105 429 2120 467 :
2161 411 2254 482 qui
2299 409 2431 466 falsa
2473 419 2530 467 et
2558 408 2629 467 de
2654 409 2852 481 quibus
2892 423 2999 465 non
3048 418 3179 466 sunt
3218 411 3351 467 eet-ti
3378 453 3393 478 ,
3429 416 3483 468 tn

1871 517 2061 559 omnes
2091 512 2270 573 partes
2302 502 2677 558 transmittunt
2700 544 2717 571 ,
2748 502 2895 558 sicut
2926 504 3244 573 nugatrices
3273 516 3324 560 et
3358 519 3485 560 rer-

1871 594 2020 651 boste
2044 594 2301 651 mulieres
2326 636 2343 661 ,
2386 594 2519 665 quid
2549 609 2658 649 non
2688 594 2816 649 mali
2850 595 3172 671 patientur?
3217 594 3346 668 quid
3377 612 3486 653 non

1870 686 2216 743 sustinebunt
2241 687 2267 742 τ
2292 684 2388 742 Ori
2414 695 2606 743 nostro
2631 684 2893 757 deinceps
2918 687 3118 743 ostium
3144 688 3489 759 imponamus

1870 788 1926 837 et
1956 789 2164 836 vectem
2194 796 2210 835 :
2240 794 2306 836 ex
2338 778 2511 851 nugis
2541 779 2689 834 enim
2722 788 3026 835 nascuntur
3051 778 3191 835 mala
3230 781 3490 839 innume-

1870 870 2062 927 rabilia
2097 886 2111 925 :
2141 878 2463 927 evertuntur
2491 870 2687 926 domus
2709 911 2725 936 ,
2758 870 3175 942 disrumpuntur
3193 874 3445 929 amicitia:
3467 916 3484 942 ,

1836 994 1839 997 <
1870 973 1927 1020 et
1954 962 2241 1019 innumera
2273 963 2379 1017 alia
2414 962 2559 1018 mala
2588 962 2859 1019 oriuntur.
2908 964 2987 1019 De
3027 964 3190 1021 rebus
3218 966 3485 1035 proximi,

1870 1073 1904 1114 ο
1935 1059 2119 1121 homo,
2152 1072 2221 1114 ne
2256 1058 2334 1111 sis
2365 1056 2636 1112 curiosus.
2671 1056 2743 1111 At
2767 1070 2829 1112 es
2864 1056 3086 1128 loquax,
3119 1066 3176 1113 et
3205 1057 3309 1114 hoc
3335 1058 3488 1115 tabo.

1870 1144 1957 1210 ras
1985 1151 2160 1209 vitio?
2207 1161 2294 1205 tua
2336 1148 2406 1205 ad
2448 1149 2616 1206 Deum
2658 1147 2884 1221 loquere
2917 1167 2932 1204 :
2963 1149 3044 1206 sic
3071 1166 3181 1205 non
3224 1151 3329 1207 erit
3366 1156 3487 1206 am-

1868 1247 2013 1318 plius
2042 1245 2231 1301 vitium
2264 1257 2365 1300 nec
2392 1242 2815 1310 detrimentum,
2842 1241 2940 1298 sed
2972 1243 3350 1301 commodum.
3384 1244 3485 1302 Die

1868 1348 1957 1395 tua
1981 1337 2192 1402 amicis,
2218 1345 2276 1393 et.
2293 1336 2474 1407 justis,
2503 1344 2558 1391 et
2577 1335 2771 1406 quibus
2816 1333 3065 1396 conﬁdis,
3116 1343 3175 1390 ut
3201 1346 3359 1392 orent
3383 1352 3485 1409 pro

1867 1432 1974 1487 tuis
2004 1429 2263 1501 peccatis.
2289 1428 2347 1485 Si
2375 1442 2497 1499 qua:
2528 1437 2656 1482 sunt
2693 1426 2920 1489 aliorum
2946 1424 3174 1496 dixeris,
3221 1429 3354 1485 uilul
3391 1430 3489 1487 tibi

1874 1524 2098 1595 prodest
2113 1537 2291 1592 neque
2314 1520 2562 1588 lucraris,
2576 1520 2672 1576 sed
2698 1520 2863 1576 etiam
2880 1520 3025 1593 peris
3044 1537 3061 1578 :
3080 1521 3127 1578 si
3148 1530 3239 1578 tua
3256 1523 3488 1580 Domino

1876 1608 2252 1665 cnumiareris
2273 1628 2312 1673 ,υ
2338 1607 2563 1661 multam
2603 1606 2769 1663 habes
2806 1606 3115 1664 mercedem
3139 1626 3152 1661 :
3176 1606 3303 1663 Dixi
3322 1607 3493 1677 enim,

1878 1701 2072 1774 inquit,
2100 1700 2439 1770 pronuntiabo
2454 1697 2823 1755 adversumnte
2842 1699 3162 1770 iniquitatem
3185 1716 3351 1755 meam
3381 1699 3496 1755 Do-

1871 1797 2032 1861 mino,
2050 1803 2094 1848 et
2112 1803 2165 1848 tu
2182 1794 2418 1848 remisisti
2435 1794 2745 1864 impietatem
2784 1793 2954 1848 cordis
2983 1791 3201 1848 mei.Vis
3212 1792 3494 1863 judicare?

1884 1894 1973 1942 tua
2000 1886 2181 1957 judica
2207 1905 2222 1942 :
2253 1901 2412 1942 nemo
2444 1897 2495 1941 te
2519 1895 2754 1950 accusat,
2808 1886 2852 1941 si
2877 1886 3105 1957 teipsum
3127 1886 3490 1954 condemnes;

1872 1989 2313 2049 accusatautem,
2337 1982 2381 2036 si
2406 1991 2457 2037 te
2475 1996 2583 2035 non
2622 1980 2866 2051 iudices;
2914 1988 3153 2047 accusat,
3184 1980 3228 2034 si
3261 1980 3491 2051 teipsum

1880 2089 1990 2129 non
2026 2088 2240 2143 arguas;
2270 2083 2507 2140 accusat,
2530 2075 2584 2148 pi
2614 2089 2720 2129 non
2749 2073 2955 2129 doleas.
2980 2072 3145 2129 Vides
3181 2073 3491 2146 quempiam

1865 2166 2061 2233 irasci,
2086 2165 2306 2233 irritati,
2334 2176 2425 2221 aut
2450 2166 2651 2237 aliquid
2689 2165 2833 2221 aliud
2881 2165 3062 2222 facere
3107 2180 3274 2237 grave
3298 2176 3352 2221 et
3402 2166 3489 2222 itt-

1876 2257 2136 2328 dignum‘l
2156 2257 2336 2313 statim
2361 2266 2417 2312 tu
2437 2259 2610 2329 cogita
2631 2274 2751 2329 qua:
2768 2267 2893 2313 sunt
2911 2268 3020 2325 tua;
3043 2266 3099 2313 et
3120 2257 3191 2312 ita
3214 2272 3317 2313 nec
3335 2257 3486 2313 illum

1883 2348 2043 2405 valde
2062 2349 2452 2405 condemnabis
2471 2392 2485 2415 ,
2512 2358 2612 2405 eta
2640 2357 2983 2419 peccatorum
3012 2363 3181 2405 onere
3206 2357 3257 2404 te
3286 2348 3487 2405 Ilbera-

1881 2444 1987 2501 bis.
2033 2446 2091 2502 Si
2116 2446 2196 2502 sic
2224 2445 2392 2501 vitam
2434 2455 2675 2503 nostram
2705 2461 3104 2521 componamus
3130 2493 3147 2521 ,
3189 2452 3235 2509 si
3263 2467 3383 2509 eam
3415 2456 3499 2511 s’c

1880 2552 2275 2605 exerceamus,
2321 2540 2366 2595 si
2396 2540 2648 2611 nosipsos
2693 2542 3146 2610 condemnemus,
3190 2560 3297 2601 non
3326 2548 3495 2603 multa

1883 2628 2023 2684 forte
2042 2640 2263 2700 peccata
2292 2629 2666 2701 adtnittemus,
2692 2633 2860 2691 multa
2890 2644 3073 2692 autem
3096 2636 3240 2693 bona
3268 2648 3323 2695 et
3356 2655 3495 2711 pra:-

1880 2721 2027 2777 clara
2048 2710 2341 2791 faciemus,
2365 2723 2410 2779 si
2444 2724 2603 2781 mites
2623 2726 2794 2781 simus
2815 2735 2871 2783 et
2893 2727 3149 2799 modesti,
3171 2738 3237 2785 et.
3253 2710 3497 2788 fruemur

1879 2814 2131 2870 omnibus
2174 2832 2295 2887 qum
2324 2826 2453 2872 sum
2484 2819 2752 2889 promissa
2782 2820 2848 2877 iis
2877 2821 2973 2893 qui
3004 2822 3172 2879 Deum
3204 2822 3478 2895 diligunt:

1870 2922 1999 2976 qua:
2029 2906 2189 2963 detur
2218 2910 2376 2965 nobis
2400 2910 2658 2966 omnibus
2683 2914 2991 2983 consequi,
3039 2915 3212 2985 gratia
3240 2925 3297 2972 et
3336 2917 3495 2972 lieni-

1877 2998 2080 3067 gnitate
2125 2999 2338 3055 Domini
2371 3003 2544 3057 nostri
2574 3002 2702 3058 Iesu
2745 3003 2989 3072 Christi,
3038 3021 3160 3061 cum
3192 3022 3302 3079 quo
3336 3007 3485 3063 Patri

1881 3106 1987 3145 una
2022 3107 2143 3147 cum
2176 3103 2367 3149 sancto
2398 3094 2600 3165 Spiritu
2632 3096 2700 3151 sit
2725 3097 2917 3167 gloria,
2949 3098 3261 3169 imperium,
3292 3102 3481 3170 honor,

1878 3199 2019 3238 nunc
2049 3194 2104 3239 et
2133 3199 2369 3252 semper,
2402 3195 2456 3240 et
2488 3187 2539 3240 in
2572 3188 2772 3242 smeula
2804 3190 3154 3246 smenlorum.
3190 3194 3388 3248 Amen.

1799 3282 3497 3316 ________________

1506 3342 1853 3405 IIOMILIA
1902 3347 2113 3408 XXII.

162 3471 296 3527 CAP.
348 3469 433 3523 II.
483 3483 535 3519 ιν.
582 3466 646 3522 5.-
686 3461 820 3517 Fide
866 3460 1200 3532 intelligimus
1238 3466 1419 3529 aptata
1449 3472 1555 3510 esse
1586 3453 1779 3509 stet-ala

241 3562 391 3617 uerbo
418 3559 533 3625 Dei,
559 3568 611 3612 ut
634 3573 695 3612 ea:
719 3554 1054 3611 inuisibilibus
1074 3552 1291 3606 eisibilia
1316 3550 1532 3619 ﬁerent.
1558 3549 1612 3602 ὁ.
1645 3544 1777 3601 Fide

244 3652 522 3722 plurimam
551 3648 770 3703 Itostiaut
799 3646 925 3700 Abel
951 3662 1107 3715 quam
1136 3642 1265 3698 Cain
1292 3641 1473 3695 obtulit
1508 3639 1614 3693 Deo
1641 3680 1656 3704 ,
1689 3655 1782 3709 per

246 3760 403 3814 quam
437 3740 786 3796 testimonium
836 3746 1180 3806 consequutus
1206 3744 1277 3788 est
1309 3750 1414 3787 esse
1446 3733 1617 3801 justus
1641 3772 1655 3797 ,
1708 3740 1783 3783 te-

244 3837 543 3892 stimonium
577 3834 873 3906 perhibente
923 3829 1216 3884 muneribus
1248 3829 1360 3898 ejus
1405 3825 1514 3882 Dco
1550 3841 1569 3879 :
1599 3832 1644 3878 et
1689 3838 1780 3894 per

246 3930 394 3982 illaut
425 3928 694 3996 defunctus
724 3924 893 3977 adhuc
923 3922 1169 3988 loquitur.

242 4022 295 4077 1.
330 4020 406 4091 (α)
439 4019 597 4073 Fides
620 4031 881 4089 generosa
903 4025 957 4072 et
976 4013 1209 4085 juvenili
1232 4029 1367 4083 Opus
1388 4011 1544 4067 habet
1570 4010 1778 4078 anima,

158 4126 217 4172 ct
271 4132 390 4186 qua:
457 4112 636 4167 omnia
681 4107 1274 4185 exsuperet-sensilia,
1320 4114 1375 4160 et
1422 4105 1777 4159 humanarum

156 4210 434 4266 rationum
498 4210 837 4275 pertranseat
900 4200 1343 4277 imbecillitatem.
1432 4197 1575 4252 Fieri
1629 4198 1776 4252 enim

159 4319 272 4358 non
314 4310 489 4371 potest
532 4309 590 4353 ut
631 4298 787 4352 aliter
816 4296 887 4352 sit
927 4294 1121 4361 ﬁdelis,
1166 4292 1267 4348 nisi
1296 4292 1385 4360 qui
1419 4307 1477 4372 se
1522 4288 1777 4347 extulerit

159 4410 325 4464 supra
366 4408 581 4449 omnem
635 4404 978 4447 communem
1010 4388 1477 4443 consuetudinem.
1508 4384 1773 4454 Quoniam

155 4505 290 4559 ergo
339 4494 624 4543 evaserant
662 4484 945 4539 imbecilla:
976 4483 1323 4538 IIebrzeorum
1344 4481 1557 4545 animae,
1582 4490 1635 4537 et
1657 4495 1773 4537 (ξω-

162 4589 361 4650 perant
392 4578 606 4649 quidem
649 4576 823 4641 alide,
858 4592 889 4631 a
920 4577 1149 4646 negotiis
1205 4585 1406 4641 autem,
1461 4574 1531 4629 ab
1582 4574 1771 4642 animi,

163 4673 407 4742 inquam,
438 4670 931 4741 perturbationibus
952 4680 1002 4724 et
1030 4667 1775 4724 aliiiclionibuscli'cctierant

160 4764 343 4835 pusilli
383 4773 439 4820 et
496 4763 687 4832 abiecti
755 4762 941 4828 animi,
992 4772 1047 4817 et
1098 4762 1476 4829 labascebant,
1538 4764 1768 4831 primum

158 4857 381 4926 quidem
425 4871 520 4912 eos
548 4856 617 4911 ab
652 4855 783 4925 ipsis
814 4855 1121 4910 consolatus
1150 4864 1304 4911 estet
1342 4856 1685 4915 exhortatus.
1715 4856 1787 4911 di-

158 4962 294 5003 cens
318 4988 335 5015 ,
368 4946 799 5001 Rememorantini
826 4950 1071 5019 pristinos
1101 4951 1209 5006 dies
1240 4968 1259 5007 :
1290 4952 1489 5010 deinde
1518 4970 1548 5010 a
1580 4957 1768 5027 Scrip-

162 5053 313 5106 tura,
341 5054 463 5110 qua:
487 5040 658 5103 dicit,
690 5038 872 5094 Justus
918 5052 1088 5096 autem
1118 5059 1182 5097 ea:
1212 5045 1316 5112 [ide
1356 5047 1484 5101 vivet
1516 5048 1533 5116 (
1564 5047 1765 5105 llabac.

156 5132 216 5187 2.
253 5132 307 5187 4.
338 5132 358 5201 )
390 5149 402 5185 :
435 5130 631 5186 deinde
651 5147 717 5187 ex
748 5132 1044 5189 rationibus
1069 5134 1277 5201 dicens,
1306 5136 1403 5192 Est
1432 5149 1601 5193 autem
1634 5141 1763 5208 ﬁdes

157 5241 334 5279 rerum
360 5239 476 5293 quia
520 5233 792 5294 sperantur
822 5225 1109 5280 substantia
1132 5269 1146 5294 ,
1196 5240 1560 5300 argumentum
1592 5248 1763 5285 rerum

162 5333 279 5386 qua:
308 5332 409 5370 non
442 5318 689 5370 uidentur.
732 5316 883 5372 Nunc
909 5327 1087 5373 autem
1120 5336 1309 5377 rursus
1347 5340 1375 5375 a
1430 5324 1727 5392 majoribus
1752 5366 1767 5392 ,

169 5408 380 5479 magnis
406 5408 513 5463 illis
542 5408 667 5463 \iris
698 5420 751 5465 et
782 5410 1187 5466 adtnirabilibus
1212 5455 1226 5479 ,
1260 5414 1654 5485 propemodum
1682 5416 1770 5471 di-

168 5519 301 5560 cens
332 5522 344 5557 :
379 5504 439 5559 Si
481 5506 572 5560 ubi
604 5522 711 5576 pra.-
744 5507 968 5577 pedibus
1012 5519 1139 5563 sunt
1181 5509 1319 5564 bona
1348 5551 1364 5577 ,
1402 5526 1593 5566 onmes
1637 5512 1768 5567 salvi

160 5598 390 5653 fuerunt
420 5598 544 5666 lidc,
590 5600 760 5656 multo
788 5602 957 5673 magis
981 5618 1098 5657 nos.
1134 5602 1358 5672 Quando
1386 5593 1528 5664 enim
1558 5622 1768 5665 earum-

217 5734 301 5798 (a)
319 5733 513 5787 Initium
540 5747 626 5798 pro
650 5747 787 5786 more
814 5736 1049 5786 omittitur
1075 5750 1101 5785 ει
1128 5734 1267 5787 Colb.

1881 3452 2015 3508 dem
2066 3455 2477 3525 perpessionem
2530 3456 2737 3534 socium
2814 3456 3080 3512 invenerit
3147 3456 3367 3525 anima,
3420 3473 3505 3514 re

1893 3547 2126 3617 quiescit
2174 3557 2229 3603 et
2277 3549 2529 3618 respirat.
2580 3548 2692 3606 Hoc
2722 3558 2779 3606 et
2828 3550 2884 3605 in
2910 3550 3019 3607 ﬁde
3048 3559 3103 3607 et
3130 3550 3181 3605 in
3211 3551 3506 3607 afﬂictione

1888 3638 2018 3695 licet
2066 3639 2247 3696 videre
2278 3660 2291 3695 :
2326 3640 2392 3696 Ut
2454 3642 2559 3709 sit,
2606 3642 2812 3714 inquit,
2867 3644 3007 3698 vobis
3062 3642 3345 3699 consolatio
3416 3663 3506 3715 per

1886 3748 2001 3787 eant
2024 3748 2138 3803 quae
2167 3741 2237 3788 est
2267 3732 2397 3787 inter
2426 3749 2511 3789 vos
2538 3734 2750 3789 invicem
2799 3733 2956 3803 ﬁdem
3006 3732 3027 3809 (
3053 3734 3203 3790 Rom.
3254 3738 3306 3792 1.
3367 3737 3435 3792 12
3456 3737 3499 3809 ).

1882 3824 1982 3880 Est
2058 3825 2203 3881 enim
2278 3826 2566 3882 admodum
2638 3827 2854 3883 infidele
2927 3843 3101 3899 genus
3168 3829 3502 3894 humanum,

1882 3929 1936 3974 et
1961 3918 2065 3974 sibi
2112 3935 2218 3975 non
2255 3928 2429 3990 potest
2479 3920 2789 3987 conlidere,
2837 3931 2895 3977 et
2948 3922 3101 3979 timet
3151 3938 3248 3994 pro
3277 3924 3341 3979 iis
3383 3940 3506 3994 qua:

1880 4010 2105 4082 iudicat,
2148 4015 2403 4083 quoniam
2453 4024 2536 4070 est
2586 4030 2777 4085 magna
2822 4014 2872 4071 ei
2914 4029 3045 4070 cura
3091 4014 3161 4072 de
3209 4017 3503 4073 multorum

1885 4102 2159 4173 Opinione.
2193 4098 2335 4167 Quid
2384 4121 2513 4177 ergo
2560 4104 2758 4163 Paulus
2808 4105 2909 4175 (a)!
2964 4105 3072 4168 Eos
3106 4108 3417 4163 consolatur
3452 4121 3507 4165 et

1880 4195 2239 4249 exhortatura
2260 4189 2520 4261 patribus,
2539 4203 2592 4243 et
2618 4198 2773 4243 antea
2787 4187 2938 4243 abiis
2957 4202 3079 4259 quae
3104 4196 3234 4242 sunt
3256 4186 3311 4241 in
3339 4199 3494 4239 com-

1884 4285 2031 4341 muni
2062 4284 2298 4340 notione.
2326 4282 2461 4338 Nam
2497 4282 2752 4353 quoitiam
2787 4282 2920 4337 fides
2949 4280 3448 4353 reprehendebatur
3472 4322 3490 4346 ,

1884 4388 2156 4448 tamquam
2183 4392 2268 4431 res
2293 4390 2413 4447 qua:
2440 4373 2655 4446 probari
2682 4384 2731 4429 et
2762 4372 3129 4429 demonstrari
3145 4388 3255 4427 non
3297 4370 3490 4443 possit,

1886 4481 1943 4525 et
1970 4485 2089 4539 qua:
2115 4470 2184 4523 sit
2212 4468 2389 4538 potius
2443 4466 2650 4521 fallacia
2677 4508 2695 4533 ,
2744 4476 3028 4536 propterea
3077 4466 3315 4520 ostendit
3347 4466 3492 4535 quod

1884 4576 1973 4616 res
2018 4561 2267 4615 maxima:
2312 4575 2408 4630 per
2456 4559 2615 4616 fidem
2662 4540 2809 4614 recte
2869 4558 3005 4613 ﬁunt
3035 4600 3050 4624 ,
3103 4573 3211 4613 non
3264 4574 3359 4629 per
3407 4574 3493 4613 ra-

1883 4654 2278 4710 tiocinationes.
2308 4654 2376 4709 Et
2401 4652 2684 4726 quomodo
2711 4652 2813 4709 huc
2838 4653 3095 4719 ostendit,
3127 4654 3213 4708 die
3260 4654 3493 4724 quzeso?

1885 4746 2016 4801 Fide
2043 4747 2374 4817 intelligimus
2399 4788 2415 4812 ,
2451 4747 2621 4816 inquit
2648 4788 2665 4813 ,
2700 4756 2878 4815 aptata
2902 4787 2917 4810 ,
2956 4763 3062 4801 esse
3105 4746 3299 4801 swcula
3344 4748 3494 4801 rerbo

1884 4839 2017 4905 Dei,
2079 4848 2135 4891 ut
2198 4855 2261 4893 ea:
2304 4839 2636 4892 inuisibilibus
2681 4838 2901 4892 visibilia
2947 4839 3146 4907 ﬁerent.
3207 4838 3493 4909 Liquidum

1880 4942 1963 4987 est
1991 4973 2007 4996 ,
2050 4932 2239 5003 inquit,
2279 4931 2421 5001 quod
2470 4948 2536 4988 ex
2588 4932 2653 4987 iis
2692 4948 2813 5003 quae
2855 4948 2960 4986 non
3004 4942 3130 4986 sunt
3173 4932 3314 4987 Deus
3366 4930 3494 4987 fecit

1882 5041 1944 5079 ea
1964 5042 2083 5095 qua:
2106 5033 2358 5090 suut;ex
2384 5024 2447 5079 iis
2482 5040 2601 5095 quae
2618 5041 2725 5079 non
2757 5034 3055 5095 apparent,
3087 5039 3149 5080 ea
3176 5040 3296 5095 qua:
3322 5038 3492 5095 appa-

1884 5128 2033 5182 rent;
2070 5135 2134 5173 ex
2171 5118 2233 5173 iis
2265 5133 2385 5187 qua:
2426 5133 2534 5171 non
2576 5117 2877 5173 consistunt
2915 5133 2976 5173 ea
3010 5133 3129 5189 qum
3164 5118 3487 5173 consistunt.

1886 5211 2163 5266 L‘ndeuam
2194 5227 2323 5266 vero
2376 5211 2543 5281 liquet
2572 5211 2713 5280 quod
2749 5210 2851 5266 hoc
2888 5210 3055 5265 verbo
3092 5210 3317 5266 fecerit?
3367 5225 3496 5263 nam

1884 5305 2021 5358 ratio
2094 5304 2310 5374 quidem
2361 5304 2491 5358 nihil
2548 5305 2653 5360 tale
2696 5305 2953 5375 suggerit,
3004 5304 3099 5359 sed
3146 5304 3308 5359 etiam
3363 5318 3493 5357 con-

1884 5408 1979 5452 tra:
2000 5399 2106 5453 ium
2136 5397 2279 5469 quod
2313 5414 2380 5453 ex
2406 5398 2794 5467 apparentibus
2824 5398 2929 5453 sint
2959 5412 3023 5452 ea
3055 5414 3174 5467 qua:
3202 5406 3488 5467 apparent.

1884 5495 2174 5565 Propterea
2224 5496 2461 5551 maxime
2492 5493 2804 5565 philosophi
2856 5492 2989 5548 nihil
3040 5507 3162 5548 esse
3192 5492 3379 5547 dicunt
3422 5506 3488 5547 ex

1932 5666 2004 5726 (τι)
2030 5663 2104 5711 Ah
2129 5664 2204 5712 his
2228 5664 2395 5713 verbis
2412 5661 2663 5727 homiliam
2692 5659 3016 5727 incipitColh.
3045 5673 3057 5709 :
3084 5667 3136 5709 et
3154 5674 3239 5724 per
3262 5663 3502 5727 paginam

1868 5725 2011 5777 uuam
2036 5728 2195 5777 omnia
2220 5728 2267 5777 in
2290 5729 2381 5778 isto
2406 5726 2574 5778 codice
2598 5739 2682 5776 sus
2706 5725 2871 5789 deque
2898 5738 3039 5775 versa
3063 5732 3194 5776 sunt.
