4060 6408
233 315 341 375 157

217 428 402 482 ctione
431 424 561 479 nihil
589 424 765 479 adhuc
787 423 1025 479 sciebam
1047 430 1103 478 et
1137 422 1224 477 hic
1252 419 1507 477 videbant
1529 421 1824 497 contraria,

231 520 314 574 sic
342 518 455 574 Deo
486 517 694 588 placuet
707 526 805 572 unt
830 533 845 572 :
882 526 1087 586 quanto
1110 514 1281 586 magis
1307 512 1445 568 nos?
1475 528 1651 581 neque
1678 512 1822 566 enim

233 612 311 668 illi
340 608 587 668 sciebant
630 605 703 665 de
747 603 1189 667 resurrectione,
1244 616 1422 672 neque
1467 600 1537 655 ad
1589 598 1837 668 exempla

234 709 485 774 poterant
519 700 811 769 respicere.
837 695 949 751 lloc
968 693 1185 764 quidem
1214 694 1389 764 ipsum
1423 690 1552 748 fecit
1578 706 1700 747 eum
1726 690 1840 762 pla-

232 809 356 851 cere
378 834 397 861 ,
430 790 576 862 quod
610 789 745 843 nihil
774 787 1086 857 receperit,
1117 785 1214 841 Dic
1243 784 1378 840 mihi
1408 802 1422 837 :
1456 783 1665 840 sciebat
1691 779 1836 854 quod

234 885 378 942 Deus
430 889 577 939 esset
640 886 1039 934 remunerator.
1110 874 1431 933 Undenam?
1485 874 1641 930 Abeli
1690 863 1836 929 enim

230 976 473 1033 nondum
545 972 879 1029 reddiderat.
939 969 1303 1038 Quamobrem
1356 968 1461 1024 alia
1515 968 1834 1039 suggerebat

232 1072 410 1135 ratio,
467 1068 603 1123 ﬁdes
645 1074 830 1121 autem
883 1063 1156 1119 contraria
1212 1062 1279 1117 iis
1326 1077 1446 1131 qua:
1492 1060 1835 1115 videbantur.

233 1160 348 1221 Etsi
384 1176 516 1232 ergo
538 1175 634 1214 vos
658 1200 675 1226 ,
707 1157 896 1225 inquit,
924 1155 1149 1211 videatis
1175 1168 1272 1209 vos
1298 1153 1385 1207 hic
1414 1152 1545 1207 nihil
1570 1152 1833 1223 recipere,

232 1269 302 1311 ne
332 1248 738 1324 pcrturbemini.
765 1246 1049 1316 Quomodo
1069 1245 1174 1301 ﬁde
1200 1243 1493 1300 translatus
1510 1241 1838 1299 fuitEnoch?

226 1345 495 1415 Quoniam
535 1340 898 1397 translationis
922 1353 1081 1395 causa
1112 1338 1214 1393 fuit
1239 1338 1399 1410 quod.
1420 1337 1531 1393 Deo
1554 1337 1833 1409 placuerit.

228 1437 375 1509 quod
399 1444 577 1491 autem
620 1432 734 1488 Des
753 1431 1016 1509 placuerit
1038 1471 1055 1494 ,
1100 1443 1263 1486 causa
1300 1428 1403 1484 fuit
1436 1426 1592 1485 ﬁdes.
1623 1427 1757 1485 Nam
1788 1428 1836 1485 si

230 1507 547 1587 nescivisset
572 1525 717 1598 quod
758 1507 1083 1595 accepturus
1120 1532 1268 1580 esset
1296 1523 1794 1578 remunerationem
1816 1564 1833 1589 ,

227 1622 504 1697 quomodo
536 1622 647 1677 Deo
669 1619 1005 1691 placuisset?
1034 1617 1163 1674 Sine
1193 1617 1294 1686 [ide
1318 1628 1491 1672 autem
1520 1617 1837 1685 impossibile

227 1728 303 1773 est
334 1719 532 1787 placere
570 1713 700 1768 Dro.
746 1711 1068 1780 Quomodo?
1112 1708 1167 1767 Si
1194 1712 1336 1767 enim
1377 1710 1669 1767 crediderit
1689 1710 1837 1781 quis-

230 1814 371 1881 piam
401 1824 522 1865 esse
550 1808 718 1863 Deum
746 1814 803 1862 et
829 1805 1351 1869 remunerationem,
1413 1804 1500 1860 hic
1526 1803 1833 1860 mercedem

226 1900 481 1971 accipiet,
506 1899 646 1954 llinc
676 1898 861 1954 evenit
909 1906 967 1952 ttt
999 1896 1108 1951 Deo
1140 1896 1426 1967 placuerit.
1457 1894 1675 1965 Credere
1699 1887 1835 1951 enim

226 2001 425 2063 oportet
451 1991 775 2045 accedentem
810 1987 879 2043 ad
922 1986 1085 2043 Deum
1108 1988 1245 2059 quod
1273 1999 1382 2055 est,
1444 2004 1553 2044 non
1580 1988 1709 2060 quid
1738 1990 1830 2045 sit.

224 2087 332 2143 Sed
356 2088 423 2153 si,
456 2085 522 2140 ad
555 2083 889 2141 credendum
907 2083 1047 2155 quod
1066 2084 1157 2151 sit,
1175 2098 1310 2155 opus
1330 2084 1401 2141 sit
1421 2084 1522 2140 ﬁde
1540 2094 1593 2141 et
1614 2101 1719 2142 non
1743 2101 1830 2141 ra-

225 2180 492 2246 tionibus;
536 2194 605 2234 an
643 2177 770 2249 quid
796 2178 868 2233 sit
893 2177 1101 2233 ratione
1121 2177 1505 2249 comprehendi
1525 2188 1701 2250 potest
1720 2179 1744 2235 ?
1763 2178 1834 2247 si,

224 2274 370 2345 quod
388 2273 457 2329 sit
477 2278 869 2336 renumerator,
897 2269 1000 2327 ﬁde
1017 2285 1152 2342 opus
1173 2270 1356 2338 habet,
1397 2282 1451 2328 et
1478 2288 1587 2329 non
1623 2274 1837 2330 rationi-

226 2371 328 2426 bus
347 2387 361 2423 :
380 2366 651 2440 quomodo
665 2382 787 2439 quae
804 2366 1188 2421 suntessentis:
1206 2366 1589 2437 comprehendi
1610 2376 1837 2439 possunt

225 2461 678 2520 ratiocinatione?
727 2475 979 2534 qurenam
1005 2460 1149 2516 enim
1178 2460 1523 2516 ratiocinatio
1550 2477 1613 2517 ea
1659 2471 1836 2533 potest

225 2555 493 2628 assequi?
539 2555 757 2626 quidam
817 2554 962 2609 enim
1021 2554 1210 2608 dicunt
1253 2569 1382 2609 casu
1446 2556 1571 2610 ferri
1623 2556 1828 2611 omnia.

226 2647 391 2704 Vides
421 2646 565 2718 quod
592 2647 637 2701 si
664 2646 717 2701 in
748 2645 1004 2701 omnibus
1034 2660 1142 2699 non
1174 2644 1485 2713 credamus,
1518 2661 1625 2700 non
1657 2647 1831 2701 solum

228 2740 281 2793 in
338 2719 810 2803 remuneratione,
886 2735 983 2792 sed
1032 2737 1194 2793 etiam
1238 2736 1290 2791 in
1350 2736 1453 2792 hoc
1505 2738 1622 2807 ipso
1685 2738 1832 2809 quod

226 2832 299 2887 sit
355 2832 531 2894 Deus,
598 2838 827 2901 pereunt
927 2829 1084 2884 nobis
1144 2830 1367 2885 omnia?
1436 2830 1590 2886 Multi
1654 2843 1833 2887 autem

226 2934 475 2996 quaartnnt
496 2923 770 2996 quomodo
799 2923 1091 2977 translatus
1118 2922 1186 2977 sit
1211 2921 1421 2987 Enoclt,
1455 2932 1509 2977 et
1529 2938 1625 2977 cur
1648 2932 1830 2977 trans-

229 3020 403 3083 latus,
452 3029 507 3074 et
533 3032 632 3073 cur
675 3030 782 3070 non
829 3022 1075 3069 mortuus
1127 3014 1198 3070 sit
1244 3029 1419 3085 neque
1465 3014 1616 3083 ipse,
1661 3029 1837 3086 neque

230 3112 415 3175 Elias;
443 3118 499 3165 et
543 3109 588 3164 si
628 3108 804 3164 adhuc
860 3107 1083 3174 vivunt,
1128 3105 1403 3177 quomodo
1446 3106 1661 3174 vit-ant,
1693 3106 1831 3162 etin

230 3212 340 3266 quo
360 3196 563 3252 habitu.
583 3194 692 3253 Sed
713 3196 935 3253 omnino
960 3208 1421 3265 supervacaneum
1444 3201 1527 3247 est
1549 3192 1664 3246 hac
1691 3204 1839 3261 quae-

231 3304 375 3344 rere.
414 3288 549 3344 Nam
596 3291 741 3360 quod
795 3288 886 3342 ille
933 3285 1186 3359 quidem,
1239 3300 1436 3356 nempe
1484 3282 1675 3339 Enoch
1704 3322 1718 3347 ,
1766 3280 1838 3335 sit

233 3380 525 3437 translatus
552 3399 567 3446 ;
623 3381 709 3437 hic
747 3396 911 3446 vero,
955 3395 1149 3449 nempe
1172 3378 1318 3434 Elias
1338 3420 1353 3443 ,
1381 3377 1452 3433 sit
1481 3382 1795 3444 assumptus
1821 3412 1837 3436 ,

234 3474 494 3529 dixerunt
540 3472 839 3543 Scriptura:
874 3491 888 3529 :
918 3473 1006 3528 ttbi
1050 3482 1230 3527 autem
1272 3471 1420 3539 sint,
1480 3478 1535 3526 et
1564 3467 1842 3538 quomodo

232 3569 366 3633 sint,
396 3583 502 3623 non
521 3568 703 3623 itidem
732 3566 1049 3643 adjecerunt
1070 3583 1084 3619 :
1105 3581 1213 3620 non
1233 3563 1461 3633 amplius
1489 3561 1631 3617 enim
1654 3559 1845 3613 dicunt

234 3675 395 3730 quam
423 3677 542 3731 quae
568 3671 693 3716 sunt
720 3659 1046 3715 necessaria.
1071 3656 1205 3713 Nam
1231 3656 1346 3711 lure
1370 3654 1586 3726 quidem
1611 3650 1842 3707 transla-

236 3750 314 3805 tio
356 3750 492 3806 facta
523 3750 622 3806 fuit
668 3752 850 3807 statim
885 3750 954 3803 ab
987 3747 1249 3814 exordio;
1296 3756 1357 3802 ut
1386 3747 1618 3800 humana
1649 3752 1839 3797 natura

236 3858 392 3913 spem
444 3844 753 3914 acciperet,
802 3841 947 3913 quod
1002 3850 1057 3897 et
1106 3856 1257 3896 mors
1305 3839 1729 3898 dissolveretur,
1790 3842 1848 3889 et

235 3935 437 3990 diaboli
510 3936 752 4007 tyrannis
810 3934 1087 3989 deleretur
1134 3949 1148 3987 :
1192 3930 1371 4003 quod,
1424 3931 1640 4001 inquam
1696 3943 1845 3983 mors

237 4025 631 4080 dissolveretur
683 4043 697 4081 :
765 4024 1062 4080 translatus
1138 4024 1283 4078 enim
1352 4022 1450 4075 fttit
1519 4037 1627 4076 non
1694 4033 1847 4079 tuor-

240 4126 399 4183 tuus,
456 4114 554 4171 sed
600 4130 667 4170 ne
722 4116 933 4171 videret
977 4122 1226 4169 mortem.
1274 4112 1561 4181 Propterea
1600 4109 1846 4177 addidit,

241 4206 410 4262 Vivus
473 4213 560 4262 est
638 4206 985 4269 translatus,,
1031 4205 1155 4275 quia
1231 4203 1436 4274 placuit
1490 4202 1624 4257 Deo.
1697 4202 1851 4257 Sicut

244 4303 392 4357 enim
424 4310 577 4373 pater
605 4300 870 4372 quiSpiatn
900 4299 1136 4353 minatus
1161 4295 1271 4351 filio
1295 4337 1311 4362 ,
1353 4303 1469 4350 vult
1492 4294 1710 4366 quidem
1737 4305 1851 4373 sta—

244 4395 342 4449 tim
371 4394 548 4448 minas
576 4371 860 4448 retnittere
884 4433 899 4456 ,
931 4390 1147 4461 quando
1176 4388 1337 4444 fuerit
1365 4390 1636 4465 minatus;
1682 4371 1850 4443 sustie

243 4498 337 4544 nct
387 4497 567 4542 autem
623 4496 677 4542 et
715 4495 1030 4542 constanter
1083 4483 1361 4555 perdurat,
1387 4493 1446 4539 ut
1472 4484 1687 4539 interim
1721 4498 1853 4540 eum

243 4583 473 4651 castiget
500 4589 556 4635 et
583 4579 908 4647 admoneat,
952 4578 1177 4634 stabiles
1204 4588 1259 4633 et
1312 4578 1497 4633 firmas
1524 4578 1709 4633 siucns
1737 4593 1856 4632 ma-

246 4690 379 4730 nere
406 4673 578 4728 tttinas
605 4690 620 4739 ;
658 4674 730 4727 ita
761 4672 1097 4737 etiachus
1119 4714 1133 4739 ,
1165 4687 1316 4727 more
1349 4672 1459 4725 fere
1487 4671 1715 4725 dixerim
1747 4671 1851 4724 lut-

248 4782 413 4824 tuano
434 4809 450 4831 ,
485 4782 591 4823 non
621 4766 899 4831 sustinuit,
929 4766 1025 4821 sed
1052 4766 1234 4820 statim
1266 4764 1502 4820 ostendit
1536 4764 1676 4834 quod
1708 4778 1858 4818 mors

250 4864 321 4917 sit
348 4862 549 4916 soluta.
607 4862 674 4916 Et
705 4861 936 4930 primum
980 4860 1111 4914 sinit
1141 4874 1262 4914 esse
1296 4858 1424 4929 justi
1456 4868 1718 4921 mortem,
1763 4874 1859 4927 per

253 4956 422 5009 lilium
452 4953 639 5008 volens
673 4962 880 5007 terrere
904 4960 1133 5022 patrem.
1164 4950 1364 5005 Volens
1393 4950 1536 5003 enim
1566 4950 1857 5003 ostendero

252 5047 398 5118 quod
431 5060 619 5101 revera
648 5054 731 5101 est
761 5046 912 5099 ﬁrma
958 5053 1012 5099 et
1039 5045 1248 5099 stabilis
1276 5045 1540 5099 sententia
1565 5092 1578 5107 ,
1608 5059 1714 5096 non
1745 5052 1859 5097 sla-

256 5142 351 5194 tim
397 5138 568 5193 malos
595 5178 609 5200 ,
652 5136 746 5192 sed
776 5138 941 5191 etiam
985 5152 1108 5193 eum
1137 5138 1226 5206 qui
1260 5137 1361 5205 ipsi
1394 5136 1595 5207 placuit
1627 5136 1862 5205 subjecit

256 5234 523 5304 supplicio
544 5275 559 5298 ,
592 5231 847 5294 beatum,
876 5232 1094 5301 inquam
1115 5274 1129 5296 ,
1163 5231 1309 5284 illum
1336 5231 1561 5285 Abelcm
1599 5249 1611 5283 :
1643 5242 1693 5285 et
1729 5246 1868 5299 pene

258 5328 438 5383 statim
471 5334 590 5395 post
618 5325 768 5378 illum
804 5325 1079 5379 transutlit
1112 5323 1296 5377 Euoch
1325 5326 1620 5379 viventem.
1662 5323 1727 5378 Et
1760 5341 1866 5378 non

260 5420 407 5473 illum
452 5416 772 5478 suscitavit,
814 5432 882 5469 ne
916 5415 1165 5485 protinus
1218 5415 1443 5468 nimium
1497 5401 1869 5480 coittidcrcnt;

260 5511 355 5566 sed
384 5510 526 5565 hunc
573 5509 845 5563 transtulit
878 5508 1187 5573 viventem;
1237 5522 1332 5575 per
1376 5506 1600 5563 Abelent
1642 5508 1865 5578 quidem

265 5612 472 5657 terrens
494 5644 509 5667 ,
562 5616 659 5671 per
690 5601 832 5655 hunc
876 5611 1057 5655 autem
1094 5600 1231 5654 dans
1259 5601 1439 5656 zelum
1464 5611 1520 5657 ct
1564 5604 1873 5659 aemulatio-

268 5711 390 5750 nem
416 5703 471 5747 ut
513 5694 627 5747 Deo
654 5693 950 5762 placerent.
985 5694 1108 5760 Quo
1138 5692 1195 5746 fit
1226 5702 1284 5746 ut
1316 5693 1425 5747 Deo
1451 5710 1557 5747 non
1584 5696 1831 5762 placeant
1858 5738 1871 5761 ,

266 5784 357 5857 qui
380 5781 559 5841 omnia
592 5797 717 5839 casu
772 5785 853 5857 agi
910 5794 963 5841 ct
1022 5783 1145 5841 ferri
1178 5784 1382 5850 dicunt,
1416 5791 1471 5838 ct
1520 5796 1626 5835 non
1672 5793 1867 5850 exape-

909 315 974 373 IN
1016 312 1235 372 EPIST.
1276 310 1371 369 AD
1410 309 1772 369 ΠΕΒΒΕΟΞ.
1814 308 1971 368 CAP.
2013 312 2106 370 XI.
2148 314 2385 373 ﬂOMlL.
2431 314 2602 373 XX".

1930 424 2081 473 ctant
2112 426 2645 487 remunerationem,
2695 426 2837 475 utet
2863 426 3077 494 gentes.
3132 416 3201 474 lis
3250 416 3396 472 enim
3444 416 3539 486 qui

1928 509 2105 580 ipsum
2131 511 2410 582 inquirunt
2438 526 2537 583 per
2564 527 2732 584 opera
2762 521 2819 569 et
2844 511 3215 585 cognitionem
3244 519 3328 567 est
3357 524 3541 565 reum.

1932 613 2156 660 nerator
2185 604 2285 680 (a).

2004 699 2062 754 3.
2089 698 2225 755 Cum
2267 713 2400 770 ergo
2426 696 2693 755 habemus
2719 705 3212 763 remuneratorem,
3243 694 3424 751 omnia
3454 692 3540 750 h-

1930 791 2161 859 ciamuc,
2184 805 2253 847 ne
2280 791 2556 862 privemur
2576 790 2824 847 mercede
2840 805 2960 861 qua:
2984 789 3145 845 datur
3160 788 3231 844 ob
3248 780 3501 843 virtutem
3522 804 3538 842 :

1928 891 2011 939 est
2036 884 2180 939 enim
2199 882 2386 937 multis
2415 882 2851 953 prosequendum
2888 881 3142 953 lacrymis
3166 880 3328 936 talem
3356 879 3541 950 despi-

1927 991 2053 1033 cere
2074 978 2593 1034 remunerationem.
2612 976 2684 1035 Ut
2704 977 2848 1034 enim
2867 976 2933 1032 iis
2948 977 3037 1047 qui
3065 976 3240 1046 ipsum
3259 984 3539 1047 qumrunt,

1936 1078 2022 1125 est
2065 1069 2313 1126 redditor
2337 1071 2643 1133 mercedis,
2672 1071 2743 1125 ita
2774 1070 2862 1135 iis,
2901 1072 2994 1141 qui
3034 1069 3209 1140 ipsum
3244 1082 3349 1122 non
3393 1081 3541 1138 quae.

1930 1172 2090 1226 runt,
2129 1163 2512 1228 contrarium;
2592 1162 2858 1231 atterite,
2911 1162 3118 1234 inquit,
3176 1170 3226 1215 et
3278 1158 3541 1215 inumn’etis

1930 1251 2125 1327 (latin.
2151 1255 2205 1311 7.
2233 1256 2313 1327 7).
2346 1254 2635 1325 Quomodo
2658 1264 2840 1310 autem
2874 1262 3052 1325 potest
3082 1251 3313 1310 inveniri
3349 1251 3540 1307 Domi-

1928 1349 2068 1403 nus?
2094 1347 2281 1420 Cogita
2309 1349 2587 1421 quomodo
2628 1349 2903 1405 invenitur
2928 1362 3123 1402 aurum
3148 1386 3165 1413 ς
3198 1360 3322 1401 cum
3352 1341 3541 1398 multis

1928 1439 2225 1496 laboribus.
2257 1438 2532 1507 Manibus,
2561 1440 2757 1512 inquit,
2786 1440 2914 1495 meis
2943 1448 3093 1498 noctu
3119 1446 3299 1492 contra
3320 1451 3460 1501 eum,
3492 1443 3541 1487 et

1928 1550 2030 1589 non
2056 1550 2171 1588 sunt
2198 1531 2440 1603 deceptus
2485 1532 2659 1607 (Psal.
2687 1534 2779 1589 76.
2804 1533 2885 1604 3).
2918 1530 3035 1587 Hoc
3062 1538 3145 1587 est
3168 1569 3184 1595 ,
3216 1530 3361 1584 sicut
3388 1542 3541 1598 qua:-

1931 1628 2106 1683 rimus
2131 1625 2276 1698 quod
2306 1627 2487 1697 periit,
2508 1626 2581 1681 ita
2600 1626 2769 1682 Deum
2797 1636 3131 1697 quatramus.
3151 1624 3347 1677 Annon
3372 1628 3538 1676 totam

1932 1730 2170 1777 mentem
2208 1720 2335 1777 illuc
2362 1719 2774 1777 convertimus?
2815 1734 2997 1775 annon
3027 1731 3221 1773 omnes
3263 1714 3541 1771 examina-

1932 1810 2094 1867 mus?
2118 1826 2299 1866 annon
2321 1826 2550 1882 peregre
2572 1808 3003 1880 proﬁciscimur?
3042 1822 3224 1863 annon
3259 1805 3539 1877 pecuniam

1932 1905 2289 1978 pollicemur?
2338 1904 2405 1961 Ut
2430 1906 2667 1976 exempli
2689 1920 2853 1961 causa
2875 1946 2891 1969 ,
2921 1905 2965 1958 si
2997 1903 3223 1975 perierit
3250 1902 3408 1958 nobis
3436 1901 3539 1955 ali-

1930 1998 2057 2067 quis
2098 1996 2279 2065 ﬁlius,
2325 1996 2454 2069 quid
2482 2012 2591 2053 non
2614 1997 2873 2069 agimus?
2925 2011 3089 2068 quam
3115 2004 3316 2051 terram
3337 2037 3351 2059 ,
3396 1991 3540 2063 quod

1935 2110 2088 2150 mare
2114 2110 2221 2150 non
2250 2093 2498 2149 obimus?
2551 2108 2733 2148 annon
2765 2091 3025 2162 pecunias
3047 2132 3063 2157 ,
3119 2098 3174 2145 et
3213 2088 3442 2155 domos,
3487 2092 3543 2141 et

1924 2189 2115 2243 omnia
2142 2188 2377 2257 denique
2397 2186 2555 2257 hujus
2584 2185 2900 2241 inventione
2925 2182 3227 2256 posteriora
3252 2180 3544 2236 ducimus?

1932 2291 1991 2340 et
2015 2283 2060 2337 si
2086 2281 2458 2338 invenerimus
2482 2322 2498 2341 .
2546 2279 2855 2351 detinqnus
2877 2318 2894 2342 ,
2937 2275 3400 2345 constringimus,
3434 2286 3542 2326 nou

1933 2374 2312 2445 relinquimus.
2367 2370 2435 2429 Et
2464 2371 2750 2444 quatsituri
2780 2370 2962 2425 omnia
3003 2368 3254 2439 gerimus
3305 2366 3543 2421 utime-

1934 2469 2148 2524 niamus
2170 2467 2223 2522 id
2244 2465 2387 2539 quod
2414 2466 2673 2536 qttmritttt'
2700 2481 2715 2520 :
2743 2470 2949 2535 quanto
2967 2460 3137 2531 magis
3166 2461 3216 2513 id
3241 2459 3294 2513 in
3325 2459 3436 2513 Deo
3464 2467 3548 2513 est

1935 2562 2269 2629 faciendum,
2300 2576 2422 2617 eum
2472 2557 2767 2632 qumrendo
2794 2567 3075 2625 tamquam
3098 2552 3300 2626 aliquid
3339 2569 3407 2609 ex
3454 2569 3548 2607 ne.

1934 2657 2221 2713 cessariis!
2274 2656 2384 2723 imo
2411 2668 2541 2711 vero
2570 2668 2677 2709 non
2728 2651 2835 2717 ita,
2878 2650 2974 2705 sed
3021 2649 3193 2703 multo
3214 2647 3403 2719 magis.
3440 2646 3547 2701 Sed

1937 2751 2193 2821 quoniam
2230 2762 2419 2803 sumus
2468 2744 2766 2808 imbecilli,
2820 2743 3018 2798 saltem
3070 2740 3215 2795 sicut
3259 2750 3315 2795 tu
3345 2738 3547 2809 qumris

1943 2842 2199 2913 pecunias
2232 2850 2353 2896 tuas
2372 2881 2390 2908 ,
2411 2850 2505 2895 aut
2534 2839 2725 2904 ﬁlium,
2758 2850 2944 2907 qumre
2977 2835 3168 2891 Deum.
3225 2833 3331 2889 Pro
3358 2848 3425 2888 co
3448 2847 3550 2887 an-

1942 2949 2050 2990 non
2084 2933 2483 3005 peregrinaris?
2531 2946 2715 2986 annon
2745 2944 2844 3001 pro
2885 2926 3134 2999 pecuniis
3160 2941 3223 2982 es
3248 2924 3543 2996 aliquando

1946 3033 2174 3090 peregre
2204 3017 2518 3089 profectus?
2544 3032 2726 3073 annon
2772 3015 2957 3071 omnia
2996 3013 3211 3069 curiose
3245 3012 3551 3072 scrutaris?

1944 3125 2124 3165 annon
2166 3108 2384 3181 quando
2436 3108 2707 3165 inveneris
2732 3149 2748 3175 ,
2793 3116 2920 3163 tunc
2960 3103 3226 3161 conﬁdis?
3279 3104 3546 3172 Quaerite,

1945 3201 2155 3272 inquit,
2208 3211 2257 3257 et
2301 3201 2568 3256 invenietis
2597 3200 2815 3272 (Matth.
2851 3200 2906 3253 7.
2932 3186 3012 3271 7).
3062 3197 3195 3252 Nam
3242 3212 3363 3267 qua:
3404 3211 3556 3268 quas-

1944 3304 2160 3359 runtm,
2188 3307 2378 3363 magna
2407 3301 2566 3363 egent
2591 3288 2952 3347 sollicitudine
2973 3330 2989 3355 ,
3045 3289 3098 3344 in
3130 3287 3243 3345 Deo
3270 3287 3507 3342 maxime
3532 3304 3547 3340 :

1947 3386 2114 3442 multa
2182 3388 2326 3441 enim
2391 3395 2517 3441 sunt
2588 3400 2710 3456 qua:
2777 3384 3112 3455 prohibent,
3172 3382 3343 3439 multa
3414 3390 3545 3438 sunt

1948 3494 2069 3549 quze
2112 3477 2397 3533 offundunt
2445 3477 2733 3543 tenebras,
2784 3475 2953 3530 multa
2990 3484 3117 3530 sunt
3162 3488 3285 3545 qua:
3330 3488 3555 3529 sensum

1950 3581 2196 3627 nostrum
2236 3579 2444 3625 arcent.
2468 3570 2622 3624 Sicut
2665 3568 2811 3623 enim
2858 3567 2943 3623 sol
2982 3576 3067 3623 est
3104 3564 3463 3631 manifestus,
3508 3573 3572 3620 et.

1951 3663 2203 3720 omnibus
2235 3663 2287 3717 in
2325 3662 2505 3718 medio
2536 3662 2893 3732 prepouitur,
2920 3676 3025 3718 nec
3065 3675 3201 3731 opus
3230 3669 3318 3717 est
3348 3668 3409 3715 ut
3437 3674 3566 3716 eum

1953 3772 2261 3829 quaeramus
2291 3773 2307 3821 ;
2337 3757 2421 3811 sin
2452 3765 2634 3811 autem
2664 3771 2764 3811 nos
2795 3754 2941 3825 ipsos
2965 3753 3320 3820 infodiamus,
3346 3753 3569 3810 etiamsi

1954 3851 2136 3904 omnia
2168 3850 2502 3905 invertamus
2525 3890 2538 3913 ,
2580 3849 2750 3904 multo
2780 3849 2966 3905 labore
3016 3849 3174 3903 nobis
3212 3864 3349 3919 opus
3389 3857 3474 3904 est
3510 3859 3571 3904 ut

1954 3942 2124 3998 solem
2140 3942 2444 3997 intueamur
2466 3942 2569 3997 :ita
2598 3941 2685 3998 hic
2708 3954 2943 4012 quoque,
2966 3940 3012 3995 si
3043 3940 3096 3995 in
3123 3940 3389 4011 profundo
3413 3941 3576 3996 mala-

1956 4052 2074 4091 rum
2104 4036 2475 4107 cupiditatum,
2497 4035 2545 4091 si
2572 4035 2623 4089 in
2643 4033 2880 4091 tenebris
2909 4033 3075 4089 animi
3111 4034 3575 4103 perturbationum

1958 4138 2014 4184 et
2039 4143 2220 4183 rerum
2264 4144 2388 4199 qua:
2408 4128 2474 4183 ad
2496 4126 2637 4182 hanc
2658 4127 2819 4181 vitam
2851 4128 3127 4197 pertinent;
3176 4141 3277 4182 nos
3325 4126 3579 4181 infoderi-

1959 4232 2103 4287 mus,
2137 4220 2224 4275 vix
2244 4235 2458 4276 sursum
2480 4219 2791 4290 aSpicimus,
2813 4220 2896 4273 vix
2923 4233 3023 4273 nos
3049 4218 3326 4289 erigimus.
3357 4217 3457 4285 Qui
3489 4227 3573 4272 est

1961 4314 2173 4369 inferne
2200 4313 2456 4379 infossus,
2476 4328 2583 4384 quo
2610 4314 2781 4383 magis
2801 4326 3016 4367 sursum
3046 4310 3342 4381 aspexerit,
3370 4326 3437 4365 eo
3464 4326 3576 4364 ma-

1962 4410 2044 4481 gis
2082 4408 2233 4463 venit
2285 4408 2353 4463 ad
2409 4408 2607 4463 solem.
2656 4407 2944 4463 Pulveretn
2994 4420 3125 4475 ergo
3184 4402 3527 4460 excutiamus
3562 4444 3578 4466 ,

1962 4500 2120 4557 nobis
2138 4500 2439 4572 impositam
2468 4499 2751 4571 caliginem
2776 4498 3169 4570 perfringamus
3194 4513 3207 4551 τ
3232 4496 3400 4551 densa
3426 4506 3508 4550 est
3529 4506 3583 4551 et

1965 4593 2290 4680 constipata,
2316 4601 2372 4649 et
2386 4608 2490 4648 non
2513 4592 2642 4647 sinit
2668 4606 2767 4646 nos
2783 4606 2997 4646 sursum
3015 4590 3281 4659 aspicere.
3299 4588 3583 4655 Quomodo

1966 4679 2179 4746 autem,
2212 4686 2404 4756 inquit,
2435 4683 2787 4755 perfringitur
2833 4696 2896 4737 ea
2926 4681 3135 4735 nubes?
3182 4679 3239 4735 Si
3289 4681 3582 4734 attraxeri-

1967 4795 2091 4835 mus
2116 4778 2299 4834 radios
2345 4778 2603 4848 spiritalis
2632 4776 2763 4831 solis
2789 4816 2807 4842 ,
2858 4774 2991 4829 solis
3022 4772 3270 4844 justitiar,
3318 4772 3361 4826 si
3393 4787 3585 4828 manus

1970 4872 2037 4928 ad
2059 4874 2249 4928 caelum
2280 4872 2594 4927 attollamus
2620 4888 2633 4924 :
2669 4868 2924 4932 Elevatio,
2952 4866 3144 4936 inquit.
3167 4882 3410 4919 manuum
3442 4882 3581 4919 met;—

1970 4983 2087 5021 rum
2124 4964 2433 5032 sacriﬁcium
2484 4962 2821 5033 uespertinum
2863 4959 3039 5032 (Psal.
3072 4958 3201 5014 HO.
3232 4958 3293 5025 Ξ)
3324 4976 3337 5012 :
3367 4958 3411 5012 si
3460 4974 3581 5013 cum

1982 5058 2230 5115 manibus
2277 5068 2512 5111 n:entem
2559 5070 2776 5126 quoque
2824 5053 3200 5107 sustollamus.
3248 5050 3414 5107 Scitis
3468 5065 3582 5119 quat

1976 5154 2120 5219 dico,
2172 5166 2270 5206 vos
2299 5151 2388 5221 qui
2430 5148 2699 5220 mysteriis
2730 5147 2862 5203 estis
2899 5145 3091 5201 initiati
3118 5164 3131 5199 :
3163 5143 3389 5198 fortasse
3420 5158 3582 5214 agno-

1976 5246 2127 5303 scitis
2166 5242 2310 5315 quod
2354 5243 2555 5296 dictum
2582 5248 2685 5307 est,
2719 5239 3024 5310 perspicitis
3052 5235 3195 5308 quod
3224 5235 3385 5289 tacite
3414 5234 3583 5288 inuui.

1980 5340 2205 5393 Sursum
2236 5336 2483 5390 tollamus
2506 5342 2739 5387 nostram
2758 5331 3163 5401 cogitationem.
3183 5328 3313 5381 Novi
3334 5344 3433 5397 ego
3464 5329 3606 5380 muf—

1982 5443 2065 5489 tos
2083 5432 2227 5486 viros
2253 5446 2281 5483 a
2304 5442 2440 5485 terra
2459 5427 2571 5484 fere
2588 5426 2908 5498 pendentes,
2924 5433 2978 5479 et
2998 5423 3135 5479 ultra
3158 5419 3376 5478 modum
3402 5433 3594 5473 manus

1984 5524 2366 5585 extendentes,
2412 5532 2467 5577 et
2510 5535 2654 5591 a‘gre
2694 5518 2931 5573 ferentes
2974 5514 3116 5586 quod
3149 5530 3252 5567 non
3282 5513 3450 5583 possit
3482 5510 3597 5565 ﬁmi

1985 5631 2046 5677 ut
2070 5621 2178 5675 sint
2210 5620 2261 5673 in
2297 5632 2423 5673 acre
2454 5615 2703 5679 sublitno,
2754 5620 2809 5666 et
2834 5614 2901 5667 ita
2926 5616 3209 5680 precantes
3245 5623 3365 5661 cum
3391 5622 3583 5675 m'lgttl

2061 5720 2135 5783 (α)
2165 5720 2215 5768 1η
2246 5719 2359 5783 lucc
2383 5719 2534 5768 verba
2571 5715 2754 5767 desinit
2783 5713 3000 5765 ltotnilia.
3039 5713 3102 5765 Ει
3133 5710 3355 5777 (perdam
3380 5724 3434 5761 tn
3466 5708 3609 5764 Coll’.

1997 5781 2123 5834 mire
2145 5781 2341 5834 confusa
2367 5790 2415 5832 et
2441 5784 2681 5845 permixta
2707 5786 2837 5829 sunt.
