4060 6422
540 275 644 332 159

543 380 708 435 animi
723 380 1012 436 alacritate.
1029 379 1116 435 Sic
1140 395 1232 434 vo.
1260 380 1380 435 volo
1399 394 1610 449 semper
1636 392 1786 441 esse;
1820 376 1900 430 sin
1934 380 2119 429 autem

540 484 650 528 non
690 485 922 541 semper,
972 470 1158 527 saltem
1211 470 1496 539 stupezsin
1548 484 1656 524 non
1698 481 1874 535 saepe,
1919 465 2107 519 saltem

533 570 730 637 rarius,
777 570 966 627 saltem
997 580 1172 631 mane,
1205 565 1395 621 saltem
1422 563 1654 634 vesperi.
1684 559 1816 617 Nam
1847 558 1936 617 die
1962 559 2119 627 mihi,

532 677 733 719 manus
759 677 863 717 non
892 669 1044 729 potes
1086 655 1431 713 extendere?
1478 653 1707 710 extende
1743 660 2001 723 quantum
2040 651 2123 707 vis

537 755 760 810 liberam
809 750 974 805 animi
1028 748 1396 811 voluntatem;
1426 761 1545 802 eam
1595 743 1825 800 extende
1852 757 2023 813 usque
2055 743 2121 797 ad

538 847 711 915 ipsum
742 843 931 898 caelum
958 858 975 897 :
1002 841 1209 897 etiamsi
1237 839 1369 895 velis
1393 839 1563 909 ipsum
1587 846 1803 907 tangere
1829 835 2119 905 faStigium.

542 948 594 991 et
631 933 881 1005 superius
919 924 1227 999 ambulare,
1256 931 1380 987 licet
1420 929 1515 985 tibi
1560 944 1573 982 :
1616 928 1803 999 quavis
1830 926 1976 982 enim
2021 940 2121 980 ave

533 1028 703 1083 levior
747 1034 801 1080 et
837 1025 1001 1080 altior
1066 1032 1151 1079 est
1194 1037 1347 1077 mens
1402 1029 1604 1076 nostra.
1664 1017 1889 1086 Quando
1935 1025 2117 1072 autem

532 1120 693 1175 etiam
738 1117 1012 1188 acceperit
1041 1130 1159 1171 eam
1193 1129 1315 1185 quae
1355 1128 1387 1166 a
1434 1110 1642 1182 Spiritu
1668 1109 1827 1164 datur
1856 1108 2119 1181 gratiam,

534 1226 720 1281 papaz,
745 1225 906 1280 quam
937 1218 1017 1265 est
1048 1208 1205 1264 velox
1226 1247 1241 1271 ,
1273 1220 1432 1276 quam
1460 1205 1599 1260 acris
1625 1246 1641 1269 ,
1671 1213 1728 1258 ut
1757 1203 1938 1258 omnia
1966 1200 2081 1256 obit
2102 1239 2120 1267 ,

533 1313 592 1359 ut
636 1316 741 1357 non
791 1300 959 1357 fertur
1004 1300 1292 1364 deorsum,
1348 1312 1524 1367 neque
1565 1296 1712 1351 humi
1760 1294 1942 1351 cadit!
1998 1293 2107 1348 llas

534 1409 739 1467 [ieiunas
775 1392 933 1450 nobis
960 1404 1364 1457 comparemus;
1409 1403 1504 1460 per
1531 1402 1627 1443 eas
1658 1387 1955 1457 poterimus
1987 1400 2122 1453 pra!-

534 1485 819 1542 tervolare‘
839 1483 998 1537 etiam
1032 1481 1247 1551 pelagus
1274 1478 1537 1541 ﬂuctuum,
1557 1477 1715 1547 hujus
1740 1474 1946 1531 mundi.
1974 1477 2119 1529 Aves

538 1577 926 1648 pernicissimze
950 1583 1006 1630 et
1044 1582 1254 1629 montes
1304 1580 1361 1627 et
1388 1571 1559 1626 saltus
1585 1579 1641 1625 et
1690 1568 1859 1625 maria
1901 1578 1959 1624 et
1999 1581 2123 1623 sco-

536 1669 691 1737 pulos
711 1668 855 1723 brevi
894 1674 1166 1721 momento
1211 1663 1468 1733 temporis
1510 1662 1690 1717 illresze
1722 1659 2117 1731 praetervolant.

538 1759 688 1814 Talis
715 1767 798 1814 est
840 1758 1001 1813 etiam
1031 1771 1184 1811 mens
1215 1772 1228 1809 :
1259 1770 1381 1809 cum
1407 1751 1568 1808 fuerit
1593 1753 1750 1817 alata,
1784 1750 1997 1820 quando
2022 1751 2120 1806 ab-

536 1851 795 1908 scesserit
836 1850 904 1906 ab
930 1850 1001 1905 iis
1021 1863 1143 1919 qua:
1163 1847 1230 1902 ad
1272 1848 1410 1901 hanc
1434 1848 1595 1899 vitam
1625 1846 1895 1917 pertinent
1920 1886 1936 1912 ,
1985 1844 2120 1903 nihil

537 1957 655 1996 eam
680 1950 853 2012 potest
872 1938 1310 2012 apprehendere,
1343 1938 1597 1992 omnibus
1636 1946 1723 1994 est
1744 1936 1926 2004 altior,
1955 1936 2120 1992 etiam

538 2033 721 2103 ignitis
744 2032 935 2103 jaculis
960 2031 1181 2087 diaboli.
1229 2030 1345 2086 Non
1374 2039 1480 2086 tam
1516 2040 1661 2086 recte
1689 2031 1850 2086 telum
1896 2030 2125 2100 eonjicit

539 2126 805 2190 diabolus,
848 2132 906 2180 ut
960 2124 1130 2196 possit
1156 2124 1296 2180 hanc
1334 2125 1601 2195 attingere
1628 2123 2121 2189 altitudinem;sed

534 2217 709 2287 jaeula
738 2218 953 2287 quidem
997 2216 1230 2282 emittit,
1259 2225 1343 2271 est
1362 2216 1505 2271 enim
1536 2215 1854 2287 impudens:
1884 2232 1991 2272 non
2020 2231 2120 2271 au-

544 2318 650 2361 tem
687 2306 1013 2377 assequitur,
1065 2306 1162 2362 sed
1194 2305 1357 2361 telum
1385 2304 1451 2360 ad
1480 2306 1654 2375 ipsum
1696 2306 1856 2361 inane
1894 2306 2125 2362 reverti-

545 2408 653 2463 tur,
684 2408 738 2453 et
768 2413 872 2452 non
908 2398 1085 2453 solum
1122 2398 1281 2452 inane
1302 2439 1317 2463 ,
1348 2396 1444 2452 sed
1477 2398 1639 2452 etiam
1670 2398 1721 2451 in
1754 2406 1915 2467 caput
1957 2398 2126 2467 ipsius

541 2489 869 2545 revertitur:
902 2488 1058 2543 feriat
1096 2489 1238 2543 enim
1280 2488 1500 2544 omnino
1534 2498 1753 2559 oportet
1796 2488 1852 2544 id
1876 2488 2019 2559 quod
2057 2490 2126 2546 ab

543 2581 663 2650 ipso
700 2580 946 2635 mittitur.
976 2578 1125 2636 Sicut
1148 2594 1276 2650 ergo
1297 2579 1436 2650 quod
1454 2580 1655 2650 jactum
1687 2590 1771 2635 est
1794 2578 1863 2635 ab
1890 2565 2123 2635 homini-

543 2675 658 2739 bus,
682 2681 774 2727 aut
794 2671 916 2729 ferit
938 2686 1063 2728 eum
1091 2672 1353 2728 adversus
1374 2688 1533 2744 quem
1558 2673 1806 2737 mittitur,
1828 2683 1922 2728 aut
1944 2687 2124 2739 avem,

542 2783 632 2828 aut
660 2774 955 2843 parietem,
1008 2782 1100 2828 aut
1127 2782 1354 2840 vestem,
1394 2782 1486 2828 aut
1535 2773 1771 2843 lignum,
1814 2782 1907 2826 aut
1943 2773 2115 2841 ipsum

543 2877 889 2921 secatserem
920 2883 933 2919 :
983 2865 1055 2920 ita
1078 2865 1241 2921 etiam
1283 2865 1521 2936 jaculum
1548 2863 1772 2927 diaboli,
1827 2863 1985 2917 feriat
2008 2863 2126 2931 qui-

551 2939 673 3010 d'cm
700 2961 919 3013 omnino
941 2967 1153 3024 oportet
1179 2975 1194 3022 ;
1232 2960 1275 3012 si
1298 2969 1477 3015 autem
1504 2961 1652 3015 illum
1675 2974 1833 3030 quem
1862 2960 1994 3029 petit
2021 2974 2127 3015 non

555 3049 920 3117 percusserit,
971 3050 1193 3104 omnino
1224 3050 1348 3105 ferit
1386 3067 1509 3107 cum
1561 3052 1651 3121 qui
1694 3052 1909 3107 emittit.
1966 3052 2032 3106 Et
2060 3067 2126 3107 ex

549 3140 733 3195 multis
759 3140 976 3210 quidem
1004 3140 1106 3197 hoc
1124 3151 1297 3209 potest
1324 3144 1568 3214 intelligi,
1602 3143 1743 3213 quod
1775 3144 1990 3215 quando
2029 3158 2130 3198 nos

549 3248 656 3285 non
689 3235 945 3287 fuerimus
970 3234 1208 3302 percussi
1238 3276 1252 3299 ,
1277 3235 1370 3290 ille
1396 3237 1618 3290 omnino
1646 3238 1944 3306 percutitur
1974 3254 1985 3289 :
2021 3243 2077 3288 ut
2102 3275 2118 3300 ,

547 3324 778 3392 exempli
804 3338 987 3387 causa,
1020 3325 1303 3380 insidiatus
1324 3336 1405 3381 est
1432 3326 1604 3391 Jobo;
1648 3343 1770 3381 eum
1814 3344 1919 3380 non
1956 3324 2119 3391 feriit,

548 3416 640 3469 sed
669 3417 784 3487 ipse
809 3416 908 3470 fuit
936 3416 1075 3472 ictus
1107 3433 1121 3467 :
1147 3416 1425 3472 insidiatus
1449 3429 1528 3473 est
1559 3419 1762 3484 Paulo;
1808 3420 1979 3489 ipsum
2012 3432 2118 3471 non

547 3486 714 3571 feriit,
745 3505 839 3560 sed
870 3507 983 3575 ipse
1014 3504 1113 3561 fuit
1152 3506 1443 3562 sauciatus.
1497 3507 1567 3563 Et
1591 3508 1715 3570 hoc.
1760 3508 1804 3563 si
1830 3486 2126 3578 sapiamus,

552 3595 3110 3629 Μ

1279 283 1332 339 S.
1361 282 1643 338 JOANNIS
1670 278 2154 339 CllRYSOSTOMl
2184 278 2499 337 AllClllEP.
2532 280 3081 345 CONSTANTINOP.

3716 274 3819 336 ιθθ

2226 372 2352 429 licet
2379 373 2561 430 videre
2584 376 2778 448 ubique
2808 379 2943 435 fieri.
2993 384 3219 451 Quando
3259 386 3403 443 enim
3434 394 3818 460 percusserit,

2225 461 2448 529 feritur;
2477 467 2646 520 multo
2671 476 2851 524 autem
2893 473 3095 543 magis,
3126 478 3341 547 quando
3366 480 3637 538 adversus
3668 484 3819 539 illum

2225 556 2442 612 ensibus
2470 566 2527 614 et
2566 568 2721 615 scuto
2743 559 2865 618 lidei
2888 568 3080 621 armati
3106 578 3161 626 et
3187 571 3415 641 muniti,
3462 585 3587 633 tuto
3628 591 3824 635 cavea-

2226 663 2347 704 mus
2377 665 2445 705 ne
2485 651 2763 721 capiamur
2798 663 2855 711 et
2899 672 3291 731 expugnemur.
3336 663 3590 722 Jaculum
3639 676 3822 725 autem

2223 737 2421 794 diaboli
2450 750 2536 796 est
2559 742 2698 799 mala
2726 744 3012 815 cupiditas.
3060 748 3140 806 Ira
3172 756 3407 812 maxime
3426 766 3511 814 est
3538 758 3708 829 ignis.
3738 771 3822 816 est

2222 834 2466 901 ﬂamma,
2494 837 2722 907 arripit,
2746 840 2888 895 tollit
2913 884 2928 907 ,
2983 844 3220 903 incendit
3250 866 3265 903 :
3310 865 3410 908 nos
3432 868 3564 909 vero
3598 842 3826 910 lenitate

2221 932 2277 979 et
2321 926 2577 999 patientia
2619 944 2741 985 eam
2781 934 3210 1006 exstinguamus.
3260 940 3329 998 Ut
3375 946 3521 1001 enim
3576 945 3823 1003 candens

2224 1014 2425 1071 ferrum
2452 1034 2591 1091 aqua
2643 1023 2868 1079 tinctum
2914 1027 3089 1092 ignem
3120 1031 3334 1101 perdit:
3364 1036 3431 1091 ita
3467 1037 3545 1093 ira
3590 1038 3639 1093 si
3669 1040 3723 1094 in
3748 1039 3826 1095 lo-

2218 1122 2343 1162 nem
2392 1118 2448 1165 et
2493 1112 2787 1181 patientem
2820 1115 3111 1186 inciderit,
3165 1121 3296 1178 nihil
3341 1140 3465 1181 eum
3493 1127 3689 1196 la-dit,
3732 1130 3824 1185 sed

2218 1202 2389 1272 magis
2419 1198 2594 1272 juvat,
2639 1214 2696 1260 et
2747 1207 2864 1277 ipse
2906 1210 3087 1265 evadit
3123 1213 3282 1286 longe
3316 1215 3530 1275 fortior.
3582 1220 3820 1277 Leuitat':

2216 1293 2363 1348 enim
2400 1302 2457 1350 et
2507 1297 2779 1365 patientia:
2830 1299 2961 1354 nihil
3018 1313 3195 1372 potest
3249 1309 3575 1379 mquiparari
3622 1329 3638 1366 :
3693 1328 3820 1369 nam

2216 1384 2306 1455 qui
2360 1394 2447 1441 est
2495 1386 2781 1457 ejusmodi,
2810 1394 3135 1451 contumelia
3186 1411 3482 1469 numquam
3531 1403 3813 1471 afficitur;

2217 1476 2310 1531 sed
2337 1476 2478 1533 sicut
2515 1494 2620 1534 non
2660 1482 2972 1537 sanciantur
3018 1498 3243 1557 corpora
3294 1491 3647 1548 adamantina
3673 1536 3688 1559 ,
3745 1495 3818 1551 ita

2217 1583 2318 1625 nec
2336 1567 2643 1641 huiusmodi
2683 1573 2881 1630 anima:
2914 1594 2927 1629 :
2957 1588 3085 1633 sunt
3128 1581 3273 1636 enim
3304 1585 3623 1655 superipres
3666 1588 3827 1655 jacno

2216 1660 2301 1715 lis.
2352 1661 2609 1719 Excelsus
2640 1666 2782 1720 enim
2805 1708 2821 1733 ,
2867 1675 2923 1723 et
2968 1669 3105 1725 adeo
3131 1675 3376 1730 excelsus
3403 1644 3575 1733 est’is
3604 1644 3703 1750 qiii
3743 1690 3825 1736 est

2218 1750 2357 1808 lenis
2405 1762 2462 1808 et
2517 1756 2761 1824 patiens,
2814 1767 2873 1813 ut
2929 1774 2997 1816 ne
3060 1762 3269 1834 plagam
3312 1767 3529 1836 quidem
3585 1784 3617 1823 a
3670 1769 3824 1840 jactu

2214 1843 2465 1913 accipiat.
2492 1844 2717 1914 Quando
2740 1847 2833 1905 ille
2866 1849 3142 1920 efferatur,
3186 1863 3242 1909 tu
3288 1857 3405 1913 ride
3435 1876 3449 1913 :
3481 1859 3600 1916 ride
3630 1872 3821 1920 autem

2214 1952 2323 1994 non
2384 1951 2603 2010 aperte,
2650 1951 2709 1998 ut
2754 1962 2861 2001 non
2925 1949 3140 2019 irtzitcs,
3194 1956 3289 2011 sed
3347 1958 3401 2012 in
3459 1959 3644 2017 anima
3721 1978 3821 2019 seu

2214 2031 2356 2102 apud
2390 2041 2441 2089 te
2485 2035 2601 2091 ride
2641 2046 2862 2108 propter
2903 2050 2975 2098 te.
3025 2044 3238 2103 Etenim
3282 2048 3351 2107 de
3376 2052 3560 2123 pueris
3586 2056 3817 2127 quando

2214 2137 2316 2178 nos
2335 2138 2459 2179 eum
2488 2140 2565 2178 ira
2597 2131 2960 2196 pereusserint
2980 2171 2997 2196 ,
3047 2141 3317 2203 tamquam
3348 2148 3409 2187 se
3440 2136 3774 2187 ulciscentes
3798 2171 3815 2195 ,

2216 2213 2472 2270 ridemus.
2508 2215 2565 2273 Si
2587 2232 2716 2288 ergo
2755 2220 2974 2288 riseris,
2996 2230 3202 2276 tantum
3234 2224 3374 2279 inter
3402 2233 3453 2279 te
3479 2220 3705 2279 ctilium
3737 2222 3816 2274 in-

2220 2308 2410 2362 tererit
2430 2350 2447 2374 ,
2475 2321 2732 2379 quantum
2760 2312 2901 2368 inter
2924 2329 3146 2383 puerum
3174 2323 3230 2371 et
3261 2317 3433 2370 virum
3462 2332 3477 2368 :
3516 2317 3599 2370 sin
3628 2322 3815 2368 autem

2219 2398 2482 2464 elferaris,
2507 2402 2675 2458 factus
2703 2418 2762 2459 es
2814 2419 2949 2475 puer
2977 2424 2993 2461 :
3024 2408 3204 2478 pueris
3227 2408 3372 2463 enim
3412 2406 3818 2478 iusipientiorcs

2220 2501 2347 2544 sunt
2382 2492 2471 2562 qui
2523 2492 2848 2549 irascuntur.
2903 2498 2995 2553 Dic
3042 2500 3189 2555 enim
3235 2500 3405 2563 mihi,
3445 2499 3492 2554 si
3545 2498 3815 2570 quispiam

2221 2595 2447 2651 puerum
2486 2584 2682 2641 viderit
2702 2587 2985 2645 ell’eratum
3006 2633 3022 2656 ,
3045 2607 3226 2647 nonne
3252 2593 3483 2646 irridet?
3513 2592 3625 2647 lloe
3653 2593 3817 2646 etiam

2224 2672 2278 2728 in
2312 2674 2462 2730 iratis
2488 2676 2811 2735 observatur
2844 2699 2856 2735 :
2884 2682 3019 2737 tales
3049 2694 3172 2738 sunt
3209 2684 3371 2739 etiam
3403 2683 3815 2753 pusillanimes;

2221 2766 2266 2819 si
2300 2775 2478 2823 autem
2505 2771 2873 2839 pusillanimes
2903 2783 3047 2842 sunt,
3089 2776 3237 2830 stulti
3264 2790 3479 2846 quoque
3520 2784 3680 2829 sunt:
3715 2772 3814 2839 Qui

2223 2857 2601 2949 autem‘pusilli,
2623 2858 2810 2926 inquit,
2835 2869 2907 2913 est
2922 2862 3100 2926 animi,
3116 2873 3188 2917 cst
3207 2866 3355 2920 valde
3372 2868 3614 2949 insipiens
3634 2867 3817 2942 (Prov.

2229 2942 2312 2994 Η.
2344 2942 2662 3014 29).(,)ιιίεει
2685 2948 2841 3017 igitur
2870 2950 3148 3020 insipiens,
3168 2965 3249 3009 est
3279 2942 3473 3013 infans.
3508 2958 3574 3012 Et
3603 2962 3817 3030 quiest,

2221 3032 2409 3097 inquit,
2428 3042 2643 3106 patiens,
2665 3050 2741 3094 est
2760 3042 2948 3098 utullus
2964 3044 3013 3098 in
3029 3047 3319 3115 prudentia.
3340 3049 3485 3106 llane
3503 3052 3662 3122 igitur
3680 3054 3819 3109 mul~

2224 3136 2329 3179 tam
2374 3142 2756 3198 persequamur
2785 3136 3113 3202 patientiam,
3160 3140 3299 3195 unde
3343 3142 3509 3196 multa
3556 3159 3584 3197 a
3640 3145 3819 3214 probis

2223 3223 2354 3272 viris
2380 3223 2672 3290 acquiritur
2696 3228 2986 3295 sagacitas;
3033 3240 3457 3302 utassequamnr
3493 3236 3627 3290 bona
3665 3238 3818 3292 nobis

2226 3311 2484 3377 promissa
2509 3354 2523 3376 ,
2550 3313 2603 3367 in
2630 3316 2844 3371 Christo
2874 3317 3001 3373 Jesu
3035 3321 3264 3376 Domino
3284 3335 3475 3381 nostro
3495 3367 3511 3390 ,
3551 3344 3679 3382 eum
3712 3342 3818 3397 quo

2228 3400 2366 3453 Patri
2397 3418 2496 3455 una
2533 3419 2653 3459 cum
2692 3418 2879 3463 sancto
2909 3412 3112 3480 Spiritu
3142 3415 3312 3485 gloria
3334 3458 3348 3480 ,
3376 3418 3684 3486 imperium,
3714 3420 3812 3474 ho-

2229 3505 2327 3545 nor
2355 3510 2495 3547 nunc
2517 3506 2569 3550 et
2598 3513 2831 3569 semper,
2856 3513 2909 3556 et
2939 3504 2990 3556 in
3014 3506 3210 3559 saecula
3243 3511 3589 3562 sucularum.
3619 3514 3812 3565 Amen.
3872 3566 3877 3573 ,

3132 3618 3370 3630 —

1852 3668 2194 3730 HOMlLlA
2241 3673 2482 3736 XXIII.

553 3785 685 3842 Car.
721 3790 806 3844 ll.
839 3805 890 3843 v.
917 3791 970 3845 ’1.
1002 3790 1132 3845 Fide
1173 3789 1308 3855 Noe,
1352 3807 1593 3860 responso
1622 3799 1825 3860 accepto
1850 3791 1913 3843 de
1941 3792 2003 3845 iis
2028 3807 2140 3860 qua:

625 3882 793 3936 adhuc
839 3899 939 3937 non
986 3884 1298 3949 videbantur,
1359 3896 1582 3937 metuens
1636 3888 1828 3953 aptavit
1866 3900 2038 3936 arcam
2086 3885 2140 3937 in

625 3974 838 4027 salutem
867 3974 1049 4029 domus
1072 3991 1214 4041 sua;
1257 3993 1345 4044 per
1384 3992 1533 4045 quant
1561 3975 1818 4029 damnavit
1849 3975 2095 4027 mundum
2128 3991 2141 4003 ο

628 4075 675 4118 et
705 4066 930 4130 iustitite,
954 4083 1069 4137 quia
1095 4084 1183 4136 per
1208 4068 1359 4134 ﬁdem
1386 4076 1478 4131 est,
1505 4067 1645 4120 lieres
1672 4076 1747 4120 est
1773 4067 2049 4119 institutus.

635 4159 684 4209 Ι.
731 4155 877 4223 Fide,
911 4174 1169 4228 responso,
1196 4159 1384 4228 inquit,
1410 4168 1613 4225 accepto
1642 4156 1776 4211 Noe.
1802 4159 1950 4213 Sicut
1977 4158 2143 4212 Filius

565 4247 656 4302 Dei
686 4246 755 4303 de
784 4262 884 4301 suo
926 4248 1152 4317 loquens
1181 4248 1411 4301 adventu
1440 4248 1673 4312 dicebat,
1713 4246 1781 4301 In
1815 4248 1988 4302 diebus
2031 4248 2146 4302 Noe

560 4341 807 4394 uubebant
837 4349 885 4394 et
913 4349 1122 4411 nuptum
1152 4340 1341 4394 dabant
1377 4340 1529 4411 (Luc.
1563 4343 1648 4394 l7.
1688 4340 1797 4409 27)
1832 4358 1842 4391 :
1879 4341 1946 4394 ita
1979 4351 2029 4396 et
2058 4340 2147 4396 hic

564 4432 714 4486 dicit.
742 4431 932 4487 Merito
957 4432 1244 4502 Apostolus
1266 4448 1479 4503 quoque
1521 4433 1600 4487 eis
1638 4434 2044 4488 convenientem
2094 4434 2146 4489 in

560 4526 868 4580 memoriam
888 4526 1801 4581 revocavitsiinilitutlinemEnocbi
1816 4527 1956 4582 enim
1975 4542 2145 4581 exem-

561 4619 705 4685 plum
723 4624 841 4671 erat
864 4618 1033 4671 solum
1057 4618 1357 4688 exemplum
1386 4618 1527 4681 fidei,
1553 4618 1663 4674 Noe
1681 4635 1806 4674 vero
1839 4620 2146 4689 exemplum

560 4708 719 4762 etiam
752 4707 1150 4763 incredulitatis.
1186 4708 1260 4762 Ea
1302 4718 1479 4763 autem
1532 4719 1614 4765 est
1662 4709 1897 4782 perfecta
1952 4728 2149 4767 conso-

561 4799 689 4855 latio
736 4807 791 4854 et
842 4799 1174 4867 exhortatio,
1203 4802 1417 4870 quando
1447 4817 1552 4857 non
1583 4803 1756 4857 solum
1795 4804 1885 4873 qui
1904 4803 2148 4859 credide-

561 4898 686 4945 runt
725 4890 1066 4946 inveniuntur
1098 4892 1309 4961 probari
1340 4902 1395 4947 et
1424 4894 1474 4947 iu
1524 4894 1665 4949 bona
1711 4910 1827 4950 esse
1878 4898 2150 4951 existima-

562 4983 708 5038 tione
732 5023 748 5048 ,
788 4981 883 5037 sed
924 4982 1084 5036 etiam
1134 4984 1223 5053 qui
1256 4998 1360 5038 nou
1390 4984 1614 5039 credunt
1643 4986 1915 5055 patiuntur
1936 4996 2148 5043 contra-

564 5074 662 5133 ria.
712 5074 847 5142 Quid
890 5075 1033 5129 enim
1082 5074 1251 5129 dicit?
1296 5074 1427 5129 Fide
1470 5093 1712 5146 resprnso
1756 5089 1960 5149 accepto
2009 5078 2144 5136 Noe.

566 5164 697 5231 Quid
724 5165 823 5218 hoc
848 5167 969 5219 est?
1000 5166 1321 5222 Przedictum
1350 5167 1422 5222 illi
1452 5166 1644 5235 fuerat,
1674 5169 1861 5239 inquit.
1900 5171 2148 5242 Respon-

567 5270 680 5308 sum
712 5263 888 5309 autem
922 5255 1184 5324 significat
1216 5255 1547 5326 prophetiam
1583 5275 1595 5309 :
1636 5272 1755 5311 nam
1789 5259 1911 5312 alibi
1939 5274 2151 5328 quoque

568 5349 636 5400 ita
666 5345 795 5401 dicit
826 5344 908 5399 :F
912 5356 1051 5400 uerat
1089 5347 1131 5400 ei
1167 5365 1463 5415 responsum
1496 5351 1739 5419 aSpiritu
1784 5361 1956 5407 sancto
1998 5350 2148 5420 (Luc.

570 5442 621 5497 Ξ.
652 5440 723 5494 26
750 5443 807 5509 );
854 5450 910 5494 et
955 5456 1161 5507 rursus,
1217 5440 1276 5494 Et
1312 5443 1435 5511 quid
1473 5441 1595 5495 dicit
1635 5460 1930 5513 responsum
1972 5444 2149 5512 (Rom.

575 5534 661 5597 ll.
690 5532 723 5587 4
742 5531 799 5602 )?
824 5529 991 5587 Vides
1023 5546 1201 5601 parem
1244 5531 1503 5589 honorem
1543 5534 1814 5602 Spiritus?
1842 5536 1981 5589 sicut
2008 5537 2150 5591 enim

579 5627 717 5688 Deus
746 5628 1053 5701 respondet,
1081 5628 1150 5682 ita
1181 5628 1341 5683 etiam
1384 5628 1615 5699 Spiritus
1642 5639 1877 5686 sanctus.
1920 5630 2026 5687 Cur
2056 5647 2151 5686 au-

2245 3802 2352 3846 tem
2390 3790 2468 3847 sic
2497 3790 2669 3845 dixit?
2698 3788 2764 3844 Ut
2789 3788 3037 3843 ostendat
3076 3801 3393 3857 responsum
3434 3803 3554 3844 esse
3590 3789 3829 3862 prophe-

2246 3884 2393 3937 tiam.
2422 3882 2568 3935 Deiis
2596 3896 2708 3950 qua:
2728 3882 2893 3933 adhuc
2920 3896 3020 3933 non
3046 3878 3357 3942 videbantur,
3378 3880 3576 3949 inquit;
3602 3880 3709 3938 hoc
3729 3891 3827 3950 est,

2244 3976 2312 4029 de
2354 3974 2528 4044 pluvia
2555 3973 2792 4028 :verilus
2818 3982 2872 4027 ct
2914 3972 3017 4027 sibi
3046 3985 3240 4028 cavens
3288 3974 3590 4029 construxit
3630 3989 3823 4031 arcam.

2247 4067 2404 4121 Ratio
2447 4065 2659 4135 quidem
2707 4064 2838 4117 nihil
2887 4064 2991 4119 tale
3041 4063 3307 4134 suggessit
3359 4081 3374 4117 :
3425 4074 3648 4135 nuptum
3689 4067 3827 4121 enin.

2244 4158 2440 4214 dabant
2467 4165 2520 4211 et
2548 4157 2840 4219 nubehant,
2872 4170 2963 4210 aer
2980 4164 3095 4210 erat
3122 4170 3309 4224 purus,
3339 4160 3488 4226 signa
3514 4172 3619 4210 non
3645 4167 3828 4215 erant:

2246 4249 2339 4304 sed
2368 4258 2544 4303 tamen
2569 4249 2661 4302 ille
2681 4256 2763 4303 est
2790 4247 2993 4301 veritus
3025 4262 3040 4296 :
3078 4245 3201 4301 ideo
3228 4248 3309 4301 sic
3336 4246 3468 4301 dixit
3501 4265 3513 4301 :
3546 4246 3677 4303 Fide
3702 4248 3829 4315 Noe,

2247 4358 2487 4410 responso
2534 4350 2741 4409 accepto
2786 4340 2849 4393 de
2898 4341 2963 4395 iis
3005 4356 3117 4407 qua!
3156 4340 3326 4393 adhuc
3374 4357 3476 4395 non
3520 4343 3833 4407 videbantur,

2247 4447 2488 4498 metuens,
2514 4434 2797 4489 construxit
2825 4451 2996 4487 arcam
3022 4434 3075 4487 in
3102 4434 3315 4488 salutem
3340 4436 3519 4490 domus
3546 4453 3673 4491 suae.
3698 4438 3836 4506 Quo-

2250 4526 2446 4581 modo?
2485 4525 2589 4579 Per
2619 4543 2774 4597 quam
2800 4527 3153 4579 condemnavit
3184 4527 3446 4579 mundum.
3476 4528 3722 4584 Ostendit
3748 4543 3833 4584 eos

2249 4618 2439 4688 dignos
2466 4618 2754 4687 supplicio,
2796 4618 2886 4687 qui
2929 4631 3028 4672 nec
3057 4631 3152 4686 per
3181 4617 3329 4671 illam
3356 4618 3572 4687 quidem
3594 4632 3839 4675 constru-

2249 4711 2479 4763 ctionem
2511 4709 2937 4778 corrigebantur,
2973 4722 3073 4761 nec
3100 4706 3510 4775 resipiseebaut.
3546 4710 3611 4764 Et
3624 4713 3827 4781 justitia

2263 4815 2376 4871 qua
2407 4817 2493 4870 per
2521 4800 2675 4864 ﬁdem
2705 4807 2796 4863 est,
2828 4798 2968 4851 heres
2992 4806 3064 4850 est
3091 4795 3384 4860 institutus;
3411 4794 3513 4848 hoc
3548 4802 3649 4857 est,
3680 4808 3746 4848 ex
3776 4807 3836 4847 eo

2250 4894 2428 4964 justus
2474 4893 2742 4962 apparuit,
2794 4891 2936 4960 quod
2981 4890 3094 4944 Deo
3135 4887 3382 4943 credidit.
3427 4885 3541 4942 Hoc
3577 4886 3719 4939 enim
3762 4894 3839 4939 est

2256 4986 2450 5039 anima:
2495 4984 2705 5039 sincere
2735 4982 2785 5036 in
2817 4997 2938 5036 eum
2972 4980 3199 5046 all‘ccttc,
3246 4987 3301 5034 et
3336 4993 3455 5048 qum
3479 4976 3683 5045 judicat
3712 4974 3840 5029 nihil

2256 5092 2377 5132 esse
2406 5076 2522 5145 ejus
2549 5073 2729 5129 verbis
2759 5070 3093 5133 credibilius,
3140 5070 3279 5124 sicut
3307 5068 3633 5124 contrarium
3669 5066 3840 5121 incre-

2256 5169 2471 5223 dulitas.
2505 5168 2597 5222 Est
2632 5176 2811 5221 autem
2842 5165 3205 5235 perspicuum,
3244 5160 3388 5233 quod
3431 5160 3567 5215 fides
3594 5170 3841 5228 operatur

2252 5261 2533 5331 justitiam.
2562 5260 2712 5315 Sicut
2746 5258 2887 5313 enim
2932 5272 3030 5310 nos
3075 5236 3396 5325 responsum
3442 5253 3752 5321 accepimus
3782 5251 3841 5305 de

2256 5353 2522 5423 gehenna,
2570 5350 2639 5404 ita
2692 5350 2779 5404 ille
2828 5364 3066 5418 quoque.
3114 5347 3276 5416 Atqui
3327 5354 3454 5400 tunc
3500 5343 3839 5406 irridebatur,

2258 5456 2381 5498 tunc
2422 5442 2633 5511 probris
2674 5441 3009 5495 afficiebatur
3040 5448 3094 5493 ct
3132 5438 3600 5499 subsannabatur;
3647 5436 3740 5490 sed
3772 5447 3840 5489 ta-

2256 5553 2377 5591 men
2420 5535 2485 5589 ad
2526 5535 2653 5589 nihil
2702 5533 2890 5587 horum
2950 5532 3160 5600 aspexit
3190 5549 3205 5585 :
3235 5530 3287 5587 8.
3348 5530 3478 5583 Fide
3518 5530 3602 5598 qui
3643 5543 3838 5582 vocatur

2257 5630 2511 5686 Abraham
2538 5629 2749 5685 obcdit‘it
2776 5629 2827 5683 in
2856 5628 3022 5684 locum
3043 5628 3201 5695 exire,
3228 5642 3381 5700 quem
3408 5634 3710 5695 accepturus
3742 5632 3840 5679 erat
