  <div class='ocr_page' id='page_1' title='image "/cluster/home/n/w/nwhite01/storage/ocr_20150623/63/ien.35556001660919/169.png"; bbox 0 0 4060 6402; ppageno 0'>
   <div class='ocr_carea' id='block_1_1' title="bbox 528 288 628 349">
    <p class='ocr_par' dir='ltr' id='par_1_1' title="bbox 528 288 628 349">
     <span class='ocr_line' id='line_1_1' title="bbox 528 288 628 349; baseline 0.02 -2"><span class='ocrx_word' id='word_1_1' title='bbox 528 288 628 349; x_wconf 73' lang='grc'><strong>161</strong></span> 
     </span>
    </p>
   </div>
   <div class='ocr_carea' id='block_1_2' title="bbox 518 398 2112 475">
    <p class='ocr_par' dir='ltr' id='par_1_2' title="bbox 518 398 2112 475">
     <span class='ocr_line' id='line_1_2' title="bbox 518 398 2112 475; baseline -0.003 -16"><span class='ocrx_word' id='word_1_2' title='bbox 518 403 736 475; x_wconf 63' lang='lat' dir='ltr'><strong>statim.</strong></span> <span class='ocrx_word' id='word_1_3' title='bbox 764 403 1005 475; x_wconf 75' lang='grc' dir='ltr'><strong>Ἕλληνα</strong></span> <span class='ocrx_word' id='word_1_4' title='bbox 1038 398 1150 475; x_wconf 75' lang='grc' dir='ltr'><strong>εἶχε</strong></span> <span class='ocrx_word' id='word_1_5' title='bbox 1188 405 1279 458; x_wconf 81' lang='grc' dir='ltr'><strong>καὶ</strong></span> <span class='ocrx_word' id='word_1_6' title='bbox 1312 403 1710 475; x_wconf 83' lang='grc' dir='ltr'><strong>εἰδωλολάτρην</strong></span> <span class='ocrx_word' id='word_1_7' title='bbox 1737 443 1754 468; x_wconf 92' lang='grc'><strong>,</strong></span> <span class='ocrx_word' id='word_1_8' title='bbox 1816 404 2112 475; x_wconf 77' lang='grc' dir='ltr'><strong>προφητῶν</strong></span> 
     </span>
    </p>
   </div>
   <div class='ocr_carea' id='block_1_3' title="bbox 518 484 2117 557">
    <p class='ocr_par' dir='ltr' id='par_1_3' title="bbox 518 484 2117 557">
     <span class='ocr_line' id='line_1_3' title="bbox 518 484 2117 557; baseline -0.001 -18"><span class='ocrx_word' id='word_1_9' title='bbox 518 488 619 540; x_wconf 83' lang='grc' dir='ltr'><strong>ούκ</strong></span> <span class='ocrx_word' id='word_1_10' title='bbox 666 484 935 556; x_wconf 75' lang='grc' dir='ltr'><strong>ἠκηκόει,</strong></span> <span class='ocrx_word' id='word_1_11' title='bbox 996 485 1119 539; x_wconf 74' lang='grc' dir='ltr'><strong>οὐδὲ</strong></span> <span class='ocrx_word' id='word_1_12' title='bbox 1165 484 1444 557; x_wconf 70' lang='grc' dir='ltr'><strong>ᾔδει”ποῦ</strong></span> <span class='ocrx_word' id='word_1_13' title='bbox 1492 486 1713 557; x_wconf 73' lang='grc' dir='ltr'><strong>ἧρχετο.</strong></span> <span class='ocrx_word' id='word_1_14' title='bbox 1757 486 1977 555; x_wconf 80' lang='grc' dir='ltr'><strong>Ἐπειδὴ</strong></span> <span class='ocrx_word' id='word_1_15' title='bbox 2007 485 2117 555; x_wconf 82' lang='grc' dir='ltr'><strong>γὰρ</strong></span> 
     </span>
    </p>
   </div>
   <div class='ocr_carea' id='block_1_4' title="bbox 518 568 2112 641">
    <p class='ocr_par' dir='ltr' id='par_1_4' title="bbox 518 568 2112 641">
     <span class='ocr_line' id='line_1_4' title="bbox 518 568 2112 641; baseline 0.001 -19"><span class='ocrx_word' id='word_1_16' title='bbox 518 573 600 634; x_wconf 81' lang='grc' dir='ltr'><strong>εἰς</strong></span> <span class='ocrx_word' id='word_1_17' title='bbox 644 569 869 632; x_wconf 79' lang='grc' dir='ltr'><strong>τούτους</strong></span> <span class='ocrx_word' id='word_1_18' title='bbox 925 568 1116 641; x_wconf 86' lang='grc' dir='ltr'><strong>ἐώρων</strong></span> <span class='ocrx_word' id='word_1_19' title='bbox 1162 569 1213 620; x_wconf 80' lang='grc' dir='ltr'><strong>οἰ</strong></span> <span class='ocrx_word' id='word_1_20' title='bbox 1254 568 1316 633; x_wconf 82' lang='grc' dir='ltr'><strong>ἐξ</strong></span> <span class='ocrx_word' id='word_1_21' title='bbox 1345 568 1615 640; x_wconf 85' lang='grc' dir='ltr'><strong>Ἐϐραίων</strong></span> <span class='ocrx_word' id='word_1_22' title='bbox 1660 569 2112 636; x_wconf 80' lang='grc' dir='ltr'><strong>πεπιστευκότες,</strong></span> 
     </span>
    </p>
   </div>
   <div class='ocr_carea' id='block_1_5' title="bbox 518 651 2115 725">
    <p class='ocr_par' dir='ltr' id='par_1_5' title="bbox 518 651 2115 725">
     <span class='ocr_line' id='line_1_5' title="bbox 518 651 2115 725; baseline -0.003 -18"><span class='ocrx_word' id='word_1_23' title='bbox 518 653 597 716; x_wconf 84' lang='grc' dir='ltr'><strong>ῶς</strong></span> <span class='ocrx_word' id='word_1_24' title='bbox 650 652 860 725; x_wconf 79' lang='grc' dir='ltr'><strong>μυρίων</strong></span> <span class='ocrx_word' id='word_1_25' title='bbox 908 651 1335 714; x_wconf 80' lang='grc' dir='ltr'><strong>ἀπολαύσαντας</strong></span> <span class='ocrx_word' id='word_1_26' title='bbox 1383 651 1651 721; x_wconf 80' lang='grc' dir='ltr'><strong>ἀγαθῶν,</strong></span> <span class='ocrx_word' id='word_1_27' title='bbox 1707 653 1984 706; x_wconf 81' lang='grc' dir='ltr'><strong>δείκνυσιν</strong></span> <span class='ocrx_word' id='word_1_28' title='bbox 2032 652 2115 704; x_wconf 86' lang='grc' dir='ltr'><strong>ὅτι</strong></span> 
     </span>
    </p>
   </div>
   <div class='ocr_carea' id='block_1_6' title="bbox 519 734 2113 805">
    <p class='ocr_par' dir='ltr' id='par_1_6' title="bbox 519 734 2113 805">
     <span class='ocr_line' id='line_1_6' title="bbox 519 734 2113 805; baseline -0.001 -17"><span class='ocrx_word' id='word_1_29' title='bbox 519 736 697 798; x_wconf 75' lang='grc' dir='ltr'><strong>οὐδεὶς</strong></span> <span class='ocrx_word' id='word_1_30' title='bbox 743 735 955 789; x_wconf 76' lang='grc' dir='ltr'><strong>ούδέπω</strong></span> <span class='ocrx_word' id='word_1_31' title='bbox 1001 734 1155 788; x_wconf 70' lang='grc' dir='ltr'><strong>οὐδὲν</strong></span> <span class='ocrx_word' id='word_1_32' title='bbox 1201 734 1533 805; x_wconf 86' lang='grc' dir='ltr'><strong>ἐκομίσατο,</strong></span> <span class='ocrx_word' id='word_1_33' title='bbox 1582 735 1721 789; x_wconf 83' lang='grc' dir='ltr'><strong>ἀλλά</strong></span> <span class='ocrx_word' id='word_1_34' title='bbox 1749 736 1951 799; x_wconf 77' lang='grc' dir='ltr'><strong>πάντες</strong></span> <span class='ocrx_word' id='word_1_35' title='bbox 1975 734 2113 787; x_wconf 78' lang='grc' dir='ltr'><strong>εἰσὶν</strong></span> 
     </span>
    </p>
   </div>
   <div class='ocr_carea' id='block_1_7' title="bbox 520 816 2115 889">
    <p class='ocr_par' dir='ltr' id='par_1_7' title="bbox 520 816 2115 889">
     <span class='ocr_line' id='line_1_7' title="bbox 520 816 2115 889; baseline -0.003 -15"><span class='ocrx_word' id='word_1_36' title='bbox 520 819 838 889; x_wconf 77' lang='grc' dir='ltr'><strong>ἀγίραστοι,</strong></span> <span class='ocrx_word' id='word_1_37' title='bbox 870 819 963 870; x_wconf 75' lang='grc' dir='ltr'><strong>καὶ</strong></span> <span class='ocrx_word' id='word_1_38' title='bbox 985 818 1071 870; x_wconf 85' lang='grc' dir='ltr'><strong>δτι</strong></span> <span class='ocrx_word' id='word_1_39' title='bbox 1115 816 1289 881; x_wconf 68' lang='grc' dir='ltr'><strong>ούδτὶς</strong></span> <span class='ocrx_word' id='word_1_40' title='bbox 1315 818 1529 871; x_wconf 77' lang='grc' dir='ltr'><strong>οὐδέπω</strong></span> <span class='ocrx_word' id='word_1_41' title='bbox 1552 818 1772 885; x_wconf 77' lang='grc' dir='ltr'><strong>ἐδέξατο</strong></span> <span class='ocrx_word' id='word_1_42' title='bbox 1802 819 1903 881; x_wconf 85' lang='grc' dir='ltr'><strong>τὰς</strong></span> <span class='ocrx_word' id='word_1_43' title='bbox 1945 819 2115 887; x_wconf 83' lang='grc' dir='ltr'><strong>ἀμοι-</strong></span> 
     </span>
    </p>
   </div>
   <div class='ocr_carea' id='block_1_8' title="bbox 529 897 2101 968">
    <p class='ocr_par' dir='ltr' id='par_1_8' title="bbox 529 897 2101 968">
     <span class='ocr_line' id='line_1_8' title="bbox 529 897 2101 968; baseline -0.002 -18"><span class='ocrx_word' id='word_1_44' title='bbox 529 901 649 961; x_wconf 72' lang='grc' dir='ltr'><strong>ϐας.</strong></span> <span class='ocrx_word' id='word_1_45' title='bbox 676 898 788 967; x_wconf 84' lang='grc' dir='ltr'><strong>Τῆς</strong></span> <span class='ocrx_word' id='word_1_46' title='bbox 820 897 1078 968; x_wconf 75' lang='grc' dir='ltr'><strong>πατρίδος</strong></span> <span class='ocrx_word' id='word_1_47' title='bbox 1116 898 1321 962; x_wconf 88' lang='grc' dir='ltr'><strong>ἐκεῖνος</strong></span> <span class='ocrx_word' id='word_1_48' title='bbox 1354 900 1447 952; x_wconf 75' lang='grc' dir='ltr'><strong>καὶ</strong></span> <span class='ocrx_word' id='word_1_49' title='bbox 1490 899 1590 966; x_wconf 77' lang='grc' dir='ltr'><strong>τῆς</strong></span> <span class='ocrx_word' id='word_1_50' title='bbox 1631 898 1806 961; x_wconf 86' lang='grc' dir='ltr'><strong>οἰκίας</strong></span> <span class='ocrx_word' id='word_1_51' title='bbox 1850 897 2101 962; x_wconf 76' lang='grc' dir='ltr'><strong>ἐξέπεσε,</strong></span> 
     </span>
    </p>
   </div>
   <div class='ocr_carea' id='block_1_9' title="bbox 528 982 2099 1054">
    <p class='ocr_par' dir='ltr' id='par_1_9' title="bbox 528 982 2099 1054">
     <span class='ocr_line' id='line_1_9' title="bbox 528 982 2099 1054; baseline -0.001 -18"><span class='ocrx_word' id='word_1_52' title='bbox 528 985 623 1036; x_wconf 78' lang='grc' dir='ltr'><strong>καὶ</strong></span> <span class='ocrx_word' id='word_1_53' title='bbox 646 982 867 1052; x_wconf 77' lang='grc' dir='ltr'><strong>ἐξῆλθεν</strong></span> <span class='ocrx_word' id='word_1_54' title='bbox 887 985 988 1039; x_wconf 81' lang='grc' dir='ltr'><strong>οὐκ</strong></span> <span class='ocrx_word' id='word_1_55' title='bbox 1003 982 1159 1048; x_wconf 80' lang='grc' dir='ltr'><strong>εἰδὼς</strong></span> <span class='ocrx_word' id='word_1_56' title='bbox 1175 984 1276 1037; x_wconf 82' lang='grc' dir='ltr'><strong>ποῦ</strong></span> <span class='ocrx_word' id='word_1_57' title='bbox 1302 984 1539 1054; x_wconf 74' lang='grc' dir='ltr'><strong>ἔρχεται.</strong></span> <span class='ocrx_word' id='word_1_58' title='bbox 1564 985 1670 1036; x_wconf 81' lang='grc' dir='ltr'><strong>Καὶ</strong></span> <span class='ocrx_word' id='word_1_59' title='bbox 1690 984 1744 1036; x_wconf 91' lang='grc' dir='ltr'><strong>τί</strong></span> <span class='ocrx_word' id='word_1_60' title='bbox 1760 982 2099 1052; x_wconf 88' lang='grc' dir='ltr'><strong>θαυμαστὸν,</strong></span> 
     </span>
    </p>
   </div>
   <div class='ocr_carea' id='block_1_10' title="bbox 526 1066 2106 1139">
    <p class='ocr_par' dir='ltr' id='par_1_10' title="bbox 526 1066 2106 1139">
     <span class='ocr_line' id='line_1_10' title="bbox 526 1066 2106 1139; baseline -0.002 -17"><span class='ocrx_word' id='word_1_61' title='bbox 526 1070 576 1122; x_wconf 84' lang='grc' dir='ltr'><strong>εἰ</strong></span> <span class='ocrx_word' id='word_1_62' title='bbox 606 1068 791 1138; x_wconf 75' lang='grc' dir='ltr'><strong>αὐτὸς,</strong></span> <span class='ocrx_word' id='word_1_63' title='bbox 812 1071 947 1124; x_wconf 84' lang='grc' dir='ltr'><strong>ὅπου</strong></span> <span class='ocrx_word' id='word_1_64' title='bbox 991 1086 1056 1138; x_wconf 87' lang='grc' dir='ltr'><strong>γε</strong></span> <span class='ocrx_word' id='word_1_65' title='bbox 1087 1069 1182 1124; x_wconf 77' lang='grc' dir='ltr'><strong>καὶ</strong></span> <span class='ocrx_word' id='word_1_66' title='bbox 1221 1069 1281 1123; x_wconf 93' lang='grc' dir='ltr'><strong>τὸ</strong></span> <span class='ocrx_word' id='word_1_67' title='bbox 1317 1069 1540 1139; x_wconf 86' lang='grc' dir='ltr'><strong>σπέρμα</strong></span> <span class='ocrx_word' id='word_1_68' title='bbox 1573 1067 1741 1121; x_wconf 80' lang='grc' dir='ltr'><strong>αὑτοῦ</strong></span> <span class='ocrx_word' id='word_1_69' title='bbox 1780 1066 1925 1121; x_wconf 77' lang='grc' dir='ltr'><strong>οὕτω</strong></span> <span class='ocrx_word' id='word_1_70' title='bbox 1970 1083 2106 1120; x_wconf 79' lang='grc' dir='ltr'><strong>κατ-</strong></span> 
     </span>
    </p>
   </div>
   <div class='ocr_carea' id='block_1_11' title="bbox 527 1148 2105 1224">
    <p class='ocr_par' dir='ltr' id='par_1_11' title="bbox 527 1148 2105 1224">
     <span class='ocr_line' id='line_1_11' title="bbox 527 1148 2105 1224; baseline -0.002 -18"><span class='ocrx_word' id='word_1_71' title='bbox 527 1151 783 1224; x_wconf 80' lang='grc' dir='ltr'><strong>ῴκησενς</strong></span> <span class='ocrx_word' id='word_1_72' title='bbox 816 1152 991 1224; x_wconf 82' lang='grc' dir='ltr'><strong>ὀρῶν</strong></span> <span class='ocrx_word' id='word_1_73' title='bbox 1032 1148 1572 1222; x_wconf 77' lang='grc' dir='ltr'><strong>γοῦν’ἐλεγχομένην</strong></span> <span class='ocrx_word' id='word_1_74' title='bbox 1611 1151 1711 1221; x_wconf 80' lang='grc' dir='ltr'><strong>τὴν</strong></span> <span class='ocrx_word' id='word_1_75' title='bbox 1745 1149 2105 1219; x_wconf 90' lang='grc' dir='ltr'><strong>ἐπαγγελίαν.</strong></span> 
     </span>
    </p>
   </div>
   <div class='ocr_carea' id='block_1_12' title="bbox 517 1227 2116 1305">
    <p class='ocr_par' dir='ltr' id='par_1_12' title="bbox 517 1227 2116 1305">
     <span class='ocr_line' id='line_1_12' title="bbox 517 1227 2116 1305; baseline 0 -21"><span class='ocrx_word' id='word_1_76' title='bbox 517 1235 576 1284; x_wconf 81' lang='grc' dir='ltr'><strong>ού</strong></span> <span class='ocrx_word' id='word_1_77' title='bbox 606 1232 1038 1305; x_wconf 77' lang='grc' dir='ltr'><strong>κατενάρκησενο</strong></span> <span class='ocrx_word' id='word_1_78' title='bbox 1073 1227 1196 1284; x_wconf 84' lang='grc' dir='ltr'><strong>εἷπε</strong></span> <span class='ocrx_word' id='word_1_79' title='bbox 1224 1232 1355 1301; x_wconf 82' lang='grc' dir='ltr'><strong>γάρ’</strong></span> <span class='ocrx_word' id='word_1_80' title='bbox 1386 1230 1489 1283; x_wconf 81' lang='grc' dir='ltr'><strong>Σοὶ</strong></span> <span class='ocrx_word' id='word_1_81' title='bbox 1511 1227 1682 1293; x_wconf 82' lang='grc' dir='ltr'><strong>δώσω</strong></span> <span class='ocrx_word' id='word_1_82' title='bbox 1704 1228 1818 1297; x_wconf 79' lang='grc' dir='ltr'><strong>τὴν</strong></span> <span class='ocrx_word' id='word_1_83' title='bbox 1838 1228 1958 1299; x_wconf 78' lang='grc' dir='ltr'><strong>γῆν</strong></span> <span class='ocrx_word' id='word_1_84' title='bbox 1977 1230 2116 1285; x_wconf 76' lang='grc' dir='ltr'><strong>ταὺ-</strong></span> 
     </span>
    </p>
   </div>
   <div class='ocr_carea' id='block_1_13' title="bbox 518 1309 2113 1383">
    <p class='ocr_par' dir='ltr' id='par_1_13' title="bbox 518 1309 2113 1383">
     <span class='ocr_line' id='line_1_13' title="bbox 518 1309 2113 1383; baseline -0.002 -16"><span class='ocrx_word' id='word_1_85' title='bbox 518 1331 650 1381; x_wconf 86' lang='grc' dir='ltr'><strong>την,</strong></span> <span class='ocrx_word' id='word_1_86' title='bbox 682 1312 784 1369; x_wconf 79' lang='grc' dir='ltr'><strong>καί</strong></span> <span class='ocrx_word' id='word_1_87' title='bbox 814 1312 892 1379; x_wconf 84' lang='grc' dir='ltr'><strong>τῷ</strong></span> <span class='ocrx_word' id='word_1_88' title='bbox 918 1313 1218 1383; x_wconf 75' lang='grc' dir='ltr'><strong>σπέρματί</strong></span> <span class='ocrx_word' id='word_1_89' title='bbox 1242 1328 1381 1367; x_wconf 85' lang='grc' dir='ltr'><strong>σου.</strong></span> <span class='ocrx_word' id='word_1_90' title='bbox 1412 1309 1535 1365; x_wconf 82' lang='grc' dir='ltr'><strong>Εῐδε</strong></span> <span class='ocrx_word' id='word_1_91' title='bbox 1564 1310 1656 1365; x_wconf 88' lang='grc' dir='ltr'><strong>τὸν</strong></span> <span class='ocrx_word' id='word_1_92' title='bbox 1684 1311 1815 1364; x_wconf 82' lang='grc' dir='ltr'><strong>Υίὸν</strong></span> <span class='ocrx_word' id='word_1_93' title='bbox 1839 1313 1958 1364; x_wconf 84' lang='grc' dir='ltr'><strong>ἐκεῖ</strong></span> <span class='ocrx_word' id='word_1_94' title='bbox 1984 1328 2113 1365; x_wconf 66' lang='grc' dir='ltr'><strong>κατι</strong></span> 
     </span>
    </p>
   </div>
   <div class='ocr_carea' id='block_1_14' title="bbox 514 1392 2116 1467">
    <p class='ocr_par' dir='ltr' id='par_1_14' title="bbox 514 1392 2116 1467">
     <span class='ocr_line' id='line_1_14' title="bbox 514 1392 2116 1467; baseline -0.002 -16"><span class='ocrx_word' id='word_1_95' title='bbox 514 1397 791 1464; x_wconf 60' lang='grc' dir='ltr'><strong>οικσῦντα,</strong></span> <span class='ocrx_word' id='word_1_96' title='bbox 813 1399 909 1451; x_wconf 76' lang='grc' dir='ltr'><strong>καὶ</strong></span> <span class='ocrx_word' id='word_1_97' title='bbox 930 1399 959 1451; x_wconf 93' lang='lat'><strong>6</strong></span> <span class='ocrx_word' id='word_1_98' title='bbox 982 1397 1204 1467; x_wconf 75' lang='grc' dir='ltr'><strong>ἔκγονος</strong></span> <span class='ocrx_word' id='word_1_99' title='bbox 1232 1396 1395 1449; x_wconf 82' lang='grc' dir='ltr'><strong>πάλιν</strong></span> <span class='ocrx_word' id='word_1_100' title='bbox 1418 1392 1556 1448; x_wconf 76' lang='grc' dir='ltr'><strong>εἶδεν</strong></span> <span class='ocrx_word' id='word_1_101' title='bbox 1579 1395 1769 1448; x_wconf 83' lang='grc' dir='ltr'><strong>ἐαυτὸν</strong></span> <span class='ocrx_word' id='word_1_102' title='bbox 1786 1395 1845 1455; x_wconf 86' lang='grc' dir='ltr'><strong>ἐν</strong></span> <span class='ocrx_word' id='word_1_103' title='bbox 1857 1393 2116 1466; x_wconf 71' lang='grc' dir='ltr'><strong>ἀλλοτρίᾳ</strong></span> 
     </span>
    </p>
   </div>
   <div class='ocr_carea' id='block_1_15' title="bbox 518 1478 2116 1552">
    <p class='ocr_par' dir='ltr' id='par_1_15' title="bbox 518 1478 2116 1552">
     <span class='ocr_line' id='line_1_15' title="bbox 518 1478 2116 1552; baseline -0.003 -15"><span class='ocrx_word' id='word_1_104' title='bbox 518 1483 922 1550; x_wconf 72' lang='grc' dir='ltr'><strong>κατοικοῦντα,</strong></span> <span class='ocrx_word' id='word_1_105' title='bbox 981 1482 1076 1538; x_wconf 80' lang='grc' dir='ltr'><strong>καὶ</strong></span> <span class='ocrx_word' id='word_1_106' title='bbox 1128 1481 1285 1537; x_wconf 81' lang='grc' dir='ltr'><strong>οὐδὲν</strong></span> <span class='ocrx_word' id='word_1_107' title='bbox 1338 1478 1668 1552; x_wconf 82' lang='grc' dir='ltr'><strong>ἐθορυϐήθη.</strong></span> <span class='ocrx_word' id='word_1_108' title='bbox 1728 1479 1803 1533; x_wconf 88' lang='grc' dir='ltr'><strong>Τὸ</strong></span> <span class='ocrx_word' id='word_1_109' title='bbox 1858 1480 1960 1550; x_wconf 81' lang='grc' dir='ltr'><strong>μὲν</strong></span> <span class='ocrx_word' id='word_1_110' title='bbox 2005 1480 2116 1550; x_wconf 83' lang='grc' dir='ltr'><strong>γὰρ</strong></span> 
     </span>
    </p>
   </div>
   <div class='ocr_carea' id='block_1_16' title="bbox 517 1561 2118 1636">
    <p class='ocr_par' dir='ltr' id='par_1_16' title="bbox 517 1561 2118 1636">
     <span class='ocr_line' id='line_1_16' title="bbox 517 1561 2118 1636; baseline -0.004 -17"><span class='ocrx_word' id='word_1_111' title='bbox 517 1566 611 1620; x_wconf 75' lang='grc' dir='ltr'><strong>τοῦ</strong></span> <span class='ocrx_word' id='word_1_112' title='bbox 668 1565 925 1636; x_wconf 80' lang='grc' dir='ltr'><strong>Ἀϐραὰμ</strong></span> <span class='ocrx_word' id='word_1_113' title='bbox 972 1563 1198 1628; x_wconf 78' lang='grc' dir='ltr'><strong>εἰκότως</strong></span> <span class='ocrx_word' id='word_1_114' title='bbox 1247 1564 1538 1632; x_wconf 87' lang='grc' dir='ltr'><strong>ἐγεγόνει,</strong></span> <span class='ocrx_word' id='word_1_115' title='bbox 1595 1561 1693 1617; x_wconf 79' lang='grc' dir='ltr'><strong>ἆτε</strong></span> <span class='ocrx_word' id='word_1_116' title='bbox 1751 1565 1889 1631; x_wconf 85' lang='grc' dir='ltr'><strong>μετά</strong></span> <span class='ocrx_word' id='word_1_117' title='bbox 1940 1561 2118 1615; x_wconf 83' lang='grc' dir='ltr'><strong>ταῦτα</strong></span> 
     </span>
    </p>
   </div>
   <div class='ocr_carea' id='block_1_17' title="bbox 522 1644 2119 1721">
    <p class='ocr_par' dir='ltr' id='par_1_17' title="bbox 522 1644 2119 1721">
     <span class='ocr_line' id='line_1_17' title="bbox 522 1644 2119 1721; baseline -0.003 -18"><span class='ocrx_word' id='word_1_118' title='bbox 522 1650 827 1721; x_wconf 78' lang='grc' dir='ltr'><strong>μελλούσης</strong></span> <span class='ocrx_word' id='word_1_119' title='bbox 885 1650 985 1721; x_wconf 82' lang='grc' dir='ltr'><strong>τῆς</strong></span> <span class='ocrx_word' id='word_1_120' title='bbox 1044 1649 1380 1717; x_wconf 81' lang='grc' dir='ltr'><strong>ἐπαγγελίας</strong></span> <span class='ocrx_word' id='word_1_121' title='bbox 1440 1649 1522 1710; x_wconf 87' lang='grc' dir='ltr'><strong>είς</strong></span> <span class='ocrx_word' id='word_1_122' title='bbox 1572 1646 1733 1716; x_wconf 75' lang='grc' dir='ltr'><strong>ἔργον</strong></span> <span class='ocrx_word' id='word_1_123' title='bbox 1786 1644 2119 1716; x_wconf 83' lang='grc' dir='ltr'><strong>ἐκϐήσεσθαι</strong></span> 
     </span>
    </p>
   </div>
   <div class='ocr_carea' id='block_1_18' title="bbox 520 1728 2117 1802">
    <p class='ocr_par' dir='ltr' id='par_1_18' title="bbox 520 1728 2117 1802">
     <span class='ocr_line' id='line_1_18' title="bbox 520 1728 2117 1802; baseline -0.004 -15"><span class='ocrx_word' id='word_1_124' title='bbox 520 1737 601 1798; x_wconf 84' lang='grc' dir='ltr'><strong>εἰς</strong></span> <span class='ocrx_word' id='word_1_125' title='bbox 635 1737 694 1787; x_wconf 86' lang='grc' dir='ltr'><strong>τὸ</strong></span> <span class='ocrx_word' id='word_1_126' title='bbox 724 1736 883 1802; x_wconf 87' lang='grc' dir='ltr'><strong>γένος</strong></span> <span class='ocrx_word' id='word_1_127' title='bbox 910 1732 1097 1786; x_wconf 80' lang='grc' dir='ltr'><strong>αὐτοῦ·</strong></span> <span class='ocrx_word' id='word_1_128' title='bbox 1133 1732 1311 1786; x_wconf 84' lang='grc' dir='ltr'><strong>καίτοι</strong></span> <span class='ocrx_word' id='word_1_129' title='bbox 1340 1749 1403 1800; x_wconf 89' lang='grc' dir='ltr'><strong>γε</strong></span> <span class='ocrx_word' id='word_1_130' title='bbox 1432 1732 1528 1784; x_wconf 77' lang='grc' dir='ltr'><strong>καὶ</strong></span> <span class='ocrx_word' id='word_1_131' title='bbox 1558 1731 1693 1799; x_wconf 90' lang='grc' dir='ltr'><strong>πρὸς</strong></span> <span class='ocrx_word' id='word_1_132' title='bbox 1716 1729 1879 1782; x_wconf 86' lang='grc' dir='ltr'><strong>αὐτὸν</strong></span> <span class='ocrx_word' id='word_1_133' title='bbox 1908 1728 2117 1798; x_wconf 79' lang='grc' dir='ltr'><strong>εἴρητο,</strong></span> 
     </span>
    </p>
   </div>
   <div class='ocr_carea' id='block_1_19' title="bbox 518 1810 2120 1884">
    <p class='ocr_par' dir='ltr' id='par_1_19' title="bbox 518 1810 2120 1884">
     <span class='ocr_line' id='line_1_19' title="bbox 518 1810 2120 1884; baseline -0.005 -13"><span class='ocrx_word' id='word_1_134' title='bbox 518 1819 603 1871; x_wconf 81' lang='grc' dir='ltr'><strong>ὅτι</strong></span> <span class='ocrx_word' id='word_1_135' title='bbox 656 1818 759 1871; x_wconf 81' lang='grc' dir='ltr'><strong>Σοί</strong></span> <span class='ocrx_word' id='word_1_136' title='bbox 791 1817 887 1871; x_wconf 77' lang='grc' dir='ltr'><strong>καὶ</strong></span> <span class='ocrx_word' id='word_1_137' title='bbox 919 1814 999 1881; x_wconf 85' lang='grc' dir='ltr'><strong>τῷ</strong></span> <span class='ocrx_word' id='word_1_138' title='bbox 1030 1815 1329 1884; x_wconf 79' lang='grc' dir='ltr'><strong>σπέρματί</strong></span> <span class='ocrx_word' id='word_1_139' title='bbox 1356 1829 1493 1868; x_wconf 89' lang='grc' dir='ltr'><strong>σου·</strong></span> <span class='ocrx_word' id='word_1_140' title='bbox 1531 1814 1592 1866; x_wconf 87' lang='grc' dir='ltr'><strong>οὐ</strong></span> <span class='ocrx_word' id='word_1_141' title='bbox 1616 1851 1630 1873; x_wconf 86' lang='grc'><strong>,</strong></span> <span class='ocrx_word' id='word_1_142' title='bbox 1677 1813 1777 1865; x_wconf 79' lang='grc' dir='ltr'><strong>Διά</strong></span> <span class='ocrx_word' id='word_1_143' title='bbox 1824 1810 1918 1864; x_wconf 80' lang='grc' dir='ltr'><strong>τοῦ</strong></span> <span class='ocrx_word' id='word_1_144' title='bbox 1948 1812 2120 1883; x_wconf 83' lang='grc' dir='ltr'><strong>σπέρ-</strong></span> 
     </span>
    </p>
   </div>
   <div class='ocr_carea' id='block_1_20' title="bbox 523 1894 2117 1970">
    <p class='ocr_par' dir='ltr' id='par_1_20' title="bbox 523 1894 2117 1970">
     <span class='ocr_line' id='line_1_20' title="bbox 523 1894 2117 1970; baseline -0.001 -17"><span class='ocrx_word' id='word_1_145' title='bbox 523 1902 694 1970; x_wconf 84' lang='grc' dir='ltr'><strong>ματός</strong></span> <span class='ocrx_word' id='word_1_146' title='bbox 745 1916 838 1954; x_wconf 84' lang='grc' dir='ltr'><strong>σου</strong></span> <span class='ocrx_word' id='word_1_147' title='bbox 890 1900 1014 1962; x_wconf 78' lang='grc' dir='ltr'><strong>σοὶ,</strong></span> <span class='ocrx_word' id='word_1_148' title='bbox 1072 1897 1228 1962; x_wconf 75' lang='grc' dir='ltr'><strong>ἀλλὰ,</strong></span> <span class='ocrx_word' id='word_1_149' title='bbox 1285 1895 1514 1951; x_wconf 71' lang='grc' dir='ltr'><strong>Σοὶνιαί</strong></span> <span class='ocrx_word' id='word_1_150' title='bbox 1545 1894 1943 1964; x_wconf 74' lang='grc' dir='ltr'><strong>τῷσσπέρματι</strong></span> <span class='ocrx_word' id='word_1_151' title='bbox 1970 1910 2117 1951; x_wconf 84' lang='grc' dir='ltr'><strong>σου’</strong></span> 
     </span>
    </p>
   </div>
   <div class='ocr_carea' id='block_1_21' title="bbox 520 1976 2122 2048">
    <p class='ocr_par' dir='ltr' id='par_1_21' title="bbox 520 1976 2122 2048">
     <span class='ocr_line' id='line_1_21' title="bbox 520 1976 2122 2048; baseline -0.002 -13"><span class='ocrx_word' id='word_1_152' title='bbox 520 1985 615 2037; x_wconf 78' lang='grc' dir='ltr'><strong>καὶ</strong></span> <span class='ocrx_word' id='word_1_153' title='bbox 669 1982 793 2036; x_wconf 72' lang='grc' dir='ltr'><strong>οὔτε</strong></span> <span class='ocrx_word' id='word_1_154' title='bbox 841 1982 1002 2045; x_wconf 87' lang='grc' dir='ltr'><strong>αύτὸς</strong></span> <span class='ocrx_word' id='word_1_155' title='bbox 1026 2024 1042 2048; x_wconf 91' lang='grc'><strong>,</strong></span> <span class='ocrx_word' id='word_1_156' title='bbox 1101 1979 1226 2034; x_wconf 77' lang='grc' dir='ltr'><strong>οὕτε</strong></span> <span class='ocrx_word' id='word_1_157' title='bbox 1260 1982 1288 2032; x_wconf 98' lang='lat'><strong>6</strong></span> <span class='ocrx_word' id='word_1_158' title='bbox 1328 1980 1544 2045; x_wconf 81' lang='grc' dir='ltr'><strong>Ἰσαὰκ,</strong></span> <span class='ocrx_word' id='word_1_159' title='bbox 1576 1978 1701 2031; x_wconf 76' lang='grc' dir='ltr'><strong>οὔτε</strong></span> <span class='ocrx_word' id='word_1_160' title='bbox 1731 1980 1759 2032; x_wconf 92' lang='lat'><strong>6</strong></span> <span class='ocrx_word' id='word_1_161' title='bbox 1793 1976 1988 2031; x_wconf 79' lang='grc' dir='ltr'><strong>Ἰακὼϐ</strong></span> <span class='ocrx_word' id='word_1_162' title='bbox 2015 1981 2122 2032; x_wconf 84' lang='grc' dir='ltr'><strong>ἀπ-</strong></span> 
     </span>
    </p>
   </div>
   <div class='ocr_carea' id='block_1_22' title="bbox 522 2061 2123 2137">
    <p class='ocr_par' dir='ltr' id='par_1_22' title="bbox 522 2061 2123 2137">
     <span class='ocr_line' id='line_1_22' title="bbox 522 2061 2123 2137; baseline -0.002 -20"><span class='ocrx_word' id='word_1_163' title='bbox 522 2070 765 2136; x_wconf 78' lang='grc' dir='ltr'><strong>ήλαυσαῦ</strong></span> <span class='ocrx_word' id='word_1_164' title='bbox 817 2067 920 2137; x_wconf 80' lang='grc' dir='ltr'><strong>τῆς</strong></span> <span class='ocrx_word' id='word_1_165' title='bbox 977 2066 1348 2136; x_wconf 85' lang='grc' dir='ltr'><strong>ὑποσχέσεως.</strong></span> <span class='ocrx_word' id='word_1_166' title='bbox 1387 2065 1443 2118; x_wconf 89' lang='grc' dir='ltr'>Ὀ</span> <span class='ocrx_word' id='word_1_167' title='bbox 1480 2064 1581 2134; x_wconf 82' lang='grc' dir='ltr'><strong>μὲν</strong></span> <span class='ocrx_word' id='word_1_168' title='bbox 1609 2064 1717 2134; x_wconf 84' lang='grc' dir='ltr'><strong>γὰρ</strong></span> <span class='ocrx_word' id='word_1_169' title='bbox 1767 2061 1944 2132; x_wconf 79' lang='grc' dir='ltr'><strong>μισθῷ</strong></span> <span class='ocrx_word' id='word_1_170' title='bbox 1971 2062 2123 2115; x_wconf 83' lang='grc' dir='ltr'><strong>ἐδού-</strong></span> 
     </span>
    </p>
   </div>
   <div class='ocr_carea' id='block_1_23' title="bbox 524 2141 2123 2219">
    <p class='ocr_par' dir='ltr' id='par_1_23' title="bbox 524 2141 2123 2219">
     <span class='ocr_line' id='line_1_23' title="bbox 524 2141 2123 2219; baseline -0.003 -18"><span class='ocrx_word' id='word_1_171' title='bbox 524 2152 756 2214; x_wconf 81' lang='grc' dir='ltr'><strong>λευσεν,</strong></span> <span class='ocrx_word' id='word_1_172' title='bbox 816 2151 845 2203; x_wconf 85' lang='lat'><strong>6</strong></span> <span class='ocrx_word' id='word_1_173' title='bbox 895 2149 953 2203; x_wconf 86' lang='grc' dir='ltr'><strong>δὲ</strong></span> <span class='ocrx_word' id='word_1_174' title='bbox 1010 2147 1341 2219; x_wconf 76' lang='grc' dir='ltr'><strong>ἐξηλαύνετο</strong></span> <span class='ocrx_word' id='word_1_175' title='bbox 1368 2186 1383 2210; x_wconf 88' lang='grc'><strong>,</strong></span> <span class='ocrx_word' id='word_1_176' title='bbox 1444 2141 1598 2209; x_wconf 78' lang='grc' dir='ltr'><strong>οὗτος</strong></span> <span class='ocrx_word' id='word_1_177' title='bbox 1630 2146 1687 2198; x_wconf 85' lang='grc' dir='ltr'><strong>δέ</strong></span> <span class='ocrx_word' id='word_1_178' title='bbox 1734 2147 1828 2197; x_wconf 72' lang='grc' dir='ltr'><strong>καὶ</strong></span> <span class='ocrx_word' id='word_1_179' title='bbox 1862 2145 2123 2211; x_wconf 78' lang='grc' dir='ltr'><strong>ἐξέπιπτε</strong></span> 
     </span>
    </p>
   </div>
   <div class='ocr_carea' id='block_1_24' title="bbox 527 2227 2125 2302">
    <p class='ocr_par' dir='ltr' id='par_1_24' title="bbox 527 2227 2125 2302">
     <span class='ocr_line' id='line_1_24' title="bbox 527 2227 2125 2302; baseline -0.002 -17"><span class='ocrx_word' id='word_1_180' title='bbox 527 2232 783 2295; x_wconf 82' lang='grc' dir='ltr'><strong>δεδοικώς</strong></span> <span class='ocrx_word' id='word_1_181' title='bbox 802 2246 817 2261; x_wconf 82' lang='grc'><em>’</em></span> <span class='ocrx_word' id='word_1_182' title='bbox 855 2232 948 2285; x_wconf 74' lang='grc' dir='ltr'><strong>καὶ</strong></span> <span class='ocrx_word' id='word_1_183' title='bbox 983 2232 1052 2285; x_wconf 81' lang='grc' dir='ltr'><strong>τά</strong></span> <span class='ocrx_word' id='word_1_184' title='bbox 1085 2232 1184 2302; x_wconf 80' lang='grc' dir='ltr'><strong>μὲν</strong></span> <span class='ocrx_word' id='word_1_185' title='bbox 1213 2227 1325 2283; x_wconf 84' lang='grc' dir='ltr'><strong>είλε</strong></span> <span class='ocrx_word' id='word_1_186' title='bbox 1354 2230 1599 2300; x_wconf 84' lang='grc' dir='ltr'><strong>πολέμῳ,</strong></span> <span class='ocrx_word' id='word_1_187' title='bbox 1630 2228 1700 2281; x_wconf 70' lang='grc' dir='ltr'><strong>τὰ</strong></span> <span class='ocrx_word' id='word_1_188' title='bbox 1723 2229 1800 2297; x_wconf 80' lang='grc' dir='ltr'><strong>δέ,</strong></span> <span class='ocrx_word' id='word_1_189' title='bbox 1833 2230 1883 2281; x_wconf 88' lang='grc' dir='ltr'><strong>εί</strong></span> <span class='ocrx_word' id='word_1_190' title='bbox 1915 2228 1990 2300; x_wconf 83' lang='grc' dir='ltr'><strong>μὴ</strong></span> <span class='ocrx_word' id='word_1_191' title='bbox 2020 2229 2125 2297; x_wconf 81' lang='grc' dir='ltr'><strong>τῆς</strong></span> 
     </span>
    </p>
   </div>
   <div class='ocr_carea' id='block_1_25' title="bbox 528 2312 2123 2387">
    <p class='ocr_par' dir='ltr' id='par_1_25' title="bbox 528 2312 2123 2387">
     <span class='ocr_line' id='line_1_25' title="bbox 528 2312 2123 2387; baseline -0.003 -18"><span class='ocrx_word' id='word_1_192' title='bbox 528 2316 626 2369; x_wconf 82' lang='grc' dir='ltr'><strong>τοῦ</strong></span> <span class='ocrx_word' id='word_1_193' title='bbox 679 2314 813 2369; x_wconf 84' lang='grc' dir='ltr'><strong>Θεοῦ</strong></span> <span class='ocrx_word' id='word_1_194' title='bbox 864 2315 1039 2387; x_wconf 68' lang='grc' dir='ltr'><strong>ῥοπῆς</strong></span> <span class='ocrx_word' id='word_1_195' title='bbox 1088 2316 1321 2384; x_wconf 70' lang='grc' dir='ltr'><strong>ἔτυχεν,</strong></span> <span class='ocrx_word' id='word_1_196' title='bbox 1377 2312 1625 2367; x_wconf 79' lang='grc' dir='ltr'><strong>ἀπώλετο</strong></span> <span class='ocrx_word' id='word_1_197' title='bbox 1657 2314 1742 2367; x_wconf 84' lang='grc' dir='ltr'><strong>ἀν.</strong></span> <span class='ocrx_word' id='word_1_198' title='bbox 1788 2314 1939 2367; x_wconf 58' lang='grc' dir='ltr'><strong>’Διά</strong></span> <span class='ocrx_word' id='word_1_199' title='bbox 1965 2313 2123 2366; x_wconf 80' lang='grc' dir='ltr'><strong>τοῦτό</strong></span> 
     </span>
    </p>
   </div>
   <div class='ocr_carea' id='block_1_26' title="bbox 531 2388 2125 2470">
    <p class='ocr_par' dir='ltr' id='par_1_26' title="bbox 531 2388 2125 2470">
     <span class='ocr_line' id='line_1_26' title="bbox 531 2388 2125 2470; baseline -0.003 -18"><span class='ocrx_word' id='word_1_200' title='bbox 531 2416 723 2470; x_wconf 76' lang='grc' dir='ltr'><strong>φησιν,</strong></span> <span class='ocrx_word' id='word_1_201' title='bbox 755 2400 837 2452; x_wconf 82' lang='grc' dir='ltr'><strong>ὅτι</strong></span> <span class='ocrx_word' id='word_1_202' title='bbox 870 2399 1033 2453; x_wconf 82' lang='grc' dir='ltr'><strong>Μετὰ</strong></span> <span class='ocrx_word' id='word_1_203' title='bbox 1062 2396 1183 2453; x_wconf 84' lang='grc' dir='ltr'><strong>τῶν</strong></span> <span class='ocrx_word' id='word_1_204' title='bbox 1210 2398 1605 2466; x_wconf 80' lang='grc' dir='ltr'><strong>κληρονόμων</strong></span> <span class='ocrx_word' id='word_1_205' title='bbox 1630 2388 2125 2466; x_wconf 42' lang='grc' dir='ltr'><strong>τῆςίὲπαγγειιάς</strong></span> 
     </span>
    </p>
   </div>
   <div class='ocr_carea' id='block_1_27' title="bbox 524 2479 2124 2553">
    <p class='ocr_par' dir='ltr' id='par_1_27' title="bbox 524 2479 2124 2553">
     <span class='ocr_line' id='line_1_27' title="bbox 524 2479 2124 2553; baseline -0.004 -14"><span class='ocrx_word' id='word_1_206' title='bbox 524 2483 633 2551; x_wconf 77' lang='grc' dir='ltr'><strong>τῆς</strong></span> <span class='ocrx_word' id='word_1_207' title='bbox 679 2482 892 2552; x_wconf 81' lang='grc' dir='ltr'><strong>αὐτῆς.</strong></span> <span class='ocrx_word' id='word_1_208' title='bbox 953 2479 1089 2553; x_wconf 75' lang='grc' dir='ltr'><strong>Οὐχὶ</strong></span> <span class='ocrx_word' id='word_1_209' title='bbox 1147 2482 1311 2543; x_wconf 76' lang='grc' dir='ltr'><strong>αὐτὸς</strong></span> <span class='ocrx_word' id='word_1_210' title='bbox 1362 2481 1549 2551; x_wconf 84' lang='grc' dir='ltr'><strong>μόνος,</strong></span> <span class='ocrx_word' id='word_1_211' title='bbox 1602 2480 1791 2550; x_wconf 75' lang='grc' dir='ltr'><strong>φησὶν,</strong></span> <span class='ocrx_word' id='word_1_212' title='bbox 1844 2479 1982 2532; x_wconf 85' lang='grc' dir='ltr'><strong>ἀλλά</strong></span> <span class='ocrx_word' id='word_1_213' title='bbox 2029 2482 2124 2533; x_wconf 74' lang='grc' dir='ltr'><strong>καὶ</strong></span> 
     </span>
    </p>
   </div>
   <div class='ocr_carea' id='block_1_28' title="bbox 523 2559 2122 2639">
    <p class='ocr_par' dir='ltr' id='par_1_28' title="bbox 523 2559 2122 2639">
     <span class='ocr_line' id='line_1_28' title="bbox 523 2559 2122 2639; baseline -0.004 -17"><span class='ocrx_word' id='word_1_214' title='bbox 523 2569 576 2622; x_wconf 87' lang='grc' dir='ltr'><strong>οί</strong></span> <span class='ocrx_word' id='word_1_215' title='bbox 621 2567 971 2639; x_wconf 82' lang='grc' dir='ltr'><strong>κληρονόμοι.</strong></span> <span class='ocrx_word' id='word_1_216' title='bbox 1038 2559 1174 2619; x_wconf 81' lang='grc' dir='ltr'><strong>Εἶτα</strong></span> <span class='ocrx_word' id='word_1_217' title='bbox 1227 2566 1322 2617; x_wconf 78' lang='grc' dir='ltr'><strong>καὶ</strong></span> <span class='ocrx_word' id='word_1_218' title='bbox 1367 2564 1553 2636; x_wconf 71' lang='grc' dir='ltr'><strong>ἕτερόν</strong></span> <span class='ocrx_word' id='word_1_219' title='bbox 1584 2580 1636 2615; x_wconf 90' lang='grc' dir='ltr'><strong>τι</strong></span> <span class='ocrx_word' id='word_1_220' title='bbox 1675 2564 1785 2616; x_wconf 87' lang='grc' dir='ltr'><strong>τῶν</strong></span> <span class='ocrx_word' id='word_1_221' title='bbox 1816 2564 2122 2633; x_wconf 78' lang='grc' dir='ltr'><strong>εἰρημένων</strong></span> 
     </span>
    </p>
   </div>
   <div class='ocr_carea' id='block_1_29' title="bbox 524 2646 2126 2722">
    <p class='ocr_par' dir='ltr' id='par_1_29' title="bbox 524 2646 2126 2722">
     <span class='ocr_line' id='line_1_29' title="bbox 524 2646 2126 2722; baseline -0.002 -19"><span class='ocrx_word' id='word_1_222' title='bbox 524 2652 853 2722; x_wconf 83' lang='grc' dir='ltr'><strong>τρανότερον</strong></span> <span class='ocrx_word' id='word_1_223' title='bbox 884 2650 1132 2721; x_wconf 87' lang='grc' dir='ltr'><strong>ἐπήγαγε</strong></span> <span class='ocrx_word' id='word_1_224' title='bbox 1160 2648 1355 2717; x_wconf 78' lang='grc' dir='ltr'><strong>λέγων’</strong></span> <span class='ocrx_word' id='word_1_225' title='bbox 1393 2646 1556 2701; x_wconf 84' lang='grc' dir='ltr'><strong>Κατὰ</strong></span> <span class='ocrx_word' id='word_1_226' title='bbox 1585 2647 1794 2700; x_wconf 80' lang='grc' dir='ltr'><strong>πίστιν</strong></span> <span class='ocrx_word' id='word_1_227' title='bbox 1820 2648 2126 2701; x_wconf 78' lang='grc' dir='ltr'><strong>ἀπέθανον</strong></span> 
     </span>
    </p>
   </div>
   <div class='ocr_carea' id='block_1_30' title="bbox 526 2730 2122 2803">
    <p class='ocr_par' dir='ltr' id='par_1_30' title="bbox 526 2730 2122 2803">
     <span class='ocr_line' id='line_1_30' title="bbox 526 2730 2122 2803; baseline -0.004 -12"><span class='ocrx_word' id='word_1_228' title='bbox 526 2733 697 2792; x_wconf 72' lang='grc' dir='ltr'><strong>οὗτοι</strong></span> <span class='ocrx_word' id='word_1_229' title='bbox 745 2734 994 2801; x_wconf 79' lang='grc' dir='ltr'><strong>πάντες,</strong></span> <span class='ocrx_word' id='word_1_230' title='bbox 1043 2731 1129 2803; x_wconf 82' lang='grc' dir='ltr'><strong>μὴ</strong></span> <span class='ocrx_word' id='word_1_231' title='bbox 1172 2730 1566 2801; x_wconf 80' lang='grc' dir='ltr'><strong>κομισάμενοι</strong></span> <span class='ocrx_word' id='word_1_232' title='bbox 1605 2731 1710 2796; x_wconf 81' lang='grc' dir='ltr'><strong>τὰς</strong></span> <span class='ocrx_word' id='word_1_233' title='bbox 1738 2730 2122 2801; x_wconf 73' lang='grc' dir='ltr'><strong>ἐπαγγελίας.</strong></span> 
     </span>
    </p>
   </div>
   <div class='ocr_carea' id='block_1_31' title="bbox 525 2812 2127 2891">
    <p class='ocr_par' dir='ltr' id='par_1_31' title="bbox 525 2812 2127 2891">
     <span class='ocr_line' id='line_1_31' title="bbox 525 2812 2127 2891; baseline -0.006 -17"><span class='ocrx_word' id='word_1_234' title='bbox 525 2822 631 2874; x_wconf 86' lang='grc' dir='ltr'><strong>Δύο</strong></span> <span class='ocrx_word' id='word_1_235' title='bbox 662 2818 896 2873; x_wconf 84' lang='grc' dir='ltr'><strong>ἐνταῦθα</strong></span> <span class='ocrx_word' id='word_1_236' title='bbox 922 2819 1157 2891; x_wconf 80' lang='grc' dir='ltr'><strong>ζητῆσαι</strong></span> <span class='ocrx_word' id='word_1_237' title='bbox 1184 2815 1358 2882; x_wconf 79' lang='grc' dir='ltr'><strong>ἀξιον,</strong></span> <span class='ocrx_word' id='word_1_238' title='bbox 1379 2813 1496 2877; x_wconf 91' lang='grc' dir='ltr'><strong>πῶς</strong></span> <span class='ocrx_word' id='word_1_239' title='bbox 1522 2812 1715 2879; x_wconf 84' lang='grc' dir='ltr'><strong>εἰπὼν,</strong></span> <span class='ocrx_word' id='word_1_240' title='bbox 1734 2814 1818 2866; x_wconf 84' lang='grc' dir='ltr'><strong>ὅτι</strong></span> <span class='ocrx_word' id='word_1_241' title='bbox 1839 2812 2127 2884; x_wconf 83' lang='grc' dir='ltr'><strong>Μετέθηκε</strong></span> 
     </span>
    </p>
   </div>
   <div class='ocr_carea' id='block_1_32' title="bbox 527 2894 2124 2973">
    <p class='ocr_par' dir='ltr' id='par_1_32' title="bbox 527 2894 2124 2973">
     <span class='ocr_line' id='line_1_32' title="bbox 527 2894 2124 2973; baseline -0.007 -16"><span class='ocrx_word' id='word_1_242' title='bbox 527 2905 620 2957; x_wconf 87' lang='grc' dir='ltr'><strong>τὸν</strong></span> <span class='ocrx_word' id='word_1_243' title='bbox 654 2901 848 2973; x_wconf 82' lang='grc' dir='ltr'><strong>Ἑνὼχ,</strong></span> <span class='ocrx_word' id='word_1_244' title='bbox 879 2900 974 2953; x_wconf 77' lang='grc' dir='ltr'><strong>τοῦ</strong></span> <span class='ocrx_word' id='word_1_245' title='bbox 1010 2900 1085 2971; x_wconf 82' lang='grc' dir='ltr'><strong>μὴ</strong></span> <span class='ocrx_word' id='word_1_246' title='bbox 1117 2900 1247 2953; x_wconf 79' lang='grc' dir='ltr'><strong>ἰδεῖν</strong></span> <span class='ocrx_word' id='word_1_247' title='bbox 1278 2896 1532 2961; x_wconf 85' lang='grc' dir='ltr'><strong>θάνατον,</strong></span> <span class='ocrx_word' id='word_1_248' title='bbox 1567 2897 1663 2949; x_wconf 76' lang='grc' dir='ltr'><strong>καὶ</strong></span> <span class='ocrx_word' id='word_1_249' title='bbox 1691 2897 1790 2967; x_wconf 84' lang='grc' dir='ltr'><strong>οὐχ</strong></span> <span class='ocrx_word' id='word_1_250' title='bbox 1816 2894 2124 2966; x_wconf 80' lang='grc' dir='ltr'><strong>εὑρίσκετο,</strong></span> 
     </span>
    </p>
   </div>
   <div class='ocr_carea' id='block_1_33' title="bbox 528 2975 2129 3056">
    <p class='ocr_par' dir='ltr' id='par_1_33' title="bbox 528 2975 2129 3056">
     <span class='ocr_line' id='line_1_33' title="bbox 528 2975 2129 3056; baseline -0.005 -17"><span class='ocrx_word' id='word_1_251' title='bbox 528 2989 713 3056; x_wconf 79' lang='grc' dir='ltr'><strong>λέγει·</strong></span> <span class='ocrx_word' id='word_1_252' title='bbox 751 2985 911 3041; x_wconf 75' lang='grc' dir='ltr'><strong>Κατὰ</strong></span> <span class='ocrx_word' id='word_1_253' title='bbox 959 2984 1171 3037; x_wconf 77' lang='grc' dir='ltr'><strong>πίστιν</strong></span> <span class='ocrx_word' id='word_1_254' title='bbox 1195 2979 1504 3036; x_wconf 80' lang='grc' dir='ltr'><strong>ἀπέθανον</strong></span> <span class='ocrx_word' id='word_1_255' title='bbox 1527 2975 1695 3035; x_wconf 86' lang='grc' dir='ltr'><strong>οὗτοι</strong></span> <span class='ocrx_word' id='word_1_256' title='bbox 1720 2979 1967 3044; x_wconf 84' lang='grc' dir='ltr'><strong>πάντες.</strong></span> <span class='ocrx_word' id='word_1_257' title='bbox 2016 2979 2129 3031; x_wconf 68' lang='grc' dir='ltr'><strong>Καὶ</strong></span> 
     </span>
    </p>
   </div>
   <div class='ocr_carea' id='block_1_34' title="bbox 531 3062 2126 3135">
    <p class='ocr_par' dir='ltr' id='par_1_34' title="bbox 531 3062 2126 3135">
     <span class='ocr_line' id='line_1_34' title="bbox 531 3062 2126 3135; baseline -0.006 -11"><span class='ocrx_word' id='word_1_258' title='bbox 531 3073 693 3126; x_wconf 77' lang='grc' dir='ltr'><strong>πάλιν</strong></span> <span class='ocrx_word' id='word_1_259' title='bbox 745 3066 953 3122; x_wconf 77' lang='grc' dir='ltr'><strong>εἰπών’</strong></span> <span class='ocrx_word' id='word_1_260' title='bbox 1005 3067 1102 3135; x_wconf 75' lang='grc' dir='ltr'><strong>Μὴ</strong></span> <span class='ocrx_word' id='word_1_261' title='bbox 1149 3063 1543 3135; x_wconf 80' lang='grc' dir='ltr'><strong>κομισάμενοι</strong></span> <span class='ocrx_word' id='word_1_262' title='bbox 1590 3062 1698 3129; x_wconf 81' lang='grc' dir='ltr'><strong>τὰς</strong></span> <span class='ocrx_word' id='word_1_263' title='bbox 1742 3063 2126 3133; x_wconf 80' lang='grc' dir='ltr'><strong>ἐπαγγελίας,</strong></span> 
     </span>
    </p>
   </div>
   <div class='ocr_carea' id='block_1_35' title="bbox 531 3145 2129 3219">
    <p class='ocr_par' dir='ltr' id='par_1_35' title="bbox 531 3145 2129 3219">
     <span class='ocr_line' id='line_1_35' title="bbox 531 3145 2129 3219; baseline -0.004 -12"><span class='ocrx_word' id='word_1_264' title='bbox 531 3156 622 3209; x_wconf 87' lang='grc' dir='ltr'><strong>τὸν</strong></span> <span class='ocrx_word' id='word_1_265' title='bbox 672 3152 797 3208; x_wconf 83' lang='grc' dir='ltr'><strong>Νῶε</strong></span> <span class='ocrx_word' id='word_1_266' title='bbox 852 3150 1125 3205; x_wconf 85' lang='grc' dir='ltr'><strong>δείκνυσιν</strong></span> <span class='ocrx_word' id='word_1_267' title='bbox 1175 3147 1458 3218; x_wconf 79' lang='grc' dir='ltr'><strong>εἰληφέναι</strong></span> <span class='ocrx_word' id='word_1_268' title='bbox 1496 3145 1686 3217; x_wconf 85' lang='grc' dir='ltr'><strong>μισθὸν</strong></span> <span class='ocrx_word' id='word_1_269' title='bbox 1740 3147 1819 3209; x_wconf 86' lang='grc' dir='ltr'><strong>είς</strong></span> <span class='ocrx_word' id='word_1_270' title='bbox 1850 3145 2129 3219; x_wconf 78' lang='grc' dir='ltr'><strong>σωτηρίαν</strong></span> 
     </span>
    </p>
   </div>
   <div class='ocr_carea' id='block_1_36' title="bbox 529 3224 2129 3303">
    <p class='ocr_par' dir='ltr' id='par_1_36' title="bbox 529 3224 2129 3303">
     <span class='ocr_line' id='line_1_36' title="bbox 529 3224 2129 3303; baseline -0.006 -10"><span class='ocrx_word' id='word_1_271' title='bbox 529 3238 624 3293; x_wconf 78' lang='grc' dir='ltr'><strong>τοῦ</strong></span> <span class='ocrx_word' id='word_1_272' title='bbox 654 3238 806 3291; x_wconf 86' lang='grc' dir='ltr'><strong>οῖκου</strong></span> <span class='ocrx_word' id='word_1_273' title='bbox 837 3234 1008 3289; x_wconf 81' lang='grc' dir='ltr'><strong>αὑτοῦ</strong></span> <span class='ocrx_word' id='word_1_274' title='bbox 1030 3276 1045 3299; x_wconf 89' lang='grc'><strong>,</strong></span> <span class='ocrx_word' id='word_1_275' title='bbox 1104 3234 1199 3288; x_wconf 72' lang='grc' dir='ltr'><strong>καὶ</strong></span> <span class='ocrx_word' id='word_1_276' title='bbox 1228 3234 1321 3287; x_wconf 89' lang='grc' dir='ltr'><strong>τὸν</strong></span> <span class='ocrx_word' id='word_1_277' title='bbox 1360 3230 1529 3303; x_wconf 83' lang='grc' dir='ltr'><strong>Ἑνὼχ</strong></span> <span class='ocrx_word' id='word_1_278' title='bbox 1563 3230 2000 3301; x_wconf 84' lang='grc' dir='ltr'><strong>μετατεθεῖσθαι,</strong></span> <span class='ocrx_word' id='word_1_279' title='bbox 2035 3224 2129 3285; x_wconf 70' lang='grc' dir='ltr'><strong>καὶ</strong></span> 
     </span>
    </p>
   </div>
   <div class='ocr_carea' id='block_1_37' title="bbox 531 3313 2130 3384">
    <p class='ocr_par' dir='ltr' id='par_1_37' title="bbox 531 3313 2130 3384">
     <span class='ocr_line' id='line_1_37' title="bbox 531 3313 2130 3384; baseline -0.006 -7"><span class='ocrx_word' id='word_1_280' title='bbox 531 3324 621 3378; x_wconf 86' lang='grc' dir='ltr'><strong>τὸν</strong></span> <span class='ocrx_word' id='word_1_281' title='bbox 653 3321 819 3375; x_wconf 83' lang='grc' dir='ltr'><strong>Ἀϐελ</strong></span> <span class='ocrx_word' id='word_1_282' title='bbox 848 3319 927 3372; x_wconf 82' lang='grc' dir='ltr'><strong>ἐτι</strong></span> <span class='ocrx_word' id='word_1_283' title='bbox 954 3317 1141 3373; x_wconf 86' lang='grc' dir='ltr'><strong>λαϐεῖν</strong></span> <span class='ocrx_word' id='word_1_284' title='bbox 1166 3358 1183 3383; x_wconf 93' lang='grc'><strong>,</strong></span> <span class='ocrx_word' id='word_1_285' title='bbox 1242 3317 1338 3371; x_wconf 76' lang='grc' dir='ltr'><strong>καὶ</strong></span> <span class='ocrx_word' id='word_1_286' title='bbox 1382 3315 1479 3368; x_wconf 93' lang='grc' dir='ltr'><strong>τὸν</strong></span> <span class='ocrx_word' id='word_1_287' title='bbox 1518 3314 1769 3384; x_wconf 78' lang='grc' dir='ltr'><strong>Ἀϐραὰμ</strong></span> <span class='ocrx_word' id='word_1_288' title='bbox 1800 3313 2130 3383; x_wconf 71' lang='grc' dir='ltr'><strong>ἐπειλῆφθαι</strong></span> 
     </span>
    </p>
   </div>
   <div class='ocr_carea' id='block_1_38' title="bbox 531 3393 2131 3476">
    <p class='ocr_par' dir='ltr' id='par_1_38' title="bbox 531 3393 2131 3476">
     <span class='ocr_line' id='line_1_38' title="bbox 531 3393 2131 3476; baseline -0.008 -15"><span class='ocrx_word' id='word_1_289' title='bbox 531 3407 631 3475; x_wconf 80' lang='grc' dir='ltr'><strong>τῆς</strong></span> <span class='ocrx_word' id='word_1_290' title='bbox 657 3405 762 3476; x_wconf 78' lang='grc' dir='ltr'><strong>γῆς</strong></span> <span class='ocrx_word' id='word_1_291' title='bbox 788 3420 801 3434; x_wconf 93' lang='grc'><strong>·</strong></span> <span class='ocrx_word' id='word_1_292' title='bbox 857 3402 948 3456; x_wconf 87' lang='grc' dir='ltr'><strong>καί</strong></span> <span class='ocrx_word' id='word_1_293' title='bbox 1001 3416 1168 3473; x_wconf 67' lang='grc' dir='ltr'><strong>φησι*</strong></span> <span class='ocrx_word' id='word_1_294' title='bbox 1204 3399 1367 3454; x_wconf 83' lang='grc' dir='ltr'><strong>Κατὰ</strong></span> <span class='ocrx_word' id='word_1_295' title='bbox 1394 3400 1604 3452; x_wconf 86' lang='grc' dir='ltr'><strong>πίστιν</strong></span> <span class='ocrx_word' id='word_1_296' title='bbox 1629 3398 1935 3452; x_wconf 83' lang='grc' dir='ltr'><strong>ἀπέθανον</strong></span> <span class='ocrx_word' id='word_1_297' title='bbox 1963 3393 2131 3452; x_wconf 84' lang='grc' dir='ltr'><strong>οὗτοι</strong></span> 
     </span>
    </p>
   </div>
   <div class='ocr_carea' id='block_1_39' title="bbox 532 3480 2127 3559">
    <p class='ocr_par' dir='ltr' id='par_1_39' title="bbox 532 3480 2127 3559">
     <span class='ocr_line' id='line_1_39' title="bbox 532 3480 2127 3559; baseline -0.004 -15"><span class='ocrx_word' id='word_1_298' title='bbox 532 3490 756 3555; x_wconf 77' lang='grc' dir='ltr'><strong>πάντες</strong></span> <span class='ocrx_word' id='word_1_299' title='bbox 777 3527 794 3552; x_wconf 95' lang='grc'><strong>,</strong></span> <span class='ocrx_word' id='word_1_300' title='bbox 853 3484 1006 3559; x_wconf 59' lang='lat' dir='ltr'><strong>[ili]</strong></span> <span class='ocrx_word' id='word_1_301' title='bbox 1051 3484 1138 3554; x_wconf 76' lang='grc' dir='ltr'><strong>μὴ</strong></span> <span class='ocrx_word' id='word_1_302' title='bbox 1179 3483 1573 3552; x_wconf 79' lang='grc' dir='ltr'><strong>κομισάμενοι</strong></span> <span class='ocrx_word' id='word_1_303' title='bbox 1604 3482 1712 3548; x_wconf 86' lang='grc' dir='ltr'><strong>τὰς</strong></span> <span class='ocrx_word' id='word_1_304' title='bbox 1739 3480 2127 3549; x_wconf 75' lang='grc' dir='ltr'><strong>ἐπαγγελίας.</strong></span> 
     </span>
    </p>
   </div>
   <div class='ocr_carea' id='block_1_40' title="bbox 534 3563 2129 3639">
    <p class='ocr_par' dir='ltr' id='par_1_40' title="bbox 534 3563 2129 3639">
     <span class='ocr_line' id='line_1_40' title="bbox 534 3563 2129 3639; baseline -0.008 -11"><span class='ocrx_word' id='word_1_305' title='bbox 534 3574 601 3627; x_wconf 83' lang='grc' dir='ltr'><strong>Τί</strong></span> <span class='ocrx_word' id='word_1_306' title='bbox 640 3567 733 3627; x_wconf 77' lang='grc' dir='ltr'><strong>οὖν</strong></span> <span class='ocrx_word' id='word_1_307' title='bbox 783 3572 930 3622; x_wconf 86' lang='grc' dir='ltr'><strong>ἐστιν</strong></span> <span class='ocrx_word' id='word_1_308' title='bbox 964 3568 992 3621; x_wconf 80' lang='grc' dir='ltr'><strong>δ</strong></span> <span class='ocrx_word' id='word_1_309' title='bbox 1020 3567 1201 3636; x_wconf 80' lang='grc' dir='ltr'><strong>λέγεις</strong></span> <span class='ocrx_word' id='word_1_310' title='bbox 1246 3568 1572 3632; x_wconf 82' lang='grc' dir='ltr'><strong>Ἀναγκαῖον</strong></span> <span class='ocrx_word' id='word_1_311' title='bbox 1609 3566 1671 3617; x_wconf 91' lang='grc' dir='ltr'><strong>τὸ</strong></span> <span class='ocrx_word' id='word_1_312' title='bbox 1701 3564 1917 3639; x_wconf 83' lang='grc' dir='ltr'><strong>πρῶτον</strong></span> <span class='ocrx_word' id='word_1_313' title='bbox 1946 3563 2129 3631; x_wconf 85' lang='grc' dir='ltr'><strong>λῦσαι,</strong></span> 
     </span>
    </p>
   </div>
   <div class='ocr_carea' id='block_1_41' title="bbox 539 3647 2127 3722">
    <p class='ocr_par' dir='ltr' id='par_1_41' title="bbox 539 3647 2127 3722">
     <span class='ocr_line' id='line_1_41' title="bbox 539 3647 2127 3722; baseline -0.005 -14"><span class='ocrx_word' id='word_1_314' title='bbox 539 3652 658 3708; x_wconf 69' lang='grc' dir='ltr'><strong>εἶτα</strong></span> <span class='ocrx_word' id='word_1_315' title='bbox 699 3655 762 3707; x_wconf 85' lang='grc' dir='ltr'><strong>τὸ</strong></span> <span class='ocrx_word' id='word_1_316' title='bbox 809 3650 1077 3722; x_wconf 89' lang='grc' dir='ltr'><strong>δεύτερον.</strong></span> <span class='ocrx_word' id='word_1_317' title='bbox 1137 3647 1299 3704; x_wconf 82' lang='grc' dir='ltr'><strong>Κατὰ</strong></span> <span class='ocrx_word' id='word_1_318' title='bbox 1333 3647 1541 3702; x_wconf 85' lang='grc' dir='ltr'><strong>πίστιν</strong></span> <span class='ocrx_word' id='word_1_319' title='bbox 1569 3647 1893 3707; x_wconf 82' lang='grc' dir='ltr'><strong>ἀπέθανον.</strong></span> <span class='ocrx_word' id='word_1_320' title='bbox 1940 3647 2127 3718; x_wconf 68' lang='grc' dir='ltr'><strong>φησιν,</strong></span> 
     </span>
    </p>
   </div>
   <div class='ocr_carea' id='block_1_42' title="bbox 539 3728 2131 3803">
    <p class='ocr_par' dir='ltr' id='par_1_42' title="bbox 539 3728 2131 3803">
     <span class='ocr_line' id='line_1_42' title="bbox 539 3728 2131 3803; baseline -0.006 -10"><span class='ocrx_word' id='word_1_321' title='bbox 539 3734 706 3793; x_wconf 83' lang='grc' dir='ltr'><strong>οὗτοι</strong></span> <span class='ocrx_word' id='word_1_322' title='bbox 756 3734 1001 3803; x_wconf 77' lang='grc' dir='ltr'><strong>πάντες.</strong></span> <span class='ocrx_word' id='word_1_323' title='bbox 1063 3734 1156 3797; x_wconf 89' lang='grc' dir='ltr'><strong>Τὸ,</strong></span> <span class='ocrx_word' id='word_1_324' title='bbox 1205 3731 1457 3798; x_wconf 85' lang='grc' dir='ltr'><strong>Πάντες,</strong></span> <span class='ocrx_word' id='word_1_325' title='bbox 1517 3732 1753 3787; x_wconf 81' lang='grc' dir='ltr'><strong>ἐνταῦθα</strong></span> <span class='ocrx_word' id='word_1_326' title='bbox 1796 3728 1973 3797; x_wconf 85' lang='grc' dir='ltr'><strong>εἶπεν,</strong></span> <span class='ocrx_word' id='word_1_327' title='bbox 2032 3732 2131 3784; x_wconf 83' lang='grc' dir='ltr'><strong>οὐκ</strong></span> 
     </span>
    </p>
   </div>
   <div class='ocr_carea' id='block_1_43' title="bbox 539 3813 2129 3891">
    <p class='ocr_par' dir='ltr' id='par_1_43' title="bbox 539 3813 2129 3891">
     <span class='ocr_line' id='line_1_43' title="bbox 539 3813 2129 3891; baseline -0.006 -16"><span class='ocrx_word' id='word_1_328' title='bbox 539 3822 729 3891; x_wconf 83' lang='grc' dir='ltr'><strong>ἐπειδὴ</strong></span> <span class='ocrx_word' id='word_1_329' title='bbox 780 3822 979 3881; x_wconf 86' lang='grc' dir='ltr'><strong>πάντες</strong></span> <span class='ocrx_word' id='word_1_330' title='bbox 1027 3818 1296 3872; x_wconf 73' lang='grc' dir='ltr'><strong>ἀπέθανον</strong></span> <span class='ocrx_word' id='word_1_331' title='bbox 1322 3858 1337 3882; x_wconf 89' lang='grc'><strong>,</strong></span> <span class='ocrx_word' id='word_1_332' title='bbox 1393 3815 1510 3869; x_wconf 84' lang='grc' dir='ltr'><strong>ἀλλ’</strong></span> <span class='ocrx_word' id='word_1_333' title='bbox 1543 3814 1735 3885; x_wconf 87' lang='grc' dir='ltr'><strong>ἐπειδὴ</strong></span> <span class='ocrx_word' id='word_1_334' title='bbox 1789 3813 2129 3885; x_wconf 74' lang='grc' dir='ltr'><strong>ἐξῃρημένον</strong></span> 
     </span>
    </p>
   </div>
   <div class='ocr_carea' id='block_1_44' title="bbox 536 3894 2123 3967">
    <p class='ocr_par' dir='ltr' id='par_1_44' title="bbox 536 3894 2123 3967">
     <span class='ocr_line' id='line_1_44' title="bbox 536 3894 2123 3967; baseline -0.008 -6"><span class='ocrx_word' id='word_1_335' title='bbox 536 3907 773 3967; x_wconf 90' lang='grc' dir='ltr'><strong>ἐκείνου,</strong></span> <span class='ocrx_word' id='word_1_336' title='bbox 810 3902 1081 3956; x_wconf 81' lang='grc' dir='ltr'><strong>ἀπέθανον</strong></span> <span class='ocrx_word' id='word_1_337' title='bbox 1112 3894 1259 3954; x_wconf 69' lang='grc' dir='ltr'><strong>οὗτοι</strong></span> <span class='ocrx_word' id='word_1_338' title='bbox 1292 3901 1514 3964; x_wconf 76' lang='grc' dir='ltr'><strong>πάντες,</strong></span> <span class='ocrx_word' id='word_1_339' title='bbox 1551 3896 1647 3961; x_wconf 79' lang='grc' dir='ltr'><strong>οὓς</strong></span> <span class='ocrx_word' id='word_1_340' title='bbox 1679 3898 1837 3967; x_wconf 76' lang='grc' dir='ltr'><strong>ἴσμεν</strong></span> <span class='ocrx_word' id='word_1_341' title='bbox 1867 3896 2123 3967; x_wconf 80' lang='grc' dir='ltr'><strong>τεθνηκό·</strong></span> 
     </span>
    </p>
   </div>
   <div class='ocr_carea' id='block_1_45' title="bbox 535 3980 2125 4055">
    <p class='ocr_par' dir='ltr' id='par_1_45' title="bbox 535 3980 2125 4055">
     <span class='ocr_line' id='line_1_45' title="bbox 535 3980 2125 4055; baseline -0.008 -10"><span class='ocrx_word' id='word_1_342' title='bbox 535 4008 654 4054; x_wconf 90' lang='grc' dir='ltr'><strong>τας.</strong></span> <span class='ocrx_word' id='word_1_343' title='bbox 716 3988 792 4041; x_wconf 89' lang='grc' dir='ltr'><strong>Τὸ</strong></span> <span class='ocrx_word' id='word_1_344' title='bbox 839 3987 896 4040; x_wconf 83' lang='grc' dir='ltr'><strong>δὲ</strong></span> <span class='ocrx_word' id='word_1_345' title='bbox 926 4028 941 4052; x_wconf 91' lang='grc'><strong>,</strong></span> <span class='ocrx_word' id='word_1_346' title='bbox 997 3988 1094 4053; x_wconf 79' lang='grc' dir='ltr'><strong>Μὴ</strong></span> <span class='ocrx_word' id='word_1_347' title='bbox 1148 3983 1541 4055; x_wconf 81' lang='grc' dir='ltr'><strong>κομισάμενοι</strong></span> <span class='ocrx_word' id='word_1_348' title='bbox 1594 3982 1701 4047; x_wconf 84' lang='grc' dir='ltr'><strong>τὰς</strong></span> <span class='ocrx_word' id='word_1_349' title='bbox 1747 3980 2125 4049; x_wconf 71' lang='grc' dir='ltr'><strong>ἐπαγγελίας,</strong></span> 
     </span>
    </p>
   </div>
   <div class='ocr_carea' id='block_1_46' title="bbox 538 4060 2127 4146">
    <p class='ocr_par' dir='ltr' id='par_1_46' title="bbox 538 4060 2127 4146">
     <span class='ocr_line' id='line_1_46' title="bbox 538 4060 2127 4146; baseline -0.008 -16"><span class='ocrx_word' id='word_1_350' title='bbox 538 4074 736 4146; x_wconf 79' lang='grc' dir='ltr'><strong>ἀληθὲς</strong></span> <span class='ocrx_word' id='word_1_351' title='bbox 784 4072 1082 4142; x_wconf 75' lang='grc' dir='ltr'><strong>τυγχάνει·</strong></span> <span class='ocrx_word' id='word_1_352' title='bbox 1144 4070 1207 4122; x_wconf 84' lang='grc' dir='ltr'><strong>οὐ</strong></span> <span class='ocrx_word' id='word_1_353' title='bbox 1256 4069 1366 4139; x_wconf 74' lang='grc' dir='ltr'><strong>γὰρ</strong></span> <span class='ocrx_word' id='word_1_354' title='bbox 1419 4068 1486 4139; x_wconf 84' lang='grc' dir='ltr'><strong>δὴ</strong></span> <span class='ocrx_word' id='word_1_355' title='bbox 1534 4065 1691 4120; x_wconf 83' lang='grc' dir='ltr'><strong>τοῦτο</strong></span> <span class='ocrx_word' id='word_1_356' title='bbox 1733 4064 1957 4136; x_wconf 76' lang='grc' dir='ltr'><strong>ἔμελλεν</strong></span> <span class='ocrx_word' id='word_1_357' title='bbox 1986 4060 2127 4120; x_wconf 78' lang='grc' dir='ltr'><strong>εἶναι</strong></span> 
     </span>
    </p>
   </div>
   <div class='ocr_carea' id='block_1_47' title="bbox 540 4152 1192 4229">
    <p class='ocr_par' dir='ltr' id='par_1_47' title="bbox 540 4152 1192 4229">
     <span class='ocr_line' id='line_1_47' title="bbox 540 4152 1192 4229; baseline -0.009 -17"><span class='ocrx_word' id='word_1_358' title='bbox 540 4160 575 4229; x_wconf 77' lang='grc' dir='ltr'>ἡ</span> <span class='ocrx_word' id='word_1_359' title='bbox 607 4152 909 4225; x_wconf 74' lang='grc' dir='ltr'><strong>ἐπαγγελία</strong></span> <span class='ocrx_word' id='word_1_360' title='bbox 940 4152 1018 4225; x_wconf 83' lang='grc' dir='ltr'><strong>τῷ</strong></span> <span class='ocrx_word' id='word_1_361' title='bbox 1046 4152 1192 4206; x_wconf 88' lang='grc' dir='ltr'><strong>Νῶε.</strong></span> 
     </span>
    </p>
   </div>
   <div class='ocr_carea' id='block_1_48' title="bbox 613 4324 2129 4406">
    <p class='ocr_par' dir='ltr' id='par_1_48' title="bbox 613 4324 2129 4406">
     <span class='ocr_line' id='line_1_48' title="bbox 613 4324 2129 4406; baseline -0.006 -18"><span class='ocrx_word' id='word_1_362' title='bbox 613 4336 675 4406; x_wconf 86' lang='grc' dir='ltr'><strong>β’.</strong></span> <span class='ocrx_word' id='word_1_363' title='bbox 694 4333 860 4395; x_wconf 85' lang='grc' dir='ltr'><strong>Ποίας</strong></span> <span class='ocrx_word' id='word_1_364' title='bbox 881 4331 937 4384; x_wconf 86' lang='grc' dir='ltr'><strong>δέ</strong></span> <span class='ocrx_word' id='word_1_365' title='bbox 960 4330 1055 4383; x_wconf 74' lang='grc' dir='ltr'><strong>καὶ</strong></span> <span class='ocrx_word' id='word_1_366' title='bbox 1074 4326 1410 4397; x_wconf 76' lang='grc' dir='ltr'><strong>ἐπαγγελίας</strong></span> <span class='ocrx_word' id='word_1_367' title='bbox 1430 4325 1596 4396; x_wconf 84' lang='grc' dir='ltr'><strong>φησίν</strong></span> <span class='ocrx_word' id='word_1_368' title='bbox 1612 4342 1626 4391; x_wconf 89' lang='lat'><strong>;</strong></span> <span class='ocrx_word' id='word_1_369' title='bbox 1645 4326 1673 4379; x_wconf 84' lang='lat'><strong>6</strong></span> <span class='ocrx_word' id='word_1_370' title='bbox 1697 4324 1795 4396; x_wconf 86' lang='grc' dir='ltr'><strong>μὲν</strong></span> <span class='ocrx_word' id='word_1_371' title='bbox 1810 4324 1919 4396; x_wconf 81' lang='grc' dir='ltr'><strong>γὰρ</strong></span> <span class='ocrx_word' id='word_1_372' title='bbox 1944 4326 2129 4380; x_wconf 71' lang='grc' dir='ltr'><strong>Ἰσαὰκ</strong></span> 
     </span>
    </p>
   </div>
   <div class='ocr_carea' id='block_1_49' title="bbox 540 4409 2129 4479">
    <p class='ocr_par' dir='ltr' id='par_1_49' title="bbox 540 4409 2129 4479">
     <span class='ocr_line' id='line_1_49' title="bbox 540 4409 2129 4479; baseline -0.009 -4"><span class='ocrx_word' id='word_1_373' title='bbox 540 4420 639 4475; x_wconf 66' lang='grc' dir='ltr'><strong>καὶ</strong></span> <span class='ocrx_word' id='word_1_374' title='bbox 672 4416 866 4472; x_wconf 84' lang='grc' dir='ltr'><strong>Ἰακὼϐ</strong></span> <span class='ocrx_word' id='word_1_375' title='bbox 917 4414 1111 4468; x_wconf 76' lang='grc' dir='ltr'><strong>ἔλαϐον</strong></span> <span class='ocrx_word' id='word_1_376' title='bbox 1162 4414 1260 4476; x_wconf 80' lang='grc' dir='ltr'><strong>τὰς</strong></span> <span class='ocrx_word' id='word_1_377' title='bbox 1297 4409 1632 4479; x_wconf 79' lang='grc' dir='ltr'><strong>ἐπαγγελίας</strong></span> <span class='ocrx_word' id='word_1_378' title='bbox 1664 4410 1763 4479; x_wconf 83' lang='grc' dir='ltr'><strong>τῆς</strong></span> <span class='ocrx_word' id='word_1_379' title='bbox 1788 4409 1895 4478; x_wconf 84' lang='grc' dir='ltr'><strong>γῆς</strong></span> <span class='ocrx_word' id='word_1_380' title='bbox 1920 4424 1933 4438; x_wconf 89' lang='grc'><strong>·</strong></span> <span class='ocrx_word' id='word_1_381' title='bbox 1991 4411 2042 4462; x_wconf 82' lang='grc' dir='ltr'><strong>οἱ</strong></span> <span class='ocrx_word' id='word_1_382' title='bbox 2071 4411 2129 4465; x_wconf 86' lang='grc' dir='ltr'><strong>δέ</strong></span> 
     </span>
    </p>
   </div>
   <div class='ocr_carea' id='block_1_50' title="bbox 541 4493 2129 4573">
    <p class='ocr_par' dir='ltr' id='par_1_50' title="bbox 541 4493 2129 4573">
     <span class='ocr_line' id='line_1_50' title="bbox 541 4493 2129 4573; baseline -0.006 -18"><span class='ocrx_word' id='word_1_383' title='bbox 541 4522 607 4555; x_wconf 81' lang='grc' dir='ltr'><strong>πε</strong></span> <span class='ocrx_word' id='word_1_384' title='bbox 620 4505 671 4573; x_wconf 64' lang='lat' dir='ltr'><strong>pl</strong></span> <span class='ocrx_word' id='word_1_385' title='bbox 720 4502 866 4563; x_wconf 85' lang='grc' dir='ltr'><strong>Νῶε,</strong></span> <span class='ocrx_word' id='word_1_386' title='bbox 898 4499 993 4552; x_wconf 74' lang='grc' dir='ltr'><strong>καὶ</strong></span> <span class='ocrx_word' id='word_1_387' title='bbox 1024 4497 1211 4562; x_wconf 83' lang='grc' dir='ltr'><strong>Ἀϐελ,</strong></span> <span class='ocrx_word' id='word_1_388' title='bbox 1247 4497 1339 4549; x_wconf 75' lang='grc' dir='ltr'><strong>καὶ</strong></span> <span class='ocrx_word' id='word_1_389' title='bbox 1379 4494 1571 4565; x_wconf 84' lang='grc' dir='ltr'><strong>Ἑνὼχ,</strong></span> <span class='ocrx_word' id='word_1_390' title='bbox 1604 4493 1764 4557; x_wconf 86' lang='grc' dir='ltr'><strong>ποίας</strong></span> <span class='ocrx_word' id='word_1_391' title='bbox 1797 4493 2129 4561; x_wconf 88' lang='grc' dir='ltr'><strong>ἐπαγγελίας</strong></span> 
     </span>
    </p>
   </div>
   <div class='ocr_carea' id='block_1_51' title="bbox 543 4578 2129 4651">
    <p class='ocr_par' dir='ltr' id='par_1_51' title="bbox 543 4578 2129 4651">
     <span class='ocr_line' id='line_1_51' title="bbox 543 4578 2129 4651; baseline -0.004 -11"><span class='ocrx_word' id='word_1_392' title='bbox 543 4585 768 4651; x_wconf 74' lang='grc' dir='ltr'><strong>ἑλαϐονς</strong></span> <span class='ocrx_word' id='word_1_393' title='bbox 794 4584 867 4635; x_wconf 77' lang='grc' dir='ltr'><strong>’Ἠ</strong></span> <span class='ocrx_word' id='word_1_394' title='bbox 896 4582 1076 4634; x_wconf 87' lang='grc' dir='ltr'><strong>τοίνυν</strong></span> <span class='ocrx_word' id='word_1_395' title='bbox 1109 4581 1238 4651; x_wconf 71' lang='grc' dir='ltr'><strong>περὶ</strong></span> <span class='ocrx_word' id='word_1_396' title='bbox 1266 4580 1372 4633; x_wconf 88' lang='grc' dir='ltr'><strong>τῶν</strong></span> <span class='ocrx_word' id='word_1_397' title='bbox 1403 4579 1584 4651; x_wconf 73' lang='grc' dir='ltr'><strong>τριῶν</strong></span> <span class='ocrx_word' id='word_1_398' title='bbox 1606 4595 1739 4649; x_wconf 83' lang='grc' dir='ltr'><strong>φησι</strong></span> <span class='ocrx_word' id='word_1_399' title='bbox 1769 4578 1991 4631; x_wconf 80' lang='grc' dir='ltr'><strong>τούτων⁸</strong></span> <span class='ocrx_word' id='word_1_400' title='bbox 2025 4579 2129 4649; x_wconf 84' lang='grc' dir='ltr'><strong>ἧεί</strong></span> 
     </span>
    </p>
   </div>
   <div class='ocr_carea' id='block_1_52' title="bbox 543 4658 2129 4738">
    <p class='ocr_par' dir='ltr' id='par_1_52' title="bbox 543 4658 2129 4738">
     <span class='ocr_line' id='line_1_52' title="bbox 543 4658 2129 4738; baseline -0.005 -15"><span class='ocrx_word' id='word_1_401' title='bbox 543 4670 638 4724; x_wconf 74' lang='grc' dir='ltr'><strong>καὶ</strong></span> <span class='ocrx_word' id='word_1_402' title='bbox 670 4668 798 4738; x_wconf 72' lang='grc' dir='ltr'><strong>περὶ</strong></span> <span class='ocrx_word' id='word_1_403' title='bbox 829 4665 1079 4728; x_wconf 85' lang='grc' dir='ltr'><strong>ἐκείνων,</strong></span> <span class='ocrx_word' id='word_1_404' title='bbox 1111 4663 1172 4715; x_wconf 82' lang='grc' dir='ltr'><strong>ού</strong></span> <span class='ocrx_word' id='word_1_405' title='bbox 1203 4662 1362 4715; x_wconf 80' lang='grc' dir='ltr'><strong>τοῦτο</strong></span> <span class='ocrx_word' id='word_1_406' title='bbox 1390 4658 1458 4731; x_wconf 79' lang='grc' dir='ltr'><strong>ἦν</strong></span> <span class='ocrx_word' id='word_1_407' title='bbox 1491 4663 1524 4730; x_wconf 84' lang='grc' dir='ltr'><strong>ή</strong></span> <span class='ocrx_word' id='word_1_408' title='bbox 1554 4658 1876 4727; x_wconf 82' lang='grc' dir='ltr'><strong>ἐπαγγελία,</strong></span> <span class='ocrx_word' id='word_1_409' title='bbox 1911 4662 1972 4714; x_wconf 88' lang='grc' dir='ltr'><strong>τὸ</strong></span> <span class='ocrx_word' id='word_1_410' title='bbox 1998 4662 2129 4715; x_wconf 78' lang='grc' dir='ltr'><strong>Οαυο</strong></span> 
     </span>
    </p>
   </div>
   <div class='ocr_carea' id='block_1_53' title="bbox 546 4744 2127 4823">
    <p class='ocr_par' dir='ltr' id='par_1_53' title="bbox 546 4744 2127 4823">
     <span class='ocr_line' id='line_1_53' title="bbox 546 4744 2127 4823; baseline -0.004 -18"><span class='ocrx_word' id='word_1_411' title='bbox 546 4751 819 4823; x_wconf 78' lang='grc' dir='ltr'><strong>μασθῆναι</strong></span> <span class='ocrx_word' id='word_1_412' title='bbox 852 4748 945 4801; x_wconf 86' lang='grc' dir='ltr'><strong>τὸν</strong></span> <span class='ocrx_word' id='word_1_413' title='bbox 975 4747 1163 4811; x_wconf 73' lang='grc' dir='ltr'><strong>Ἅϐελ,</strong></span> <span class='ocrx_word' id='word_1_414' title='bbox 1196 4745 1317 4799; x_wconf 85' lang='grc' dir='ltr'><strong>ούδέ</strong></span> <span class='ocrx_word' id='word_1_415' title='bbox 1349 4745 1409 4797; x_wconf 85' lang='grc' dir='ltr'><strong>τὸ</strong></span> <span class='ocrx_word' id='word_1_416' title='bbox 1436 4744 1798 4815; x_wconf 84' lang='grc' dir='ltr'><strong>μετατεθῆναι</strong></span> <span class='ocrx_word' id='word_1_417' title='bbox 1825 4746 1915 4798; x_wconf 86' lang='grc' dir='ltr'><strong>τὸν</strong></span> <span class='ocrx_word' id='word_1_418' title='bbox 1939 4746 2127 4817; x_wconf 85' lang='grc' dir='ltr'><strong>Ἑνὼχ,</strong></span> 
     </span>
    </p>
   </div>
   <div class='ocr_carea' id='block_1_54' title="bbox 542 4828 2131 4900">
    <p class='ocr_par' dir='ltr' id='par_1_54' title="bbox 542 4828 2131 4900">
     <span class='ocr_line' id='line_1_54' title="bbox 542 4828 2131 4900; baseline -0.004 -11"><span class='ocrx_word' id='word_1_419' title='bbox 542 4835 663 4889; x_wconf 63' lang='grc' dir='ltr'><strong>σιξδέ</strong></span> <span class='ocrx_word' id='word_1_420' title='bbox 711 4833 773 4885; x_wconf 90' lang='grc' dir='ltr'><strong>τὸ</strong></span> <span class='ocrx_word' id='word_1_421' title='bbox 819 4830 1154 4900; x_wconf 76' lang='grc' dir='ltr'><strong>διασωθῆναι</strong></span> <span class='ocrx_word' id='word_1_422' title='bbox 1203 4830 1294 4882; x_wconf 90' lang='grc' dir='ltr'><strong>τὸν</strong></span> <span class='ocrx_word' id='word_1_423' title='bbox 1340 4830 1486 4892; x_wconf 83' lang='grc' dir='ltr'><strong>Νῶε,</strong></span> <span class='ocrx_word' id='word_1_424' title='bbox 1544 4828 1679 4882; x_wconf 66' lang='grc' dir='ltr'><strong>ἀλλὰ</strong></span> <span class='ocrx_word' id='word_1_425' title='bbox 1715 4828 2003 4883; x_wconf 71' lang='grc' dir='ltr'><strong>καὶταῦτα</strong></span> <span class='ocrx_word' id='word_1_426' title='bbox 2032 4831 2131 4900; x_wconf 85' lang='grc' dir='ltr'><strong>μὲν</strong></span> 
     </span>
    </p>
   </div>
   <div class='ocr_carea' id='block_1_55' title="bbox 544 4912 2131 4988">
    <p class='ocr_par' dir='ltr' id='par_1_55' title="bbox 544 4912 2131 4988">
     <span class='ocr_line' id='line_1_55' title="bbox 544 4912 2131 4988; baseline -0.001 -16"><span class='ocrx_word' id='word_1_427' title='bbox 544 4921 729 4981; x_wconf 81' lang='grc' dir='ltr'><strong>αὐτοῖς</strong></span> <span class='ocrx_word' id='word_1_428' title='bbox 756 4917 843 4970; x_wconf 77' lang='grc' dir='ltr'><strong>διὰ</strong></span> <span class='ocrx_word' id='word_1_429' title='bbox 871 4916 969 4986; x_wconf 83' lang='grc' dir='ltr'><strong>τὴν</strong></span> <span class='ocrx_word' id='word_1_430' title='bbox 999 4915 1201 4985; x_wconf 81' lang='grc' dir='ltr'><strong>ἀρετὴν</strong></span> <span class='ocrx_word' id='word_1_431' title='bbox 1228 4914 1444 4981; x_wconf 76' lang='grc' dir='ltr'><strong>ἐγένετο</strong></span> <span class='ocrx_word' id='word_1_432' title='bbox 1470 4953 1485 4976; x_wconf 90' lang='grc'><strong>,</strong></span> <span class='ocrx_word' id='word_1_433' title='bbox 1543 4913 1796 4984; x_wconf 83' lang='grc' dir='ltr'><strong>γεύματα</strong></span> <span class='ocrx_word' id='word_1_434' title='bbox 1825 4914 1882 4967; x_wconf 79' lang='grc' dir='ltr'><strong>δέ</strong></span> <span class='ocrx_word' id='word_1_435' title='bbox 1912 4932 2035 4968; x_wconf 89' lang='grc' dir='ltr'><strong>τινα</strong></span> <span class='ocrx_word' id='word_1_436' title='bbox 2062 4912 2131 4988; x_wconf 79' lang='grc' dir='ltr'><strong>ἦν</strong></span> 
     </span>
    </p>
   </div>
   <div class='ocr_carea' id='block_1_56' title="bbox 545 4996 2130 5073">
    <p class='ocr_par' dir='ltr' id='par_1_56' title="bbox 545 4996 2130 5073">
     <span class='ocr_line' id='line_1_56' title="bbox 545 4996 2130 5073; baseline -0.003 -17"><span class='ocrx_word' id='word_1_437' title='bbox 545 5003 654 5057; x_wconf 89' lang='grc' dir='ltr'><strong>τῶν</strong></span> <span class='ocrx_word' id='word_1_438' title='bbox 681 5000 1001 5073; x_wconf 86' lang='grc' dir='ltr'><strong>μελλόντων.</strong></span> <span class='ocrx_word' id='word_1_439' title='bbox 1019 4999 1076 5053; x_wconf 85' lang='grc' dir='ltr'><strong>Ὀ</strong></span> <span class='ocrx_word' id='word_1_440' title='bbox 1098 4998 1207 5069; x_wconf 85' lang='grc' dir='ltr'><strong>γὰρ</strong></span> <span class='ocrx_word' id='word_1_441' title='bbox 1230 4997 1362 5060; x_wconf 80' lang='grc' dir='ltr'><strong>Θεὸς</strong></span> <span class='ocrx_word' id='word_1_442' title='bbox 1388 4997 1482 5050; x_wconf 87' lang='grc' dir='ltr'><strong>ἀπ’</strong></span> <span class='ocrx_word' id='word_1_443' title='bbox 1506 4997 1684 5067; x_wconf 80' lang='grc' dir='ltr'><strong>ἀρχῆς</strong></span> <span class='ocrx_word' id='word_1_444' title='bbox 1714 4996 1869 5060; x_wconf 84' lang='grc' dir='ltr'><strong>εἰδὼς</strong></span> <span class='ocrx_word' id='word_1_445' title='bbox 1892 4998 1954 5051; x_wconf 91' lang='grc' dir='ltr'><strong>τὸ</strong></span> <span class='ocrx_word' id='word_1_446' title='bbox 1976 4998 2130 5066; x_wconf 85' lang='grc' dir='ltr'><strong>γένος</strong></span> 
     </span>
    </p>
   </div>
   <div class='ocr_carea' id='block_1_57' title="bbox 546 5081 2133 5155">
    <p class='ocr_par' dir='ltr' id='par_1_57' title="bbox 546 5081 2133 5155">
     <span class='ocr_line' id='line_1_57' title="bbox 546 5081 2133 5155; baseline -0.003 -17"><span class='ocrx_word' id='word_1_447' title='bbox 546 5087 606 5138; x_wconf 89' lang='grc' dir='ltr'><strong>τὸ</strong></span> <span class='ocrx_word' id='word_1_448' title='bbox 621 5084 957 5155; x_wconf 82' lang='grc' dir='ltr'><strong>ἀνθρώπινον</strong></span> <span class='ocrx_word' id='word_1_449' title='bbox 974 5082 1177 5151; x_wconf 83' lang='grc' dir='ltr'><strong>πολλῆς</strong></span> <span class='ocrx_word' id='word_1_450' title='bbox 1190 5081 1438 5152; x_wconf 84' lang='grc' dir='ltr'><strong>δεόμενον</strong></span> <span class='ocrx_word' id='word_1_451' title='bbox 1460 5098 1520 5132; x_wconf 84' lang='grc' dir='ltr'><strong>συ</strong></span> <span class='ocrx_word' id='word_1_452' title='bbox 1529 5081 1940 5148; x_wconf 86' lang='grc' dir='ltr'><strong>γκαταϐἀσεως,</strong></span> <span class='ocrx_word' id='word_1_453' title='bbox 1957 5082 2019 5134; x_wconf 86' lang='grc' dir='ltr'><strong>ού</strong></span> <span class='ocrx_word' id='word_1_454' title='bbox 2045 5083 2133 5151; x_wconf 71' lang='grc' dir='ltr'><strong>μόσ</strong></span> 
     </span>
    </p>
   </div>
   <div class='ocr_carea' id='block_1_58' title="bbox 550 5164 2133 5237">
    <p class='ocr_par' dir='ltr' id='par_1_58' title="bbox 550 5164 2133 5237">
     <span class='ocr_line' id='line_1_58' title="bbox 550 5164 2133 5237; baseline -0.003 -16"><span class='ocrx_word' id='word_1_455' title='bbox 550 5186 638 5221; x_wconf 86' lang='grc' dir='ltr'><strong>νον</strong></span> <span class='ocrx_word' id='word_1_456' title='bbox 661 5167 727 5220; x_wconf 83' lang='grc' dir='ltr'><strong>τά</strong></span> <span class='ocrx_word' id='word_1_457' title='bbox 747 5170 804 5221; x_wconf 81' lang='grc' dir='ltr'><strong>ἐν</strong></span> <span class='ocrx_word' id='word_1_458' title='bbox 824 5167 900 5237; x_wconf 81' lang='grc' dir='ltr'><strong>τῷ</strong></span> <span class='ocrx_word' id='word_1_459' title='bbox 925 5167 1190 5237; x_wconf 83' lang='grc' dir='ltr'><strong>μέλλοντι,</strong></span> <span class='ocrx_word' id='word_1_460' title='bbox 1212 5165 1348 5220; x_wconf 89' lang='grc' dir='ltr'><strong>ἀλλά</strong></span> <span class='ocrx_word' id='word_1_461' title='bbox 1372 5164 1467 5218; x_wconf 72' lang='grc' dir='ltr'><strong>καὶ</strong></span> <span class='ocrx_word' id='word_1_462' title='bbox 1484 5165 1554 5216; x_wconf 75' lang='grc' dir='ltr'><strong>τὰ</strong></span> <span class='ocrx_word' id='word_1_463' title='bbox 1574 5164 1808 5218; x_wconf 77' lang='grc' dir='ltr'><strong>ἐνταῦθα</strong></span> <span class='ocrx_word' id='word_1_464' title='bbox 1828 5167 1963 5235; x_wconf 87' lang='grc' dir='ltr'><strong>ήμῖν</strong></span> <span class='ocrx_word' id='word_1_465' title='bbox 1978 5167 2133 5235; x_wconf 86' lang='grc' dir='ltr'><strong>χαρί-</strong></span> 
     </span>
    </p>
   </div>
   <div class='ocr_carea' id='block_1_59' title="bbox 551 5245 2130 5321">
    <p class='ocr_par' dir='ltr' id='par_1_59' title="bbox 551 5245 2130 5321">
     <span class='ocr_line' id='line_1_59' title="bbox 551 5245 2130 5321; baseline -0.001 -17"><span class='ocrx_word' id='word_1_466' title='bbox 551 5251 722 5315; x_wconf 74' lang='grc' dir='ltr'><strong>ζεταιο</strong></span> <span class='ocrx_word' id='word_1_467' title='bbox 749 5245 858 5304; x_wconf 78' lang='grc' dir='ltr'><strong>οἷον</strong></span> <span class='ocrx_word' id='word_1_468' title='bbox 885 5252 1020 5321; x_wconf 87' lang='grc' dir='ltr'><strong>ὅπερ</strong></span> <span class='ocrx_word' id='word_1_469' title='bbox 1050 5250 1144 5304; x_wconf 77' lang='grc' dir='ltr'><strong>καὶ</strong></span> <span class='ocrx_word' id='word_1_470' title='bbox 1170 5253 1283 5313; x_wconf 89' lang='grc' dir='ltr'><strong>τοῖς</strong></span> <span class='ocrx_word' id='word_1_471' title='bbox 1311 5248 1585 5321; x_wconf 87' lang='grc' dir='ltr'><strong>μαθηταῖς</strong></span> <span class='ocrx_word' id='word_1_472' title='bbox 1610 5248 1795 5316; x_wconf 78' lang='grc' dir='ltr'><strong>ἔλεγεν</strong></span> <span class='ocrx_word' id='word_1_473' title='bbox 1824 5251 1851 5301; x_wconf 90' lang='lat'><strong>6</strong></span> <span class='ocrx_word' id='word_1_474' title='bbox 1875 5248 2130 5319; x_wconf 84' lang='grc' dir='ltr'><strong>Χριστός·</strong></span> 
     </span>
    </p>
   </div>
   <div class='ocr_carea' id='block_1_60' title="bbox 554 5332 2132 5402">
    <p class='ocr_par' dir='ltr' id='par_1_60' title="bbox 554 5332 2132 5402">
     <span class='ocr_line' id='line_1_60' title="bbox 554 5332 2132 5402; baseline 0 -15"><span class='ocrx_word' id='word_1_475' title='bbox 554 5336 763 5400; x_wconf 87' lang='grc' dir='ltr'><strong>Ὅστις</strong></span> <span class='ocrx_word' id='word_1_476' title='bbox 810 5332 1046 5402; x_wconf 60' lang='grc' dir='ltr'><strong>ἀφῆκεν</strong></span> <span class='ocrx_word' id='word_1_477' title='bbox 1091 5335 1301 5399; x_wconf 72' lang='grc' dir='ltr'><strong>οἰκίας,</strong></span> <span class='ocrx_word' id='word_1_478' title='bbox 1344 5334 1381 5401; x_wconf 84' lang='grc' dir='ltr'><strong><em>ἦ</em></strong></span> <span class='ocrx_word' id='word_1_479' title='bbox 1414 5332 1741 5401; x_wconf 59' lang='grc' dir='ltr'><strong>ἀδελφοὺς,</strong></span> <span class='ocrx_word' id='word_1_480' title='bbox 1773 5332 1811 5400; x_wconf 79' lang='grc' dir='ltr'><strong><em>ἣ</em></strong></span> <span class='ocrx_word' id='word_1_481' title='bbox 1842 5333 2132 5401; x_wconf 69' lang='grc' dir='ltr'><strong>ἀδελφὰς,</strong></span> 
     </span>
    </p>
   </div>
   <div class='ocr_carea' id='block_1_61' title="bbox 554 5416 2135 5487">
    <p class='ocr_par' dir='ltr' id='par_1_61' title="bbox 554 5416 2135 5487">
     <span class='ocr_line' id='line_1_61' title="bbox 554 5416 2135 5487; baseline -0.003 -15"><span class='ocrx_word' id='word_1_482' title='bbox 554 5419 591 5484; x_wconf 76' lang='grc' dir='ltr'>ἢ</span> <span class='ocrx_word' id='word_1_483' title='bbox 643 5417 902 5487; x_wconf 80' lang='grc' dir='ltr'><strong>πατέρα,</strong></span> <span class='ocrx_word' id='word_1_484' title='bbox 956 5418 992 5483; x_wconf 85' lang='grc' dir='ltr'><strong>ἣ</strong></span> <span class='ocrx_word' id='word_1_485' title='bbox 1044 5419 1303 5486; x_wconf 81' lang='grc' dir='ltr'><strong>μητέρα,</strong></span> <span class='ocrx_word' id='word_1_486' title='bbox 1369 5417 1971 5471; x_wconf 74' lang='grc' dir='ltr'><strong>ἑκατονταπλασίονα</strong></span> <span class='ocrx_word' id='word_1_487' title='bbox 2026 5416 2135 5482; x_wconf 80' lang='grc' dir='ltr'><strong>λή-</strong></span> 
     </span>
    </p>
   </div>
   <div class='ocr_carea' id='block_1_62' title="bbox 556 5499 2129 5573">
    <p class='ocr_par' dir='ltr' id='par_1_62' title="bbox 556 5499 2129 5573">
     <span class='ocr_line' id='line_1_62' title="bbox 556 5499 2129 5573; baseline -0.004 -15"><span class='ocrx_word' id='word_1_488' title='bbox 556 5507 753 5573; x_wconf 54' lang='grc' dir='ltr'><strong>ψεται,</strong></span> <span class='ocrx_word' id='word_1_489' title='bbox 780 5502 876 5556; x_wconf 80' lang='grc' dir='ltr'><strong>καὶ</strong></span> <span class='ocrx_word' id='word_1_490' title='bbox 903 5501 1055 5571; x_wconf 73' lang='grc' dir='ltr'><strong>ζωὴν</strong></span> <span class='ocrx_word' id='word_1_491' title='bbox 1075 5500 1312 5555; x_wconf 83' lang='grc' dir='ltr'><strong>αἰώνιον</strong></span> <span class='ocrx_word' id='word_1_492' title='bbox 1337 5503 1798 5571; x_wconf 67' lang='grc' dir='ltr'><strong>κληρονομήσευ</strong></span> <span class='ocrx_word' id='word_1_493' title='bbox 1834 5500 1922 5553; x_wconf 71' lang='grc' dir='ltr'><strong>καὶ</strong></span> <span class='ocrx_word' id='word_1_494' title='bbox 1951 5499 2129 5552; x_wconf 77' lang='grc' dir='ltr'><strong>πάλιν·</strong></span> 
     </span>
    </p>
   </div>
   <div class='ocr_carea' id='block_1_63' title="bbox 619 5772 2006 5842">
    <p class='ocr_par' dir='ltr' id='par_1_63' title="bbox 619 5772 2006 5842">
     <span class='ocr_line' id='line_1_63' title="bbox 619 5772 2006 5842; baseline 0 -20"><span class='ocrx_word' id='word_1_495' title='bbox 619 5788 650 5822; x_wconf 74' lang='grc' dir='ltr'><strong>οι</strong></span> <span class='ocrx_word' id='word_1_496' title='bbox 672 5776 861 5828; x_wconf 73' lang='lat' dir='ltr'><strong>Videsis</strong></span> <span class='ocrx_word' id='word_1_497' title='bbox 882 5782 1044 5829; x_wconf 66' lang='lat' dir='ltr'><strong>nolam</strong></span> <span class='ocrx_word' id='word_1_498' title='bbox 1068 5776 1472 5842; x_wconf 73' lang='lat' dir='ltr'><strong>interpretationi</strong></span> <span class='ocrx_word' id='word_1_499' title='bbox 1491 5776 1678 5831; x_wconf 71' lang='lat' dir='ltr'><strong>Latinae</strong></span> <span class='ocrx_word' id='word_1_500' title='bbox 1713 5772 2006 5838; x_wconf 58' lang='lat' dir='ltr'><strong>subgeclam.</strong></span> 
     </span>
    </p>
   </div>
   <div class='ocr_carea' id='block_1_64' title="bbox 1264 265 2122 377">
    <p class='ocr_par' dir='ltr' id='par_1_64' title="bbox 1264 288 2122 347">
     <span class='ocr_line' id='line_1_64' title="bbox 1264 288 2122 347; baseline -0.002 0"><span class='ocrx_word' id='word_1_501' title='bbox 1264 291 1320 347; x_wconf 90' lang='lat' dir='ltr'><strong>S.</strong></span> <span class='ocrx_word' id='word_1_502' title='bbox 1356 288 1652 347; x_wconf 62' lang='lat' dir='ltr'><strong>JOANNIS‘</strong></span> <span class='ocrx_word' id='word_1_503' title='bbox 1682 288 2122 347; x_wconf 69' lang='lat' dir='ltr'><strong>CHRYSOSTD)</strong></span> 
     </span>
    </p>
   </div>
   <div class='ocr_carea' id='block_1_65' title="bbox 2233 265 3115 377">
    <p class='ocr_par' dir='ltr' id='par_1_65' title="bbox 2233 265 3115 377">
     <span class='ocr_line' id='line_1_65' title="bbox 2233 265 3115 377; baseline 0 -31"><span class='ocrx_word' id='word_1_504' title='bbox 2233 289 2526 377; x_wconf 66' lang='lat' dir='ltr'><strong>malum</strong></span> <span class='ocrx_word' id='word_1_505' title='bbox 2565 265 3115 348; x_wconf 56' lang='lat' dir='ltr'><strong>coisrm&#39;mop.</strong></span> 
     </span>
    </p>
   </div>
   <div class='ocr_carea' id='block_1_66' title="bbox 3709 286 3814 346">
    <p class='ocr_par' dir='ltr' id='par_1_66' title="bbox 3709 286 3814 346">
     <span class='ocr_line' id='line_1_66' title="bbox 3709 286 3814 346; baseline -0.019 -1"><span class='ocrx_word' id='word_1_506' title='bbox 3709 286 3814 346; x_wconf 64' lang='lat' dir='ltr'><strong>Mi</strong></span> 
     </span>
    </p>
   </div>
   <div class='ocr_carea' id='block_1_67' title="bbox 2225 402 3815 474">
    <p class='ocr_par' dir='ltr' id='par_1_67' title="bbox 2225 402 3815 474">
     <span class='ocr_line' id='line_1_67' title="bbox 2225 402 3815 474; baseline -0.004 -12"><span class='ocrx_word' id='word_1_507' title='bbox 2225 405 2466 474; x_wconf 74' lang='grc' dir='ltr'><strong>Ζητεῖτε</strong></span> <span class='ocrx_word' id='word_1_508' title='bbox 2490 405 2603 474; x_wconf 77' lang='grc' dir='ltr'><strong>τὴν</strong></span> <span class='ocrx_word' id='word_1_509' title='bbox 2620 406 2951 471; x_wconf 84' lang='grc' dir='ltr'><strong>,βασιλείαν</strong></span> <span class='ocrx_word' id='word_1_510' title='bbox 2964 405 3069 461; x_wconf 82' lang='grc' dir='ltr'><strong>τοῦ</strong></span> <span class='ocrx_word' id='word_1_511' title='bbox 3093 402 3261 471; x_wconf 86' lang='grc' dir='ltr'><strong>Θεοῦ,</strong></span> <span class='ocrx_word' id='word_1_512' title='bbox 3276 403 3377 458; x_wconf 79' lang='grc' dir='ltr'><strong>καί</strong></span> <span class='ocrx_word' id='word_1_513' title='bbox 3401 404 3591 459; x_wconf 82' lang='grc' dir='ltr'><strong>ταῦτα</strong></span> <span class='ocrx_word' id='word_1_514' title='bbox 3614 402 3815 457; x_wconf 76' lang='grc' dir='ltr'><strong>πάντα</strong></span> 
     </span>
    </p>
   </div>
   <div class='ocr_carea' id='block_1_68' title="bbox 2221 485 3823 561">
    <p class='ocr_par' dir='ltr' id='par_1_68' title="bbox 2221 485 3823 561">
     <span class='ocr_line' id='line_1_68' title="bbox 2221 485 3823 561; baseline -0.002 -20"><span class='ocrx_word' id='word_1_515' title='bbox 2221 489 2703 557; x_wconf 74' lang='grc' dir='ltr'><strong>προστεθήσεται</strong></span> <span class='ocrx_word' id='word_1_516' title='bbox 2727 489 2892 558; x_wconf 84' lang='grc' dir='ltr'><strong>ὑμῖν.</strong></span> <span class='ocrx_word' id='word_1_517' title='bbox 2909 489 3192 561; x_wconf 72' lang='grc' dir='ltr'><strong>Ὀρᾷς,καὶ</strong></span> <span class='ocrx_word' id='word_1_518' title='bbox 3216 489 3275 540; x_wconf 88' lang='grc' dir='ltr'><strong>ἐν</strong></span> <span class='ocrx_word' id='word_1_519' title='bbox 3298 485 3627 558; x_wconf 81' lang='grc' dir='ltr'><strong>προσθήκης</strong></span> <span class='ocrx_word' id='word_1_520' title='bbox 3652 485 3823 559; x_wconf 82' lang='grc' dir='ltr'><strong>μέρει</strong></span> 
     </span>
    </p>
   </div>
   <div class='ocr_carea' id='block_1_69' title="bbox 2219 569 3812 643">
    <p class='ocr_par' dir='ltr' id='par_1_69' title="bbox 2219 569 3812 643">
     <span class='ocr_line' id='line_1_69' title="bbox 2219 569 3812 643; baseline -0.001 -18"><span class='ocrx_word' id='word_1_521' title='bbox 2219 569 2395 626; x_wconf 85' lang='grc' dir='ltr'><strong>ταῦτα</strong></span> <span class='ocrx_word' id='word_1_522' title='bbox 2427 572 2559 643; x_wconf 81' lang='grc' dir='ltr'><strong>παρ’</strong></span> <span class='ocrx_word' id='word_1_523' title='bbox 2608 573 2775 626; x_wconf 81' lang='grc' dir='ltr'><strong>αὐτοῦ</strong></span> <span class='ocrx_word' id='word_1_524' title='bbox 2808 572 3085 643; x_wconf 86' lang='grc' dir='ltr'><strong>διδόμενα,</strong></span> <span class='ocrx_word' id='word_1_525' title='bbox 3128 570 3279 626; x_wconf 48' lang='grc' dir='ltr'><strong>θῶστε</strong></span> <span class='ocrx_word' id='word_1_526' title='bbox 3330 573 3405 641; x_wconf 83' lang='grc' dir='ltr'><strong>μὴ</strong></span> <span class='ocrx_word' id='word_1_527' title='bbox 3454 571 3812 640; x_wconf 79' lang='grc' dir='ltr'><strong>ἀποκαμεῖνς</strong></span> 
     </span>
    </p>
   </div>
   <div class='ocr_carea' id='block_1_70' title="bbox 2222 650 3816 727">
    <p class='ocr_par' dir='ltr' id='par_1_70' title="bbox 2222 650 3816 727">
     <span class='ocr_line' id='line_1_70' title="bbox 2222 650 3816 727; baseline -0.001 -20"><span class='ocrx_word' id='word_1_528' title='bbox 2222 654 2490 727; x_wconf 82' lang='grc' dir='ltr'><strong>Καθάπερ</strong></span> <span class='ocrx_word' id='word_1_529' title='bbox 2521 655 2631 724; x_wconf 89' lang='grc' dir='ltr'><strong>γάρ</strong></span> <span class='ocrx_word' id='word_1_530' title='bbox 2650 657 2697 708; x_wconf 89' lang='grc' dir='ltr'><strong>οί</strong></span> <span class='ocrx_word' id='word_1_531' title='bbox 2724 655 2959 727; x_wconf 81' lang='grc' dir='ltr'><strong>ἀθληταὶ</strong></span> <span class='ocrx_word' id='word_1_532' title='bbox 2994 654 3333 710; x_wconf 82' lang='grc' dir='ltr'><strong>ἀπολαύουσι</strong></span> <span class='ocrx_word' id='word_1_533' title='bbox 3370 650 3471 724; x_wconf 83' lang='grc' dir='ltr'><strong>μέν</strong></span> <span class='ocrx_word' id='word_1_534' title='bbox 3508 650 3816 721; x_wconf 81' lang='grc' dir='ltr'><strong>θεραπείας</strong></span> 
     </span>
    </p>
   </div>
   <div class='ocr_carea' id='block_1_71' title="bbox 2220 735 3814 807">
    <p class='ocr_par' dir='ltr' id='par_1_71' title="bbox 2220 735 3814 807">
     <span class='ocr_line' id='line_1_71' title="bbox 2220 735 3814 807; baseline -0.003 -15"><span class='ocrx_word' id='word_1_535' title='bbox 2220 740 2317 792; x_wconf 78' lang='grc' dir='ltr'><strong>καὶ</strong></span> <span class='ocrx_word' id='word_1_536' title='bbox 2344 740 2475 793; x_wconf 81' lang='grc' dir='ltr'><strong>ὅταν</strong></span> <span class='ocrx_word' id='word_1_537' title='bbox 2505 738 2902 807; x_wconf 74' lang='grc' dir='ltr'><strong>ἀγωνίζωνται,</strong></span> <span class='ocrx_word' id='word_1_538' title='bbox 2934 737 3078 807; x_wconf 82' lang='grc' dir='ltr'><strong>πλὴν</strong></span> <span class='ocrx_word' id='word_1_539' title='bbox 3108 738 3226 792; x_wconf 84' lang='grc' dir='ltr'><strong>ἀλλ’</strong></span> <span class='ocrx_word' id='word_1_540' title='bbox 3255 738 3318 791; x_wconf 82' lang='grc' dir='ltr'><strong>οὐ</strong></span> <span class='ocrx_word' id='word_1_541' title='bbox 3346 736 3529 807; x_wconf 81' lang='grc' dir='ltr'><strong>πάσης</strong></span> <span class='ocrx_word' id='word_1_542' title='bbox 3550 736 3682 789; x_wconf 85' lang='grc' dir='ltr'><strong>τότε</strong></span> <span class='ocrx_word' id='word_1_543' title='bbox 3714 735 3814 804; x_wconf 75' lang='grc' dir='ltr'><strong>τῆς</strong></span> 
     </span>
    </p>
   </div>
   <div class='ocr_carea' id='block_1_72' title="bbox 2218 816 3813 889">
    <p class='ocr_par' dir='ltr' id='par_1_72' title="bbox 2218 816 3813 889">
     <span class='ocr_line' id='line_1_72' title="bbox 2218 816 3813 889; baseline -0.003 -14"><span class='ocrx_word' id='word_1_544' title='bbox 2218 821 2462 885; x_wconf 85' lang='grc' dir='ltr'><strong>ἀνέσεως</strong></span> <span class='ocrx_word' id='word_1_545' title='bbox 2486 821 2879 884; x_wconf 84' lang='grc' dir='ltr'><strong>ἀπολαύουσιν,</strong></span> <span class='ocrx_word' id='word_1_546' title='bbox 2919 820 3026 874; x_wconf 79' lang='grc' dir='ltr'><strong>ὑπὸ</strong></span> <span class='ocrx_word' id='word_1_547' title='bbox 3057 821 3243 889; x_wconf 87' lang='grc' dir='ltr'><strong>νόμοις</strong></span> <span class='ocrx_word' id='word_1_548' title='bbox 3275 819 3497 885; x_wconf 78' lang='grc' dir='ltr'><strong>ζῶντες,</strong></span> <span class='ocrx_word' id='word_1_549' title='bbox 3521 816 3667 870; x_wconf 80' lang='grc' dir='ltr'><strong>ἀλλὰ</strong></span> <span class='ocrx_word' id='word_1_550' title='bbox 3706 817 3813 871; x_wconf 79' lang='grc' dir='ltr'><strong>πά-</strong></span> 
     </span>
    </p>
   </div>
   <div class='ocr_carea' id='block_1_73' title="bbox 2228 889 3813 964">
    <p class='ocr_par' dir='ltr' id='par_1_73' title="bbox 2228 889 3813 964">
     <span class='ocr_line' id='line_1_73' title="bbox 2228 889 3813 964; baseline -0.003 -17"><span class='ocrx_word' id='word_1_551' title='bbox 2228 908 2332 963; x_wconf 82' lang='grc' dir='ltr'><strong>σης</strong></span> <span class='ocrx_word' id='word_1_552' title='bbox 2361 893 2501 964; x_wconf 87' lang='grc' dir='ltr'><strong>μετά</strong></span> <span class='ocrx_word' id='word_1_553' title='bbox 2542 892 2718 946; x_wconf 87' lang='grc' dir='ltr'><strong>ταῦτα</strong></span> <span class='ocrx_word' id='word_1_554' title='bbox 2749 890 3116 945; x_wconf 81' lang='grc' dir='ltr'><strong>ἀπολαύουσιν</strong></span> <span class='ocrx_word' id='word_1_555' title='bbox 3136 909 3151 924; x_wconf 88' lang='grc'><strong>·</strong></span> <span class='ocrx_word' id='word_1_556' title='bbox 3186 889 3332 945; x_wconf 78' lang='grc' dir='ltr'><strong>οὕτω</strong></span> <span class='ocrx_word' id='word_1_557' title='bbox 3379 891 3473 945; x_wconf 82' lang='grc' dir='ltr'><strong>καὶ</strong></span> <span class='ocrx_word' id='word_1_558' title='bbox 3503 893 3533 945; x_wconf 89' lang='lat'><strong>6</strong></span> <span class='ocrx_word' id='word_1_559' title='bbox 3578 890 3721 953; x_wconf 82' lang='grc' dir='ltr'><strong>Θεὸς</strong></span> <span class='ocrx_word' id='word_1_560' title='bbox 3751 891 3813 943; x_wconf 80' lang='grc' dir='ltr'><strong>ού</strong></span> 
     </span>
    </p>
   </div>
   <div class='ocr_carea' id='block_1_74' title="bbox 2228 972 3815 1046">
    <p class='ocr_par' dir='ltr' id='par_1_74' title="bbox 2228 972 3815 1046">
     <span class='ocr_line' id='line_1_74' title="bbox 2228 972 3815 1046; baseline -0.001 -18"><span class='ocrx_word' id='word_1_561' title='bbox 2228 975 2410 1046; x_wconf 89' lang='grc' dir='ltr'><strong>πάσης</strong></span> <span class='ocrx_word' id='word_1_562' title='bbox 2438 976 2673 1031; x_wconf 82' lang='grc' dir='ltr'><strong>ἐνταῦθα</strong></span> <span class='ocrx_word' id='word_1_563' title='bbox 2709 974 2894 1028; x_wconf 89' lang='grc' dir='ltr'><strong>δίδωσι</strong></span> <span class='ocrx_word' id='word_1_564' title='bbox 2926 972 3251 1043; x_wconf 83' lang='grc' dir='ltr'><strong>μεταλαϐεῖν</strong></span> <span class='ocrx_word' id='word_1_565' title='bbox 3280 974 3385 1046; x_wconf 85' lang='grc' dir='ltr'><strong>τῆς</strong></span> <span class='ocrx_word' id='word_1_566' title='bbox 3410 974 3659 1037; x_wconf 86' lang='grc' dir='ltr'><strong>ἀνέσεως</strong></span> <span class='ocrx_word' id='word_1_567' title='bbox 3679 990 3694 1004; x_wconf 88' lang='grc'><strong>·</strong></span> <span class='ocrx_word' id='word_1_568' title='bbox 3732 973 3815 1027; x_wconf 82' lang='grc' dir='ltr'><strong>δί-</strong></span> 
     </span>
    </p>
   </div>
   <div class='ocr_carea' id='block_1_75' title="bbox 2225 1055 3814 1130">
    <p class='ocr_par' dir='ltr' id='par_1_75' title="bbox 2225 1055 3814 1130">
     <span class='ocr_line' id='line_1_75' title="bbox 2225 1055 3814 1130; baseline -0.004 -15"><span class='ocrx_word' id='word_1_569' title='bbox 2225 1058 2358 1115; x_wconf 86' lang='grc' dir='ltr'><strong>δωσι</strong></span> <span class='ocrx_word' id='word_1_570' title='bbox 2399 1059 2499 1130; x_wconf 89' lang='grc' dir='ltr'><strong>μέν</strong></span> <span class='ocrx_word' id='word_1_571' title='bbox 2523 1057 2631 1130; x_wconf 79' lang='grc' dir='ltr'><strong>γὰρ</strong></span> <span class='ocrx_word' id='word_1_572' title='bbox 2653 1058 2746 1111; x_wconf 76' lang='grc' dir='ltr'><strong>καὶ</strong></span> <span class='ocrx_word' id='word_1_573' title='bbox 2771 1057 3026 1119; x_wconf 83' lang='grc' dir='ltr'><strong>ἐνταῦθα,</strong></span> <span class='ocrx_word' id='word_1_574' title='bbox 3061 1055 3204 1126; x_wconf 78' lang='grc' dir='ltr'><strong>πλὴν</strong></span> <span class='ocrx_word' id='word_1_575' title='bbox 3235 1056 3386 1124; x_wconf 84' lang='grc' dir='ltr'><strong>ὅμως</strong></span> <span class='ocrx_word' id='word_1_576' title='bbox 3415 1056 3515 1127; x_wconf 84' lang='grc' dir='ltr'><strong>τὴν</strong></span> <span class='ocrx_word' id='word_1_577' title='bbox 3537 1057 3729 1110; x_wconf 81' lang='grc' dir='ltr'><strong>πᾶσαν</strong></span> <span class='ocrx_word' id='word_1_578' title='bbox 3757 1057 3814 1109; x_wconf 86' lang='grc' dir='ltr'><strong>ἐν</strong></span> 
     </span>
    </p>
   </div>
   <div class='ocr_carea' id='block_1_76' title="bbox 2226 1140 3812 1216">
    <p class='ocr_par' dir='ltr' id='par_1_76' title="bbox 2226 1140 3812 1216">
     <span class='ocr_line' id='line_1_76' title="bbox 2226 1140 3812 1216; baseline -0.003 -18"><span class='ocrx_word' id='word_1_579' title='bbox 2226 1143 2306 1215; x_wconf 82' lang='grc' dir='ltr'><strong>τῷ</strong></span> <span class='ocrx_word' id='word_1_580' title='bbox 2337 1143 2580 1216; x_wconf 81' lang='grc' dir='ltr'><strong>μέλλοντι</strong></span> <span class='ocrx_word' id='word_1_581' title='bbox 2609 1142 2923 1212; x_wconf 78' lang='grc' dir='ltr'><strong>ἐταμίευσε.</strong></span> <span class='ocrx_word' id='word_1_582' title='bbox 2948 1142 3059 1195; x_wconf 78' lang='grc' dir='ltr'><strong>Καὶ</strong></span> <span class='ocrx_word' id='word_1_583' title='bbox 3087 1143 3171 1195; x_wconf 82' lang='grc' dir='ltr'><strong>ὅτι</strong></span> <span class='ocrx_word' id='word_1_584' title='bbox 3198 1140 3357 1194; x_wconf 83' lang='grc' dir='ltr'><strong>τοῦτό</strong></span> <span class='ocrx_word' id='word_1_585' title='bbox 3389 1143 3561 1206; x_wconf 87' lang='grc' dir='ltr'><strong>ἐστιν,</strong></span> <span class='ocrx_word' id='word_1_586' title='bbox 3601 1141 3812 1210; x_wconf 82' lang='grc' dir='ltr'><strong>ἐδήλω-</strong></span> 
     </span>
    </p>
   </div>
   <div class='ocr_carea' id='block_1_77' title="bbox 2229 1225 3817 1297">
    <p class='ocr_par' dir='ltr' id='par_1_77' title="bbox 2229 1225 3817 1297">
     <span class='ocr_line' id='line_1_77' title="bbox 2229 1225 3817 1297; baseline -0.002 -15"><span class='ocrx_word' id='word_1_587' title='bbox 2229 1245 2323 1282; x_wconf 84' lang='grc' dir='ltr'><strong>σεν</strong></span> <span class='ocrx_word' id='word_1_588' title='bbox 2374 1229 2506 1282; x_wconf 80' lang='grc' dir='ltr'><strong>αὐτὸ</strong></span> <span class='ocrx_word' id='word_1_589' title='bbox 2554 1229 2651 1281; x_wconf 68' lang='grc' dir='ltr'><strong>καλ⁵</strong></span> <span class='ocrx_word' id='word_1_590' title='bbox 2708 1228 2798 1281; x_wconf 82' lang='grc' dir='ltr'><strong>διὰ</strong></span> <span class='ocrx_word' id='word_1_591' title='bbox 2845 1227 2947 1297; x_wconf 82' lang='grc' dir='ltr'><strong>τῆς</strong></span> <span class='ocrx_word' id='word_1_592' title='bbox 2986 1226 3318 1295; x_wconf 79' lang='grc' dir='ltr'><strong>ἐπαγωγῆς,</strong></span> <span class='ocrx_word' id='word_1_593' title='bbox 3360 1226 3577 1279; x_wconf 77' lang='grc' dir='ltr'><strong>είπώνο</strong></span> <span class='ocrx_word' id='word_1_594' title='bbox 3623 1225 3817 1280; x_wconf 78' lang='grc' dir='ltr'><strong>Ἀλλὰ</strong></span> 
     </span>
    </p>
   </div>
   <div class='ocr_carea' id='block_1_78' title="bbox 2228 1308 3816 1379">
    <p class='ocr_par' dir='ltr' id='par_1_78' title="bbox 2228 1308 3816 1379">
     <span class='ocr_line' id='line_1_78' title="bbox 2228 1308 3816 1379; baseline -0.003 -16"><span class='ocrx_word' id='word_1_595' title='bbox 2228 1312 2533 1379; x_wconf 79' lang='grc' dir='ltr'><strong>πόῤῥωθεν</strong></span> <span class='ocrx_word' id='word_1_596' title='bbox 2572 1309 2761 1375; x_wconf 76' lang='grc' dir='ltr'><strong>αὐτὸς</strong></span> <span class='ocrx_word' id='word_1_597' title='bbox 2801 1309 3035 1375; x_wconf 84' lang='grc' dir='ltr'><strong>ἰδόντες</strong></span> <span class='ocrx_word' id='word_1_598' title='bbox 3067 1308 3167 1363; x_wconf 78' lang='grc' dir='ltr'><strong>καί</strong></span> <span class='ocrx_word' id='word_1_599' title='bbox 3204 1308 3654 1378; x_wconf 76' lang='grc' dir='ltr'><strong>ἀσπασάμενοι.</strong></span> <span class='ocrx_word' id='word_1_600' title='bbox 3699 1310 3816 1363; x_wconf 78' lang='grc' dir='ltr'><strong>Ἑν-</strong></span> 
     </span>
    </p>
   </div>
   <div class='ocr_carea' id='block_1_79' title="bbox 2228 1393 3817 1468">
    <p class='ocr_par' dir='ltr' id='par_1_79' title="bbox 2228 1393 3817 1468">
     <span class='ocr_line' id='line_1_79' title="bbox 2228 1393 3817 1468; baseline -0.001 -20"><span class='ocrx_word' id='word_1_601' title='bbox 2228 1395 2405 1448; x_wconf 78' lang='grc' dir='ltr'><strong>ταῦθά</strong></span> <span class='ocrx_word' id='word_1_602' title='bbox 2426 1412 2478 1447; x_wconf 90' lang='grc' dir='ltr'><strong>τι</strong></span> <span class='ocrx_word' id='word_1_603' title='bbox 2504 1393 2767 1468; x_wconf 82' lang='grc' dir='ltr'><strong>μυστικὸν</strong></span> <span class='ocrx_word' id='word_1_604' title='bbox 2795 1394 3092 1448; x_wconf 71' lang='grc' dir='ltr'><strong>αἰνίττεται</strong></span> <span class='ocrx_word' id='word_1_605' title='bbox 3110 1409 3123 1421; x_wconf 83' lang='lat'><strong><em>°</em></strong></span> <span class='ocrx_word' id='word_1_606' title='bbox 3156 1393 3398 1448; x_wconf 85' lang='grc' dir='ltr'><strong>δείκνυσι</strong></span> <span class='ocrx_word' id='word_1_607' title='bbox 3427 1393 3533 1465; x_wconf 80' lang='grc' dir='ltr'><strong>γὰρ</strong></span> <span class='ocrx_word' id='word_1_608' title='bbox 3561 1395 3650 1447; x_wconf 85' lang='grc' dir='ltr'><strong>ὅτι</strong></span> <span class='ocrx_word' id='word_1_609' title='bbox 3684 1410 3817 1462; x_wconf 89' lang='grc' dir='ltr'><strong>προ-</strong></span> 
     </span>
    </p>
   </div>
   <div class='ocr_carea' id='block_1_80' title="bbox 2230 1476 3812 1550">
    <p class='ocr_par' dir='ltr' id='par_1_80' title="bbox 2230 1476 3812 1550">
     <span class='ocr_line' id='line_1_80' title="bbox 2230 1476 3812 1550; baseline -0.002 -16"><span class='ocrx_word' id='word_1_610' title='bbox 2230 1480 2423 1534; x_wconf 82' lang='grc' dir='ltr'><strong>έλαϐον</strong></span> <span class='ocrx_word' id='word_1_611' title='bbox 2453 1481 2628 1534; x_wconf 86' lang='grc' dir='ltr'><strong>πάντα</strong></span> <span class='ocrx_word' id='word_1_612' title='bbox 2663 1480 2732 1532; x_wconf 82' lang='grc' dir='ltr'><strong>τά</strong></span> <span class='ocrx_word' id='word_1_613' title='bbox 2762 1479 2890 1548; x_wconf 79' lang='grc' dir='ltr'><strong>περὶ</strong></span> <span class='ocrx_word' id='word_1_614' title='bbox 2920 1479 3030 1531; x_wconf 87' lang='grc' dir='ltr'><strong>τῶν</strong></span> <span class='ocrx_word' id='word_1_615' title='bbox 3072 1477 3377 1548; x_wconf 86' lang='grc' dir='ltr'><strong>μελλόντων</strong></span> <span class='ocrx_word' id='word_1_616' title='bbox 3411 1477 3710 1550; x_wconf 86' lang='grc' dir='ltr'><strong>εἰρημένα,</strong></span> <span class='ocrx_word' id='word_1_617' title='bbox 3743 1476 3812 1531; x_wconf 70' lang='grc' dir='ltr'><strong>τὰ</strong></span> 
     </span>
    </p>
   </div>
   <div class='ocr_carea' id='block_1_81' title="bbox 2230 1560 3817 1633">
    <p class='ocr_par' dir='ltr' id='par_1_81' title="bbox 2230 1560 3817 1633">
     <span class='ocr_line' id='line_1_81' title="bbox 2230 1560 3817 1633; baseline -0.001 -17"><span class='ocrx_word' id='word_1_618' title='bbox 2230 1563 2363 1633; x_wconf 78' lang='grc' dir='ltr'><strong>περὶ</strong></span> <span class='ocrx_word' id='word_1_619' title='bbox 2392 1563 2762 1626; x_wconf 79' lang='grc' dir='ltr'><strong>ἀναστάσεως,</strong></span> <span class='ocrx_word' id='word_1_620' title='bbox 2794 1562 2862 1616; x_wconf 88' lang='grc' dir='ltr'><strong>τά</strong></span> <span class='ocrx_word' id='word_1_621' title='bbox 2897 1562 3029 1629; x_wconf 79' lang='grc' dir='ltr'><strong>περὶ</strong></span> <span class='ocrx_word' id='word_1_622' title='bbox 3074 1560 3353 1631; x_wconf 83' lang='grc' dir='ltr'><strong>βασιλείας</strong></span> <span class='ocrx_word' id='word_1_623' title='bbox 3400 1562 3654 1633; x_wconf 74' lang='grc' dir='ltr'><strong>οὐρανῶν</strong></span> <span class='ocrx_word' id='word_1_624' title='bbox 3676 1605 3693 1630; x_wconf 93' lang='grc'><strong>,</strong></span> <span class='ocrx_word' id='word_1_625' title='bbox 3748 1563 3817 1615; x_wconf 71' lang='grc' dir='ltr'><strong>τὰ</strong></span> 
     </span>
    </p>
   </div>
   <div class='ocr_carea' id='block_1_82' title="bbox 2232 1639 3818 1720">
    <p class='ocr_par' dir='ltr' id='par_1_82' title="bbox 2232 1639 3818 1720">
     <span class='ocr_line' id='line_1_82' title="bbox 2232 1639 3818 1720; baseline 0.002 -21"><span class='ocrx_word' id='word_1_626' title='bbox 2232 1648 2361 1717; x_wconf 83' lang='grc' dir='ltr'><strong>περὶ</strong></span> <span class='ocrx_word' id='word_1_627' title='bbox 2388 1648 2495 1701; x_wconf 91' lang='grc' dir='ltr'><strong>τῶν</strong></span> <span class='ocrx_word' id='word_1_628' title='bbox 2524 1647 2719 1713; x_wconf 81' lang='grc' dir='ltr'><strong>ἀλλων,</strong></span> <span class='ocrx_word' id='word_1_629' title='bbox 2737 1639 2813 1700; x_wconf 83' lang='grc' dir='ltr'><strong>ὧν</strong></span> <span class='ocrx_word' id='word_1_630' title='bbox 2838 1645 3009 1700; x_wconf 81' lang='grc' dir='ltr'><strong>ἐλθὼν</strong></span> <span class='ocrx_word' id='word_1_631' title='bbox 3037 1648 3066 1700; x_wconf 91' lang='lat'><strong>6</strong></span> <span class='ocrx_word' id='word_1_632' title='bbox 3095 1646 3330 1717; x_wconf 84' lang='grc' dir='ltr'><strong>Χριστὸς</strong></span> <span class='ocrx_word' id='word_1_633' title='bbox 3370 1648 3649 1720; x_wconf 66' lang='grc' dir='ltr'><strong>ἐκήρυσσε</strong></span> <span class='ocrx_word' id='word_1_634' title='bbox 3673 1663 3687 1676; x_wconf 90' lang='grc'><strong>·</strong></span> <span class='ocrx_word' id='word_1_635' title='bbox 3718 1648 3818 1714; x_wconf 82' lang='grc' dir='ltr'><strong>τάς</strong></span> 
     </span>
    </p>
   </div>
   <div class='ocr_carea' id='block_1_83' title="bbox 2231 1728 3817 1802">
    <p class='ocr_par' dir='ltr' id='par_1_83' title="bbox 2231 1728 3817 1802">
     <span class='ocr_line' id='line_1_83' title="bbox 2231 1728 3817 1802; baseline 0.001 -18"><span class='ocrx_word' id='word_1_636' title='bbox 2231 1732 2340 1800; x_wconf 83' lang='grc' dir='ltr'><strong>γὰρ</strong></span> <span class='ocrx_word' id='word_1_637' title='bbox 2367 1730 2703 1799; x_wconf 85' lang='grc' dir='ltr'><strong>ἐπαγγελίας</strong></span> <span class='ocrx_word' id='word_1_638' title='bbox 2724 1730 2931 1795; x_wconf 86' lang='grc' dir='ltr'><strong>ταύτας</strong></span> <span class='ocrx_word' id='word_1_639' title='bbox 2968 1730 3154 1800; x_wconf 83' lang='grc' dir='ltr'><strong>φησίν.</strong></span> <span class='ocrx_word' id='word_1_640' title='bbox 3186 1732 3256 1784; x_wconf 85' lang='grc' dir='ltr'><strong>Ἦ</strong></span> <span class='ocrx_word' id='word_1_641' title='bbox 3284 1731 3447 1785; x_wconf 77' lang='grc' dir='ltr'><strong>τοῦτο</strong></span> <span class='ocrx_word' id='word_1_642' title='bbox 3478 1728 3575 1787; x_wconf 84' lang='grc' dir='ltr'><strong>οὖν</strong></span> <span class='ocrx_word' id='word_1_643' title='bbox 3626 1750 3817 1802; x_wconf 75' lang='grc' dir='ltr'><strong>φησιν,</strong></span> 
     </span>
    </p>
   </div>
   <div class='ocr_carea' id='block_1_84' title="bbox 2229 1813 3817 1888">
    <p class='ocr_par' dir='ltr' id='par_1_84' title="bbox 2229 1813 3817 1888">
     <span class='ocr_line' id='line_1_84' title="bbox 2229 1813 3817 1888; baseline 0.001 -21"><span class='ocrx_word' id='word_1_644' title='bbox 2229 1814 2265 1886; x_wconf 78' lang='grc' dir='ltr'>ἢ</span> <span class='ocrx_word' id='word_1_645' title='bbox 2290 1816 2371 1868; x_wconf 84' lang='grc' dir='ltr'><strong>ὅτι</strong></span> <span class='ocrx_word' id='word_1_646' title='bbox 2400 1816 2499 1868; x_wconf 83' lang='grc' dir='ltr'><strong>οὐκ</strong></span> <span class='ocrx_word' id='word_1_647' title='bbox 2547 1813 2742 1869; x_wconf 79' lang='grc' dir='ltr'><strong>ἔλαϐον</strong></span> <span class='ocrx_word' id='word_1_648' title='bbox 2779 1814 2883 1884; x_wconf 82' lang='grc' dir='ltr'><strong>μὲν</strong></span> <span class='ocrx_word' id='word_1_649' title='bbox 2930 1816 3121 1879; x_wconf 80' lang='grc' dir='ltr'><strong>αὑτὰς,</strong></span> <span class='ocrx_word' id='word_1_650' title='bbox 3154 1815 3536 1888; x_wconf 76' lang='grc' dir='ltr'><strong>θαρρήσαντες</strong></span> <span class='ocrx_word' id='word_1_651' title='bbox 3581 1817 3640 1872; x_wconf 81' lang='grc' dir='ltr'><strong>δέ</strong></span> <span class='ocrx_word' id='word_1_652' title='bbox 3674 1817 3817 1887; x_wconf 76' lang='grc' dir='ltr'><strong>ὑπὲρ</strong></span> 
     </span>
    </p>
   </div>
   <div class='ocr_carea' id='block_1_85' title="bbox 2230 1898 3819 1973">
    <p class='ocr_par' dir='ltr' id='par_1_85' title="bbox 2230 1898 3819 1973">
     <span class='ocr_line' id='line_1_85' title="bbox 2230 1898 3819 1973; baseline 0.001 -22"><span class='ocrx_word' id='word_1_653' title='bbox 2230 1898 2413 1951; x_wconf 84' lang='grc' dir='ltr'><strong>αὐτῶν</strong></span> <span class='ocrx_word' id='word_1_654' title='bbox 2435 1899 2676 1968; x_wconf 84' lang='grc' dir='ltr'><strong>ἀπῆλθον</strong></span> <span class='ocrx_word' id='word_1_655' title='bbox 2697 1916 2712 1931; x_wconf 91' lang='grc'><strong>·</strong></span> <span class='ocrx_word' id='word_1_656' title='bbox 2748 1900 3062 1972; x_wconf 65' lang='grc' dir='ltr'><strong>ἐθάρρησαν</strong></span> <span class='ocrx_word' id='word_1_657' title='bbox 3086 1900 3144 1953; x_wconf 86' lang='grc' dir='ltr'><strong>δέ</strong></span> <span class='ocrx_word' id='word_1_658' title='bbox 3181 1903 3247 1971; x_wconf 78' lang='grc' dir='ltr'><strong>τῇ</strong></span> <span class='ocrx_word' id='word_1_659' title='bbox 3279 1902 3463 1955; x_wconf 80' lang='grc' dir='ltr'><strong>πίστει</strong></span> <span class='ocrx_word' id='word_1_660' title='bbox 3489 1901 3649 1973; x_wconf 83' lang='grc' dir='ltr'><strong>μόνῃ.</strong></span> <span class='ocrx_word' id='word_1_661' title='bbox 3675 1902 3819 1973; x_wconf 79' lang='grc' dir='ltr'><strong>Πόρ-</strong></span> 
     </span>
    </p>
   </div>
   <div class='ocr_carea' id='block_1_86' title="bbox 2230 1977 3819 2054">
    <p class='ocr_par' dir='ltr' id='par_1_86' title="bbox 2230 1977 3819 2054">
     <span class='ocr_line' id='line_1_86' title="bbox 2230 1977 3819 2054; baseline -0.004 -18"><span class='ocrx_word' id='word_1_662' title='bbox 2230 1982 2406 2054; x_wconf 80' lang='grc' dir='ltr'><strong>ρωθεν</strong></span> <span class='ocrx_word' id='word_1_663' title='bbox 2447 1982 2505 2036; x_wconf 77' lang='grc' dir='ltr'><strong>δὲ</strong></span> <span class='ocrx_word' id='word_1_664' title='bbox 2540 1982 2711 2046; x_wconf 81' lang='grc' dir='ltr'><strong>αύτάς</strong></span> <span class='ocrx_word' id='word_1_665' title='bbox 2749 1977 3130 2048; x_wconf 79' lang='grc' dir='ltr'><strong>ίδόντε;,εἷπε,</strong></span> <span class='ocrx_word' id='word_1_666' title='bbox 3160 1981 3337 2052; x_wconf 82' lang='grc' dir='ltr'><strong>δηλῶν</strong></span> <span class='ocrx_word' id='word_1_667' title='bbox 3359 1982 3444 2034; x_wconf 86' lang='grc' dir='ltr'><strong>ὅτι</strong></span> <span class='ocrx_word' id='word_1_668' title='bbox 3481 1979 3590 2050; x_wconf 84' lang='grc' dir='ltr'><strong>πρὸ</strong></span> <span class='ocrx_word' id='word_1_669' title='bbox 3612 1983 3819 2031; x_wconf 83' lang='grc' dir='ltr'><strong>τεσσα-</strong></span> 
     </span>
    </p>
   </div>
   <div class='ocr_carea' id='block_1_87' title="bbox 2230 2062 3818 2137">
    <p class='ocr_par' dir='ltr' id='par_1_87' title="bbox 2230 2062 3818 2137">
     <span class='ocr_line' id='line_1_87' title="bbox 2230 2062 3818 2137; baseline -0.004 -16"><span class='ocrx_word' id='word_1_670' title='bbox 2230 2086 2341 2136; x_wconf 89' lang='grc' dir='ltr'><strong>ρων</strong></span> <span class='ocrx_word' id='word_1_671' title='bbox 2368 2066 2613 2136; x_wconf 76' lang='grc' dir='ltr'><strong>γενεῶνο</strong></span> <span class='ocrx_word' id='word_1_672' title='bbox 2652 2067 2792 2137; x_wconf 86' lang='grc' dir='ltr'><strong>μετά</strong></span> <span class='ocrx_word' id='word_1_673' title='bbox 2840 2066 2951 2137; x_wconf 75' lang='grc' dir='ltr'><strong>γὰρ</strong></span> <span class='ocrx_word' id='word_1_674' title='bbox 2998 2067 3270 2129; x_wconf 82' lang='grc' dir='ltr'><strong>τοσαύτας</strong></span> <span class='ocrx_word' id='word_1_675' title='bbox 3320 2063 3556 2134; x_wconf 76' lang='grc' dir='ltr'><strong>ἀνῆλθον</strong></span> <span class='ocrx_word' id='word_1_676' title='bbox 3610 2062 3673 2126; x_wconf 84' lang='grc' dir='ltr'><strong>ἐξ</strong></span> <span class='ocrx_word' id='word_1_677' title='bbox 3718 2064 3818 2121; x_wconf 74' lang='grc' dir='ltr'><strong>Αἱ-</strong></span> 
     </span>
    </p>
   </div>
   <div class='ocr_carea' id='block_1_88' title="bbox 2228 2146 3818 2221">
    <p class='ocr_par' dir='ltr' id='par_1_88' title="bbox 2228 2146 3818 2221">
     <span class='ocr_line' id='line_1_88' title="bbox 2228 2146 3818 2221; baseline -0.004 -16"><span class='ocrx_word' id='word_1_678' title='bbox 2228 2151 2460 2221; x_wconf 87' lang='grc' dir='ltr'><strong>γύπτου.</strong></span> <span class='ocrx_word' id='word_1_679' title='bbox 2504 2150 2611 2205; x_wconf 77' lang='grc' dir='ltr'><strong>Καὶ</strong></span> <span class='ocrx_word' id='word_1_680' title='bbox 2665 2149 3112 2219; x_wconf 79' lang='grc' dir='ltr'><strong>ἀσπασάμενοι,</strong></span> <span class='ocrx_word' id='word_1_681' title='bbox 3164 2148 3320 2221; x_wconf 69' lang='grc' dir='ltr'><strong>φησὶ,</strong></span> <span class='ocrx_word' id='word_1_682' title='bbox 3369 2146 3466 2202; x_wconf 79' lang='grc' dir='ltr'><strong>καί</strong></span> <span class='ocrx_word' id='word_1_683' title='bbox 3498 2146 3818 2215; x_wconf 73' lang='grc' dir='ltr'><strong>ἡσθέντες.</strong></span> 
     </span>
    </p>
   </div>
   <div class='ocr_carea' id='block_1_89' title="bbox 2234 2228 3821 2305">
    <p class='ocr_par' dir='ltr' id='par_1_89' title="bbox 2234 2228 3821 2305">
     <span class='ocr_line' id='line_1_89' title="bbox 2234 2228 3821 2305; baseline -0.005 -14"><span class='ocrx_word' id='word_1_684' title='bbox 2234 2235 2395 2291; x_wconf 78' lang='grc' dir='ltr'><strong>Οὕτω</strong></span> <span class='ocrx_word' id='word_1_685' title='bbox 2429 2234 2790 2305; x_wconf 86' lang='grc' dir='ltr'><strong>πεπεισμένοι</strong></span> <span class='ocrx_word' id='word_1_686' title='bbox 2818 2228 2963 2304; x_wconf 82' lang='grc' dir='ltr'><strong>ἦσαν</strong></span> <span class='ocrx_word' id='word_1_687' title='bbox 2998 2234 3126 2305; x_wconf 77' lang='grc' dir='ltr'><strong>περὶ</strong></span> <span class='ocrx_word' id='word_1_688' title='bbox 3160 2231 3313 2305; x_wconf 73' lang='grc'>[215]</span> <span class='ocrx_word' id='word_1_689' title='bbox 3364 2231 3567 2296; x_wconf 78' lang='grc' dir='ltr'><strong>αὐτῶν,</strong></span> <span class='ocrx_word' id='word_1_690' title='bbox 3600 2231 3681 2294; x_wconf 85' lang='grc' dir='ltr'><strong>ῶς</strong></span> <span class='ocrx_word' id='word_1_691' title='bbox 3728 2232 3821 2283; x_wconf 76' lang='grc' dir='ltr'><strong>καὶ</strong></span> 
     </span>
    </p>
   </div>
   <div class='ocr_carea' id='block_1_90' title="bbox 2230 2312 3818 2390">
    <p class='ocr_par' dir='ltr' id='par_1_90' title="bbox 2230 2312 3818 2390">
     <span class='ocr_line' id='line_1_90' title="bbox 2230 2312 3818 2390; baseline -0.006 -16"><span class='ocrx_word' id='word_1_692' title='bbox 2230 2317 2583 2375; x_wconf 77' lang='grc' dir='ltr'><strong>ἀσπάσασθαι</strong></span> <span class='ocrx_word' id='word_1_693' title='bbox 2611 2316 2785 2380; x_wconf 82' lang='grc' dir='ltr'><strong>αύτάς</strong></span> <span class='ocrx_word' id='word_1_694' title='bbox 2810 2332 2824 2346; x_wconf 89' lang='grc'><strong>·</strong></span> <span class='ocrx_word' id='word_1_695' title='bbox 2844 2316 2953 2370; x_wconf 87' lang='grc' dir='ltr'><strong>ἀπὸ</strong></span> <span class='ocrx_word' id='word_1_696' title='bbox 2979 2318 3299 2390; x_wconf 78' lang='grc' dir='ltr'><strong>μεταφορᾶς</strong></span> <span class='ocrx_word' id='word_1_697' title='bbox 3323 2312 3447 2371; x_wconf 81' lang='grc' dir='ltr'><strong>εἷπε</strong></span> <span class='ocrx_word' id='word_1_698' title='bbox 3483 2314 3591 2369; x_wconf 78' lang='grc' dir='ltr'><strong>τῶν</strong></span> <span class='ocrx_word' id='word_1_699' title='bbox 3616 2313 3818 2368; x_wconf 81' lang='grc' dir='ltr'><strong>πλεόν-</strong></span> 
     </span>
    </p>
   </div>
   <div class='ocr_carea' id='block_1_91' title="bbox 2230 2398 3825 2473">
    <p class='ocr_par' dir='ltr' id='par_1_91' title="bbox 2230 2398 3825 2473">
     <span class='ocr_line' id='line_1_91' title="bbox 2230 2398 3825 2473; baseline -0.004 -18"><span class='ocrx_word' id='word_1_700' title='bbox 2230 2410 2338 2457; x_wconf 84' lang='grc' dir='ltr'><strong>των</strong></span> <span class='ocrx_word' id='word_1_701' title='bbox 2365 2402 2461 2455; x_wconf 73' lang='grc' dir='ltr'><strong>καὶ</strong></span> <span class='ocrx_word' id='word_1_702' title='bbox 2491 2400 2779 2473; x_wconf 75' lang='grc' dir='ltr'><strong>πόρρωθεν</strong></span> <span class='ocrx_word' id='word_1_703' title='bbox 2818 2399 3074 2471; x_wconf 84' lang='grc' dir='ltr'><strong>ὁρώντων</strong></span> <span class='ocrx_word' id='word_1_704' title='bbox 3117 2402 3220 2465; x_wconf 81' lang='grc' dir='ltr'><strong>τάς</strong></span> <span class='ocrx_word' id='word_1_705' title='bbox 3260 2400 3445 2463; x_wconf 85' lang='grc' dir='ltr'><strong>πόλεις</strong></span> <span class='ocrx_word' id='word_1_706' title='bbox 3485 2400 3583 2463; x_wconf 74' lang='grc' dir='ltr'><strong>τὰς</strong></span> <span class='ocrx_word' id='word_1_707' title='bbox 3622 2398 3825 2452; x_wconf 87' lang='grc' dir='ltr'><strong>ποθου-</strong></span> 
     </span>
    </p>
   </div>
   <div class='ocr_carea' id='block_1_92' title="bbox 2235 2484 3818 2558">
    <p class='ocr_par' dir='ltr' id='par_1_92' title="bbox 2235 2484 3818 2558">
     <span class='ocr_line' id='line_1_92' title="bbox 2235 2484 3818 2558; baseline -0.003 -20"><span class='ocrx_word' id='word_1_708' title='bbox 2235 2486 2424 2557; x_wconf 80' lang='grc' dir='ltr'><strong>μένας,</strong></span> <span class='ocrx_word' id='word_1_709' title='bbox 2454 2486 2521 2549; x_wconf 79' lang='grc' dir='ltr'><strong>ἃς</strong></span> <span class='ocrx_word' id='word_1_710' title='bbox 2548 2486 2735 2558; x_wconf 79' lang='grc' dir='ltr'><strong>πρὶνῆ</strong></span> <span class='ocrx_word' id='word_1_711' title='bbox 2777 2484 3045 2538; x_wconf 80' lang='grc' dir='ltr'><strong>εἰσελθεῖν</strong></span> <span class='ocrx_word' id='word_1_712' title='bbox 3069 2487 3150 2549; x_wconf 90' lang='grc' dir='ltr'><strong>είς</strong></span> <span class='ocrx_word' id='word_1_713' title='bbox 3184 2484 3355 2548; x_wconf 79' lang='grc' dir='ltr'><strong>αύτάς</strong></span> <span class='ocrx_word' id='word_1_714' title='bbox 3402 2485 3471 2555; x_wconf 81' lang='grc' dir='ltr'><strong>τῇ</strong></span> <span class='ocrx_word' id='word_1_715' title='bbox 3503 2484 3818 2555; x_wconf 57' lang='grc' dir='ltr'><strong>πλοοσρήσει</strong></span> 
     </span>
    </p>
   </div>
   <div class='ocr_carea' id='block_1_93' title="bbox 2230 2565 3818 2645">
    <p class='ocr_par' dir='ltr' id='par_1_93' title="bbox 2230 2565 3818 2645">
     <span class='ocr_line' id='line_1_93' title="bbox 2230 2565 3818 2645; baseline -0.003 -22"><span class='ocrx_word' id='word_1_716' title='bbox 2230 2570 2486 2633; x_wconf 83' lang='grc' dir='ltr'><strong>λαϐόντες</strong></span> <span class='ocrx_word' id='word_1_717' title='bbox 2512 2570 2685 2633; x_wconf 81' lang='grc' dir='ltr'><strong>αύτάς</strong></span> <span class='ocrx_word' id='word_1_718' title='bbox 2709 2568 3057 2645; x_wconf 65' lang='grc' dir='ltr'><strong>οίκειοῦνται,</strong></span> <span class='ocrx_word' id='word_1_719' title='bbox 3096 2568 3485 2638; x_wconf 76' lang='grc' dir='ltr'><strong>Ἕξεδέχοντο</strong></span> <span class='ocrx_word' id='word_1_720' title='bbox 3502 2568 3632 2637; x_wconf 80' lang='grc' dir='ltr'><strong>γὰρ,</strong></span> <span class='ocrx_word' id='word_1_721' title='bbox 3657 2565 3818 2637; x_wconf 73' lang='grc' dir='ltr'><strong>φησι,</strong></span> 
     </span>
    </p>
   </div>
   <div class='ocr_carea' id='block_1_94' title="bbox 2232 2647 3821 2723">
    <p class='ocr_par' dir='ltr' id='par_1_94' title="bbox 2232 2647 3821 2723">
     <span class='ocr_line' id='line_1_94' title="bbox 2232 2647 3821 2723; baseline -0.003 -14"><span class='ocrx_word' id='word_1_722' title='bbox 2232 2655 2349 2721; x_wconf 79' lang='grc' dir='ltr'><strong>τὴν</strong></span> <span class='ocrx_word' id='word_1_723' title='bbox 2381 2654 2523 2721; x_wconf 86' lang='grc' dir='ltr'><strong>τοὺς</strong></span> <span class='ocrx_word' id='word_1_724' title='bbox 2550 2653 2864 2723; x_wconf 85' lang='grc' dir='ltr'><strong>θεμελίους</strong></span> <span class='ocrx_word' id='word_1_725' title='bbox 2906 2654 3179 2721; x_wconf 78' lang='grc' dir='ltr'><strong>ἔχουσαν</strong></span> <span class='ocrx_word' id='word_1_726' title='bbox 3207 2655 3411 2716; x_wconf 83' lang='grc' dir='ltr'><strong>πόλιν,</strong></span> <span class='ocrx_word' id='word_1_727' title='bbox 3442 2647 3518 2721; x_wconf 82' lang='grc' dir='ltr'><strong>ἧς</strong></span> <span class='ocrx_word' id='word_1_728' title='bbox 3539 2652 3821 2721; x_wconf 82' lang='grc' dir='ltr'><strong>τεχνίτης</strong></span> 
     </span>
    </p>
   </div>
   <div class='ocr_carea' id='block_1_95' title="bbox 2232 2735 3820 2807">
    <p class='ocr_par' dir='ltr' id='par_1_95' title="bbox 2232 2735 3820 2807">
     <span class='ocr_line' id='line_1_95' title="bbox 2232 2735 3820 2807; baseline -0.003 -16"><span class='ocrx_word' id='word_1_729' title='bbox 2232 2738 2331 2791; x_wconf 78' lang='grc' dir='ltr'><strong>καί</strong></span> <span class='ocrx_word' id='word_1_730' title='bbox 2374 2736 2731 2807; x_wconf 77' lang='grc' dir='ltr'><strong>δημιουργὸς</strong></span> <span class='ocrx_word' id='word_1_731' title='bbox 2759 2739 2792 2791; x_wconf 80' lang='grc' dir='ltr'><strong>ό</strong></span> <span class='ocrx_word' id='word_1_732' title='bbox 2824 2737 2991 2797; x_wconf 81' lang='grc' dir='ltr'><strong>Θεός.</strong></span> <span class='ocrx_word' id='word_1_733' title='bbox 3033 2737 3199 2807; x_wconf 74' lang='grc' dir='ltr'><strong>Ὁρᾷς</strong></span> <span class='ocrx_word' id='word_1_734' title='bbox 3226 2736 3308 2789; x_wconf 80' lang='grc' dir='ltr'><strong>ὅτι</strong></span> <span class='ocrx_word' id='word_1_735' title='bbox 3338 2736 3423 2800; x_wconf 91' lang='grc' dir='ltr'><strong>τὸ,</strong></span> <span class='ocrx_word' id='word_1_736' title='bbox 3453 2736 3734 2797; x_wconf 79' lang='grc' dir='ltr'><strong>Ἔλαὸον,</strong></span> <span class='ocrx_word' id='word_1_737' title='bbox 3758 2735 3820 2787; x_wconf 84' lang='grc' dir='ltr'><strong>τὸ</strong></span> 
     </span>
    </p>
   </div>
   <div class='ocr_carea' id='block_1_96' title="bbox 2233 2820 3819 2893">
    <p class='ocr_par' dir='ltr' id='par_1_96' title="bbox 2233 2820 3819 2893">
     <span class='ocr_line' id='line_1_96' title="bbox 2233 2820 3819 2893; baseline -0.003 -18"><span class='ocrx_word' id='word_1_738' title='bbox 2233 2823 2335 2893; x_wconf 83' lang='grc' dir='ltr'><strong>’ήδη</strong></span> <span class='ocrx_word' id='word_1_739' title='bbox 2357 2821 2613 2887; x_wconf 76' lang='grc' dir='ltr'><strong>δέξασθαί</strong></span> <span class='ocrx_word' id='word_1_740' title='bbox 2662 2822 2780 2874; x_wconf 85' lang='grc' dir='ltr'><strong>ἐστι</strong></span> <span class='ocrx_word' id='word_1_741' title='bbox 2829 2821 2923 2875; x_wconf 78' lang='grc' dir='ltr'><strong>καὶ</strong></span> <span class='ocrx_word' id='word_1_742' title='bbox 2962 2822 3239 2892; x_wconf 80' lang='grc' dir='ltr'><strong>θαρσῆσαι</strong></span> <span class='ocrx_word' id='word_1_743' title='bbox 3281 2821 3423 2892; x_wconf 78' lang='grc' dir='ltr'><strong>ὑπὲρ</strong></span> <span class='ocrx_word' id='word_1_744' title='bbox 3476 2820 3700 2886; x_wconf 88' lang='grc' dir='ltr'><strong>αύτῶν;</strong></span> <span class='ocrx_word' id='word_1_745' title='bbox 3756 2820 3819 2872; x_wconf 84' lang='grc' dir='ltr'><strong>Εἰ</strong></span> 
     </span>
    </p>
   </div>
   <div class='ocr_carea' id='block_1_97' title="bbox 2232 2903 3821 2975">
    <p class='ocr_par' dir='ltr' id='par_1_97' title="bbox 2232 2903 3821 2975">
     <span class='ocr_line' id='line_1_97' title="bbox 2232 2903 3821 2975; baseline -0.003 -16"><span class='ocrx_word' id='word_1_746' title='bbox 2232 2907 2417 2959; x_wconf 86' lang='grc' dir='ltr'><strong>τοίνυν</strong></span> <span class='ocrx_word' id='word_1_747' title='bbox 2444 2906 2504 2959; x_wconf 88' lang='grc' dir='ltr'><strong>τὸ</strong></span> <span class='ocrx_word' id='word_1_748' title='bbox 2546 2904 2822 2975; x_wconf 81' lang='grc' dir='ltr'><strong>θαρσῆσαι</strong></span> <span class='ocrx_word' id='word_1_749' title='bbox 2860 2904 3050 2959; x_wconf 80' lang='grc' dir='ltr'><strong>λαϐεῖν</strong></span> <span class='ocrx_word' id='word_1_750' title='bbox 3090 2906 3272 2967; x_wconf 86' lang='grc' dir='ltr'><strong>ἐστιν,</strong></span> <span class='ocrx_word' id='word_1_751' title='bbox 3314 2903 3492 2975; x_wconf 72' lang='grc' dir='ltr'><strong>ἔνεστι</strong></span> <span class='ocrx_word' id='word_1_752' title='bbox 3545 2906 3642 2958; x_wconf 82' lang='grc' dir='ltr'><strong>καὶ</strong></span> <span class='ocrx_word' id='word_1_753' title='bbox 3692 2903 3821 2974; x_wconf 78' lang='grc' dir='ltr'><strong>ὑμῖν</strong></span> 
     </span>
    </p>
   </div>
   <div class='ocr_carea' id='block_1_98' title="bbox 2234 2969 3818 3061">
    <p class='ocr_par' dir='ltr' id='par_1_98' title="bbox 2234 2969 3818 3061">
     <span class='ocr_line' id='line_1_98' title="bbox 2234 2969 3818 3061; baseline -0.001 -19"><span class='ocrx_word' id='word_1_754' title='bbox 2234 2989 2439 3046; x_wconf 73' lang='grc' dir='ltr'><strong>λαϐεῖν.</strong></span> <span class='ocrx_word' id='word_1_755' title='bbox 2472 2969 2631 3045; x_wconf 73' lang='grc' dir='ltr'><strong>Οὗτοί</strong></span> <span class='ocrx_word' id='word_1_756' title='bbox 2663 2969 2791 3061; x_wconf 72' lang='grc' dir='ltr'><strong>γάρ,</strong></span> <span class='ocrx_word' id='word_1_757' title='bbox 2840 2992 2888 3043; x_wconf 85' lang='grc' dir='ltr'><strong>εί</strong></span> <span class='ocrx_word' id='word_1_758' title='bbox 2937 2989 3030 3043; x_wconf 77' lang='grc' dir='ltr'><strong>καὶ</strong></span> <span class='ocrx_word' id='word_1_759' title='bbox 3088 2990 3164 3061; x_wconf 83' lang='grc' dir='ltr'><strong>μή</strong></span> <span class='ocrx_word' id='word_1_760' title='bbox 3214 2969 3542 3061; x_wconf 67' lang='grc' dir='ltr'><strong>ἀπήλαυσαν</strong></span> <span class='ocrx_word' id='word_1_761' title='bbox 3590 2969 3818 3053; x_wconf 84' lang='grc' dir='ltr'><strong>τούτων,</strong></span> 
     </span>
    </p>
   </div>
   <div class='ocr_carea' id='block_1_99' title="bbox 2234 3071 3821 3146">
    <p class='ocr_par' dir='ltr' id='par_1_99' title="bbox 2234 3071 3821 3146">
     <span class='ocr_line' id='line_1_99' title="bbox 2234 3071 3821 3146; baseline -0.002 -17"><span class='ocrx_word' id='word_1_762' title='bbox 2234 3073 2353 3129; x_wconf 86' lang='grc' dir='ltr'><strong>ἀλλ’</strong></span> <span class='ocrx_word' id='word_1_763' title='bbox 2380 3076 2530 3145; x_wconf 86' lang='grc' dir='ltr'><strong>ὅμως</strong></span> <span class='ocrx_word' id='word_1_764' title='bbox 2562 3074 2642 3146; x_wconf 81' lang='grc' dir='ltr'><strong>τῷ</strong></span> <span class='ocrx_word' id='word_1_765' title='bbox 2694 3073 2846 3144; x_wconf 81' lang='grc' dir='ltr'><strong>πόθῳ</strong></span> <span class='ocrx_word' id='word_1_766' title='bbox 2897 3072 3172 3143; x_wconf 86' lang='grc' dir='ltr'><strong>ἐθεώρουν</strong></span> <span class='ocrx_word' id='word_1_767' title='bbox 3210 3075 3402 3137; x_wconf 80' lang='grc' dir='ltr'><strong>αὐτάς.</strong></span> <span class='ocrx_word' id='word_1_768' title='bbox 3429 3073 3495 3128; x_wconf 87' lang='grc' dir='ltr'><strong>Τί</strong></span> <span class='ocrx_word' id='word_1_769' title='bbox 3541 3074 3605 3144; x_wconf 79' lang='grc' dir='ltr'><strong>δὴ</strong></span> <span class='ocrx_word' id='word_1_770' title='bbox 3647 3071 3821 3127; x_wconf 81' lang='grc' dir='ltr'><strong>ταῦτα</strong></span> 
     </span>
    </p>
   </div>
   <div class='ocr_carea' id='block_1_100' title="bbox 2234 3156 3819 3228">
    <p class='ocr_par' dir='ltr' id='par_1_100' title="bbox 2234 3156 3819 3228">
     <span class='ocr_line' id='line_1_100' title="bbox 2234 3156 3819 3228; baseline -0.001 -18"><span class='ocrx_word' id='word_1_771' title='bbox 2234 3156 2486 3228; x_wconf 80' lang='grc' dir='ltr'><strong>γίνεταις</strong></span> <span class='ocrx_word' id='word_1_772' title='bbox 2536 3157 2656 3212; x_wconf 82' lang='grc' dir='ltr'><strong>Ἵνα</strong></span> <span class='ocrx_word' id='word_1_773' title='bbox 2700 3159 2865 3228; x_wconf 74' lang='grc' dir='ltr'><strong>ἡμεῖς</strong></span> <span class='ocrx_word' id='word_1_774' title='bbox 2903 3156 3311 3228; x_wconf 81' lang='grc' dir='ltr'><strong>αἰσχυνθῶμεν,</strong></span> <span class='ocrx_word' id='word_1_775' title='bbox 3352 3158 3434 3211; x_wconf 86' lang='grc' dir='ltr'><strong>ὃτι</strong></span> <span class='ocrx_word' id='word_1_776' title='bbox 3463 3158 3666 3209; x_wconf 87' lang='grc' dir='ltr'><strong>ἐκεῖνοι</strong></span> <span class='ocrx_word' id='word_1_777' title='bbox 3698 3156 3819 3228; x_wconf 70' lang='grc' dir='ltr'><strong>μὲν,</strong></span> 
     </span>
    </p>
   </div>
   <div class='ocr_carea' id='block_1_101' title="bbox 2236 3240 3820 3312">
    <p class='ocr_par' dir='ltr' id='par_1_101' title="bbox 2236 3240 3820 3312">
     <span class='ocr_line' id='line_1_101' title="bbox 2236 3240 3820 3312; baseline -0.003 -16"><span class='ocrx_word' id='word_1_778' title='bbox 2236 3243 2334 3296; x_wconf 73' lang='grc' dir='ltr'><strong>καὶ</strong></span> <span class='ocrx_word' id='word_1_779' title='bbox 2356 3241 2845 3312; x_wconf 84' lang='grc' dir='ltr'><strong>ἐπαγγελλομένων</strong></span> <span class='ocrx_word' id='word_1_780' title='bbox 2886 3241 3070 3304; x_wconf 79' lang='grc' dir='ltr'><strong>αὐτοῖς</strong></span> <span class='ocrx_word' id='word_1_781' title='bbox 3102 3240 3211 3293; x_wconf 89' lang='grc' dir='ltr'><strong>τῶν</strong></span> <span class='ocrx_word' id='word_1_782' title='bbox 3243 3241 3302 3293; x_wconf 85' lang='grc' dir='ltr'><strong>ἐν</strong></span> <span class='ocrx_word' id='word_1_783' title='bbox 3328 3243 3392 3311; x_wconf 78' lang='grc' dir='ltr'><strong>τῇ</strong></span> <span class='ocrx_word' id='word_1_784' title='bbox 3428 3242 3526 3311; x_wconf 84' lang='grc' dir='ltr'><strong>γῇ,</strong></span> <span class='ocrx_word' id='word_1_785' title='bbox 3556 3240 3619 3293; x_wconf 85' lang='grc' dir='ltr'><strong>οὐ</strong></span> <span class='ocrx_word' id='word_1_786' title='bbox 3650 3255 3820 3311; x_wconf 77' lang='grc' dir='ltr'><strong>προσο</strong></span> 
     </span>
    </p>
   </div>
   <div class='ocr_carea' id='block_1_102' title="bbox 2235 3321 3823 3396">
    <p class='ocr_par' dir='ltr' id='par_1_102' title="bbox 2235 3321 3823 3396">
     <span class='ocr_line' id='line_1_102' title="bbox 2235 3321 3823 3396; baseline -0.003 -17"><span class='ocrx_word' id='word_1_787' title='bbox 2235 3327 2404 3396; x_wconf 82' lang='grc' dir='ltr'><strong>εἶχον,</strong></span> <span class='ocrx_word' id='word_1_788' title='bbox 2463 3324 2600 3377; x_wconf 85' lang='grc' dir='ltr'><strong>ἀ).λά</strong></span> <span class='ocrx_word' id='word_1_789' title='bbox 2639 3326 2742 3395; x_wconf 86' lang='grc' dir='ltr'><strong>τὴν</strong></span> <span class='ocrx_word' id='word_1_790' title='bbox 2769 3323 3074 3394; x_wconf 86' lang='grc' dir='ltr'><strong>μέλλουσαν</strong></span> <span class='ocrx_word' id='word_1_791' title='bbox 3117 3326 3271 3376; x_wconf 83' lang='grc' dir='ltr'><strong>πόλιν</strong></span> <span class='ocrx_word' id='word_1_792' title='bbox 3305 3322 3535 3394; x_wconf 77' lang='grc' dir='ltr'><strong>ἐζήτουν</strong></span> <span class='ocrx_word' id='word_1_793' title='bbox 3564 3340 3579 3354; x_wconf 77' lang='grc' dir='ltr'><strong>ο</strong></span> <span class='ocrx_word' id='word_1_794' title='bbox 3609 3324 3742 3394; x_wconf 79' lang='grc' dir='ltr'><strong>ημῖν</strong></span> <span class='ocrx_word' id='word_1_795' title='bbox 3766 3321 3823 3375; x_wconf 76' lang='grc' dir='ltr'><strong>δέ</strong></span> 
     </span>
    </p>
   </div>
   <div class='ocr_carea' id='block_1_103' title="bbox 2235 3404 3819 3478">
    <p class='ocr_par' dir='ltr' id='par_1_103' title="bbox 2235 3404 3819 3478">
     <span class='ocr_line' id='line_1_103' title="bbox 2235 3404 3819 3478; baseline -0.003 -17"><span class='ocrx_word' id='word_1_796' title='bbox 2235 3408 2348 3461; x_wconf 78' lang='grc' dir='ltr'><strong>ἄνω</strong></span> <span class='ocrx_word' id='word_1_797' title='bbox 2365 3408 2460 3461; x_wconf 74' lang='grc' dir='ltr'><strong>καὶ</strong></span> <span class='ocrx_word' id='word_1_798' title='bbox 2482 3408 2634 3460; x_wconf 79' lang='grc' dir='ltr'><strong>κάτω</strong></span> <span class='ocrx_word' id='word_1_799' title='bbox 2648 3409 2675 3460; x_wconf 91' lang='lat'><strong>6</strong></span> <span class='ocrx_word' id='word_1_800' title='bbox 2691 3406 2825 3469; x_wconf 81' lang='grc' dir='ltr'><strong>Θεὸς</strong></span> <span class='ocrx_word' id='word_1_801' title='bbox 2849 3404 2979 3476; x_wconf 76' lang='grc' dir='ltr'><strong>περὶ</strong></span> <span class='ocrx_word' id='word_1_802' title='bbox 3001 3408 3100 3478; x_wconf 84' lang='grc' dir='ltr'><strong>τῆς</strong></span> <span class='ocrx_word' id='word_1_803' title='bbox 3122 3406 3234 3459; x_wconf 78' lang='grc' dir='ltr'><strong>ἀνω</strong></span> <span class='ocrx_word' id='word_1_804' title='bbox 3256 3406 3567 3474; x_wconf 83' lang='grc' dir='ltr'><strong>διαλέγεται</strong></span> <span class='ocrx_word' id='word_1_805' title='bbox 3587 3404 3819 3469; x_wconf 76' lang='grc' dir='ltr'><strong>πόλεως,</strong></span> 
     </span>
    </p>
   </div>
   <div class='ocr_carea' id='block_1_104' title="bbox 2237 3486 3883 3562">
    <p class='ocr_par' dir='ltr' id='par_1_104' title="bbox 2237 3486 3883 3562">
     <span class='ocr_line' id='line_1_104' title="bbox 2237 3486 3883 3562; baseline -0.003 -18"><span class='ocrx_word' id='word_1_806' title='bbox 2237 3494 2332 3545; x_wconf 75' lang='grc' dir='ltr'><strong>καὶ</strong></span> <span class='ocrx_word' id='word_1_807' title='bbox 2359 3490 2457 3561; x_wconf 81' lang='grc' dir='ltr'><strong>τὴν</strong></span> <span class='ocrx_word' id='word_1_808' title='bbox 2513 3490 2749 3545; x_wconf 77' lang='grc' dir='ltr'><strong>ἐνταῦθα</strong></span> <span class='ocrx_word' id='word_1_809' title='bbox 2780 3489 3073 3562; x_wconf 76' lang='grc' dir='ltr'><strong>ζητοῦμεν.</strong></span> <span class='ocrx_word' id='word_1_810' title='bbox 3104 3486 3272 3543; x_wconf 85' lang='grc' dir='ltr'><strong>Εἶπεν</strong></span> <span class='ocrx_word' id='word_1_811' title='bbox 3299 3490 3504 3555; x_wconf 77' lang='grc' dir='ltr'><strong>αὐτοῖς,</strong></span> <span class='ocrx_word' id='word_1_812' title='bbox 3537 3489 3622 3542; x_wconf 80' lang='grc' dir='ltr'><strong>ὅτι</strong></span> <span class='ocrx_word' id='word_1_813' title='bbox 3646 3488 3821 3542; x_wconf 83' lang='grc' dir='ltr'><strong>Δώσω</strong></span> <span class='ocrx_word' id='word_1_814' title='bbox 3876 3498 3883 3505; x_wconf 92' lang='grc'><em>’</em></span> 
     </span>
    </p>
   </div>
   <div class='ocr_carea' id='block_1_105' title="bbox 2237 3569 3819 3645">
    <p class='ocr_par' dir='ltr' id='par_1_105' title="bbox 2237 3569 3819 3645">
     <span class='ocr_line' id='line_1_105' title="bbox 2237 3569 3819 3645; baseline -0.003 -15"><span class='ocrx_word' id='word_1_815' title='bbox 2237 3574 2381 3644; x_wconf 84' lang='grc' dir='ltr'><strong>ὑμῖν</strong></span> <span class='ocrx_word' id='word_1_816' title='bbox 2424 3576 2495 3629; x_wconf 90' lang='grc' dir='ltr'><strong>τὰ</strong></span> <span class='ocrx_word' id='word_1_817' title='bbox 2522 3576 2593 3629; x_wconf 83' lang='grc' dir='ltr'><strong>ἐν</strong></span> <span class='ocrx_word' id='word_1_818' title='bbox 2626 3574 2705 3640; x_wconf 85' lang='grc' dir='ltr'><strong>τῷ</strong></span> <span class='ocrx_word' id='word_1_819' title='bbox 2731 3575 2981 3644; x_wconf 79' lang='grc' dir='ltr'><strong>παρόντι</strong></span> <span class='ocrx_word' id='word_1_820' title='bbox 3008 3590 3021 3603; x_wconf 73' lang='grc' dir='ltr'><strong>ο</strong></span> <span class='ocrx_word' id='word_1_821' title='bbox 3065 3573 3329 3645; x_wconf 78' lang='grc' dir='ltr'><strong>ἐπειδὴδὲ</strong></span> <span class='ocrx_word' id='word_1_822' title='bbox 3358 3569 3489 3635; x_wconf 78' lang='grc' dir='ltr'><strong>εἶδε,</strong></span> <span class='ocrx_word' id='word_1_823' title='bbox 3533 3572 3736 3643; x_wconf 78' lang='grc' dir='ltr'><strong>μᾶλλον</strong></span> <span class='ocrx_word' id='word_1_824' title='bbox 3764 3570 3819 3624; x_wconf 78' lang='grc' dir='ltr'><strong>δέ</strong></span> 
     </span>
    </p>
   </div>
   <div class='ocr_carea' id='block_1_106' title="bbox 2238 3656 3817 3729">
    <p class='ocr_par' dir='ltr' id='par_1_106' title="bbox 2238 3656 3817 3729">
     <span class='ocr_line' id='line_1_106' title="bbox 2238 3656 3817 3729; baseline 0 -18"><span class='ocrx_word' id='word_1_825' title='bbox 2238 3658 2427 3729; x_wconf 85' lang='grc' dir='ltr'><strong>ἐπειδὴ</strong></span> <span class='ocrx_word' id='word_1_826' title='bbox 2462 3658 2670 3725; x_wconf 73' lang='grc' dir='ltr'><strong>ἔδειξαν</strong></span> <span class='ocrx_word' id='word_1_827' title='bbox 2702 3659 2930 3723; x_wconf 80' lang='grc' dir='ltr'><strong>ἑαυτοὺς</strong></span> <span class='ocrx_word' id='word_1_828' title='bbox 2964 3659 3230 3728; x_wconf 73' lang='grc' dir='ltr'><strong>μειζόνων</strong></span> <span class='ocrx_word' id='word_1_829' title='bbox 3264 3658 3427 3722; x_wconf 74' lang='grc' dir='ltr'><strong>ὄντας</strong></span> <span class='ocrx_word' id='word_1_830' title='bbox 3460 3657 3666 3725; x_wconf 79' lang='grc' dir='ltr'><strong>ἀξίους,</strong></span> <span class='ocrx_word' id='word_1_831' title='bbox 3697 3656 3817 3711; x_wconf 76' lang='grc' dir='ltr'><strong>τότε</strong></span> 
     </span>
    </p>
   </div>
   <div class='ocr_carea' id='block_1_107' title="bbox 2237 3741 3819 3811">
    <p class='ocr_par' dir='ltr' id='par_1_107' title="bbox 2237 3741 3819 3811">
     <span class='ocr_line' id='line_1_107' title="bbox 2237 3741 3819 3811; baseline 0.001 -18"><span class='ocrx_word' id='word_1_832' title='bbox 2237 3743 2420 3795; x_wconf 77' lang='grc' dir='ltr'><strong>οὐκέτι</strong></span> <span class='ocrx_word' id='word_1_833' title='bbox 2453 3742 2649 3805; x_wconf 82' lang='grc' dir='ltr'><strong>αὐτοὺς</strong></span> <span class='ocrx_word' id='word_1_834' title='bbox 2680 3743 2876 3811; x_wconf 74' lang='grc' dir='ltr'><strong>ἀφίησι</strong></span> <span class='ocrx_word' id='word_1_835' title='bbox 2906 3742 3080 3796; x_wconf 73' lang='grc' dir='ltr'><strong>ταῦτα</strong></span> <span class='ocrx_word' id='word_1_836' title='bbox 3132 3741 3343 3809; x_wconf 89' lang='grc' dir='ltr'><strong>λαϐεῖν,</strong></span> <span class='ocrx_word' id='word_1_837' title='bbox 3391 3742 3507 3796; x_wconf 76' lang='grc' dir='ltr'><strong>ἀλλ’</strong></span> <span class='ocrx_word' id='word_1_838' title='bbox 3537 3745 3720 3797; x_wconf 87' lang='grc' dir='ltr'><strong>ἐκεῖνα</strong></span> <span class='ocrx_word' id='word_1_839' title='bbox 3752 3742 3819 3796; x_wconf 73' lang='grc' dir='ltr'><strong>τὰ</strong></span> 
     </span>
    </p>
   </div>
   <div class='ocr_carea' id='block_1_108' title="bbox 2241 3824 3817 3898">
    <p class='ocr_par' dir='ltr' id='par_1_108' title="bbox 2241 3824 3817 3898">
     <span class='ocr_line' id='line_1_108' title="bbox 2241 3824 3817 3898; baseline 0.001 -20"><span class='ocrx_word' id='word_1_840' title='bbox 2241 3826 2484 3897; x_wconf 76' lang='grc' dir='ltr'><strong>μείζονα,</strong></span> <span class='ocrx_word' id='word_1_841' title='bbox 2519 3826 2844 3898; x_wconf 86' lang='grc' dir='ltr'><strong>βουλόμενος</strong></span> <span class='ocrx_word' id='word_1_842' title='bbox 2873 3828 3005 3898; x_wconf 86' lang='grc' dir='ltr'><strong>ήμῖν</strong></span> <span class='ocrx_word' id='word_1_843' title='bbox 3056 3828 3227 3893; x_wconf 78' lang='grc' dir='ltr'><strong>δεῖξαι</strong></span> <span class='ocrx_word' id='word_1_844' title='bbox 3255 3828 3338 3881; x_wconf 87' lang='grc' dir='ltr'><strong>ὅτι</strong></span> <span class='ocrx_word' id='word_1_845' title='bbox 3383 3826 3650 3898; x_wconf 81' lang='grc' dir='ltr'><strong>μειζόνων</strong></span> <span class='ocrx_word' id='word_1_846' title='bbox 3678 3824 3817 3892; x_wconf 77' lang='grc' dir='ltr'><strong>ἄξιοί</strong></span> 
     </span>
    </p>
   </div>
   <div class='ocr_carea' id='block_1_109' title="bbox 2237 3911 3819 3983">
    <p class='ocr_par' dir='ltr' id='par_1_109' title="bbox 2237 3911 3819 3983">
     <span class='ocr_line' id='line_1_109' title="bbox 2237 3911 3819 3983; baseline 0.001 -20"><span class='ocrx_word' id='word_1_847' title='bbox 2237 3912 2365 3977; x_wconf 79' lang='grc' dir='ltr'><strong>εἰσι,</strong></span> <span class='ocrx_word' id='word_1_848' title='bbox 2404 3912 2482 3981; x_wconf 83' lang='grc' dir='ltr'><strong>μὴ</strong></span> <span class='ocrx_word' id='word_1_849' title='bbox 2531 3911 2860 3982; x_wconf 83' lang='grc' dir='ltr'><strong>θελήσαντες</strong></span> <span class='ocrx_word' id='word_1_850' title='bbox 2912 3912 3275 3983; x_wconf 58' lang='grc' dir='ltr'><strong>πφσδεθῆναι</strong></span> <span class='ocrx_word' id='word_1_851' title='bbox 3330 3911 3546 3977; x_wconf 86' lang='grc' dir='ltr'><strong>τούτοις</strong></span> <span class='ocrx_word' id='word_1_852' title='bbox 3569 3928 3599 3947; x_wconf 77' lang='grc'><strong><em>⁸-</em></strong></span> <span class='ocrx_word' id='word_1_853' title='bbox 3640 3912 3716 3978; x_wconf 86' lang='grc' dir='ltr'><strong>ῶς</strong></span> <span class='ocrx_word' id='word_1_854' title='bbox 3752 3912 3819 3967; x_wconf 80' lang='grc' dir='ltr'><strong>ἄν</strong></span> 
     </span>
    </p>
   </div>
   <div class='ocr_carea' id='block_1_110' title="bbox 2235 3984 3817 4069">
    <p class='ocr_par' dir='ltr' id='par_1_110' title="bbox 2235 3984 3817 4069">
     <span class='ocr_line' id='line_1_110' title="bbox 2235 3984 3817 4069; baseline 0.003 -23"><span class='ocrx_word' id='word_1_855' title='bbox 2235 4012 2317 4057; x_wconf 93' lang='grc' dir='ltr'><strong>τις</strong></span> <span class='ocrx_word' id='word_1_856' title='bbox 2347 3994 2552 4066; x_wconf 88' lang='grc' dir='ltr'><strong>συνετῷ</strong></span> <span class='ocrx_word' id='word_1_857' title='bbox 2573 3995 2965 4064; x_wconf 84' lang='grc' dir='ltr'><strong>ἐπαγγέλλοιτο</strong></span> <span class='ocrx_word' id='word_1_858' title='bbox 2994 3994 3244 4061; x_wconf 73' lang='grc' dir='ltr'><strong>παιδικὰ,</strong></span> <span class='ocrx_word' id='word_1_859' title='bbox 3285 3984 3386 4067; x_wconf 63' lang='grc' dir='ltr'><strong>ούχ</strong></span> <span class='ocrx_word' id='word_1_860' title='bbox 3420 3996 3511 4049; x_wconf 81' lang='grc' dir='ltr'><strong>ἵνα</strong></span> <span class='ocrx_word' id='word_1_861' title='bbox 3536 3997 3676 4069; x_wconf 77' lang='grc' dir='ltr'><strong>λάϐῃ</strong></span> <span class='ocrx_word' id='word_1_862' title='bbox 3702 3996 3817 4051; x_wconf 77' lang='grc' dir='ltr'><strong>ἀλλ’</strong></span> 
     </span>
    </p>
   </div>
   <div class='ocr_carea' id='block_1_111' title="bbox 2235 4079 3821 4153">
    <p class='ocr_par' dir='ltr' id='par_1_111' title="bbox 2235 4079 3821 4153">
     <span class='ocr_line' id='line_1_111' title="bbox 2235 4079 3821 4153; baseline 0.003 -22"><span class='ocrx_word' id='word_1_863' title='bbox 2235 4079 2679 4150; x_wconf 82' lang='grc' dir='ltr'><strong>ἐπιδεικνύμενος</strong></span> <span class='ocrx_word' id='word_1_864' title='bbox 2732 4079 2899 4133; x_wconf 79' lang='grc' dir='ltr'><strong>αὐτοῦ</strong></span> <span class='ocrx_word' id='word_1_865' title='bbox 2945 4082 3061 4153; x_wconf 23' lang='grc' dir='ltr'><strong>,τὴν</strong></span> <span class='ocrx_word' id='word_1_866' title='bbox 3112 4082 3475 4150; x_wconf 80' lang='grc' dir='ltr'><strong>φιλοσοφίαν,</strong></span> <span class='ocrx_word' id='word_1_867' title='bbox 3536 4082 3821 4145; x_wconf 81' lang='grc' dir='ltr'><strong>αἰτοῦντος</strong></span> 
     </span>
    </p>
   </div>
   <div class='ocr_carea' id='block_1_112' title="bbox 2235 4164 3821 4235">
    <p class='ocr_par' dir='ltr' id='par_1_112' title="bbox 2235 4164 3821 4235">
     <span class='ocr_line' id='line_1_112' title="bbox 2235 4164 3821 4235; baseline 0.001 -16"><span class='ocrx_word' id='word_1_868' title='bbox 2235 4164 2448 4219; x_wconf 86' lang='grc' dir='ltr'><strong>ἐκείνου</strong></span> <span class='ocrx_word' id='word_1_869' title='bbox 2475 4164 2546 4216; x_wconf 81' lang='grc' dir='ltr'><strong>τὰ</strong></span> <span class='ocrx_word' id='word_1_870' title='bbox 2578 4164 2824 4234; x_wconf 79' lang='grc' dir='ltr'><strong>μείζονα.</strong></span> <span class='ocrx_word' id='word_1_871' title='bbox 2859 4164 3032 4217; x_wconf 80' lang='grc' dir='ltr'><strong>Τοῦτο</strong></span> <span class='ocrx_word' id='word_1_872' title='bbox 3069 4166 3177 4235; x_wconf 78' lang='grc' dir='ltr'><strong>γάρ</strong></span> <span class='ocrx_word' id='word_1_873' title='bbox 3218 4167 3337 4219; x_wconf 86' lang='grc' dir='ltr'><strong>ἐστι</strong></span> <span class='ocrx_word' id='word_1_874' title='bbox 3367 4165 3705 4233; x_wconf 87' lang='grc' dir='ltr'><strong>δεικνύντος,</strong></span> <span class='ocrx_word' id='word_1_875' title='bbox 3738 4168 3821 4220; x_wconf 87' lang='grc' dir='ltr'><strong>δτι</strong></span> 
     </span>
    </p>
   </div>
   <div class='ocr_carea' id='block_1_113' title="bbox 2241 4247 3822 4319">
    <p class='ocr_par' dir='ltr' id='par_1_113' title="bbox 2241 4247 3822 4319">
     <span class='ocr_line' id='line_1_113' title="bbox 2241 4247 3822 4319; baseline 0.002 -19"><span class='ocrx_word' id='word_1_876' title='bbox 2241 4248 2379 4318; x_wconf 87' lang='grc' dir='ltr'><strong>μετά</strong></span> <span class='ocrx_word' id='word_1_877' title='bbox 2404 4247 2675 4317; x_wconf 86' lang='grc' dir='ltr'><strong>τοσαύτης</strong></span> <span class='ocrx_word' id='word_1_878' title='bbox 2706 4248 2948 4317; x_wconf 81' lang='grc' dir='ltr'><strong>σπουδῆς</strong></span> <span class='ocrx_word' id='word_1_879' title='bbox 2978 4249 3273 4319; x_wconf 85' lang='grc' dir='ltr'><strong>ἀπείχοντο</strong></span> <span class='ocrx_word' id='word_1_880' title='bbox 3311 4250 3411 4319; x_wconf 73' lang='grc' dir='ltr'><strong>τῆς</strong></span> <span class='ocrx_word' id='word_1_881' title='bbox 3441 4250 3567 4318; x_wconf 80' lang='grc' dir='ltr'><strong>γῆς,</strong></span> <span class='ocrx_word' id='word_1_882' title='bbox 3588 4250 3671 4303; x_wconf 84' lang='grc' dir='ltr'><strong>ὅτι</strong></span> <span class='ocrx_word' id='word_1_883' title='bbox 3699 4251 3822 4304; x_wconf 75' lang='grc' dir='ltr'><strong>οὐδὲ</strong></span> 
     </span>
    </p>
   </div>
   <div class='ocr_carea' id='block_1_114' title="bbox 2235 4330 3823 4403">
    <p class='ocr_par' dir='ltr' id='par_1_114' title="bbox 2235 4330 3823 4403">
     <span class='ocr_line' id='line_1_114' title="bbox 2235 4330 3823 4403; baseline 0.003 -20"><span class='ocrx_word' id='word_1_884' title='bbox 2235 4331 2489 4400; x_wconf 86' lang='grc' dir='ltr'><strong>διδόμενα</strong></span> <span class='ocrx_word' id='word_1_885' title='bbox 2519 4330 2847 4402; x_wconf 81' lang='grc' dir='ltr'><strong>ἐλάμϐανον.</strong></span> <span class='ocrx_word' id='word_1_886' title='bbox 2877 4332 2919 4384; x_wconf 89' lang='grc' dir='ltr'>Τ</span> <span class='ocrx_word' id='word_1_887' title='bbox 2923 4333 3184 4403; x_wconf 86' lang='grc' dir='ltr'><strong>οιγαροῦν</strong></span> <span class='ocrx_word' id='word_1_888' title='bbox 3217 4333 3307 4386; x_wconf 74' lang='grc' dir='ltr'><strong>διὰ</strong></span> <span class='ocrx_word' id='word_1_889' title='bbox 3338 4333 3500 4385; x_wconf 80' lang='grc' dir='ltr'><strong>τοῦτο</strong></span> <span class='ocrx_word' id='word_1_890' title='bbox 3520 4334 3572 4386; x_wconf 89' lang='grc' dir='ltr'><strong>οί</strong></span> <span class='ocrx_word' id='word_1_891' title='bbox 3605 4334 3823 4403; x_wconf 77' lang='grc' dir='ltr'><strong>ἔκγονοι</strong></span> 
     </span>
    </p>
   </div>
   <div class='ocr_carea' id='block_1_115' title="bbox 2236 4412 3825 4487">
    <p class='ocr_par' dir='ltr' id='par_1_115' title="bbox 2236 4412 3825 4487">
     <span class='ocr_line' id='line_1_115' title="bbox 2236 4412 3825 4487; baseline 0.004 -22"><span class='ocrx_word' id='word_1_892' title='bbox 2236 4413 2608 4484; x_wconf 84' lang='grc' dir='ltr'><strong>λαμϐάνουσιν</strong></span> <span class='ocrx_word' id='word_1_893' title='bbox 2636 4430 2648 4443; x_wconf 90' lang='grc'><strong>·</strong></span> <span class='ocrx_word' id='word_1_894' title='bbox 2689 4415 2845 4469; x_wconf 76' lang='grc' dir='ltr'><strong>αὐτοὶ</strong></span> <span class='ocrx_word' id='word_1_895' title='bbox 2881 4415 2991 4486; x_wconf 81' lang='grc' dir='ltr'><strong>γὰρ</strong></span> <span class='ocrx_word' id='word_1_896' title='bbox 3033 4412 3175 4487; x_wconf 82' lang='grc' dir='ltr'><strong>ἦσαν</strong></span> <span class='ocrx_word' id='word_1_897' title='bbox 3229 4415 3331 4485; x_wconf 82' lang='grc' dir='ltr'><strong>τῆς</strong></span> <span class='ocrx_word' id='word_1_898' title='bbox 3377 4415 3485 4485; x_wconf 82' lang='grc' dir='ltr'><strong>γῆς</strong></span> <span class='ocrx_word' id='word_1_899' title='bbox 3538 4416 3701 4481; x_wconf 77' lang='grc' dir='ltr'><strong>ἄξιοι.</strong></span> <span class='ocrx_word' id='word_1_900' title='bbox 3758 4416 3825 4471; x_wconf 87' lang='grc' dir='ltr'><strong>Τί</strong></span> 
     </span>
    </p>
   </div>
   <div class='ocr_carea' id='block_1_116' title="bbox 2237 4496 3825 4571">
    <p class='ocr_par' dir='ltr' id='par_1_116' title="bbox 2237 4496 3825 4571">
     <span class='ocr_line' id='line_1_116' title="bbox 2237 4496 3825 4571; baseline 0.003 -18"><span class='ocrx_word' id='word_1_901' title='bbox 2237 4502 2371 4561; x_wconf 88' lang='grc' dir='ltr'><strong>ἐστι,</strong></span> <span class='ocrx_word' id='word_1_902' title='bbox 2412 4500 2531 4569; x_wconf 81' lang='grc' dir='ltr'><strong>Τὴν</strong></span> <span class='ocrx_word' id='word_1_903' title='bbox 2564 4500 2707 4567; x_wconf 89' lang='grc' dir='ltr'><strong>τοὺς</strong></span> <span class='ocrx_word' id='word_1_904' title='bbox 2751 4503 3068 4569; x_wconf 70' lang='grc' dir='ltr'><strong>θεμελίους</strong></span> <span class='ocrx_word' id='word_1_905' title='bbox 3107 4502 3379 4571; x_wconf 79' lang='grc' dir='ltr'><strong>ἔχουσαν</strong></span> <span class='ocrx_word' id='word_1_906' title='bbox 3424 4502 3647 4569; x_wconf 79' lang='grc' dir='ltr'><strong>πόλινς</strong></span> <span class='ocrx_word' id='word_1_907' title='bbox 3676 4496 3825 4559; x_wconf 73' lang='grc' dir='ltr'><strong>οὗτοι</strong></span> 
     </span>
    </p>
   </div>
   <div class='ocr_carea' id='block_1_117' title="bbox 2236 4584 3824 4657">
    <p class='ocr_par' dir='ltr' id='par_1_117' title="bbox 2236 4584 3824 4657">
     <span class='ocr_line' id='line_1_117' title="bbox 2236 4584 3824 4657; baseline 0.003 -19"><span class='ocrx_word' id='word_1_908' title='bbox 2236 4585 2467 4656; x_wconf 75' lang='grc' dir='ltr'><strong>γὰρούκ</strong></span> <span class='ocrx_word' id='word_1_909' title='bbox 2504 4586 2613 4637; x_wconf 80' lang='grc' dir='ltr'><strong>εἰσὶ</strong></span> <span class='ocrx_word' id='word_1_910' title='bbox 2646 4584 2925 4653; x_wconf 78' lang='grc' dir='ltr'><strong>θεμέλιοις</strong></span> <span class='ocrx_word' id='word_1_911' title='bbox 2976 4586 3120 4656; x_wconf 87' lang='grc' dir='ltr'><strong>Πρὸς</strong></span> <span class='ocrx_word' id='word_1_912' title='bbox 3150 4586 3439 4657; x_wconf 87' lang='grc' dir='ltr'><strong>σύγκρισιν</strong></span> <span class='ocrx_word' id='word_1_913' title='bbox 3468 4587 3695 4641; x_wconf 87' lang='grc' dir='ltr'><strong>ἐκείνων</strong></span> <span class='ocrx_word' id='word_1_914' title='bbox 3724 4590 3824 4641; x_wconf 86' lang='grc' dir='ltr'><strong>ούκ</strong></span> 
     </span>
    </p>
   </div>
   <div class='ocr_carea' id='block_1_118' title="bbox 2237 4664 3822 4740">
    <p class='ocr_par' dir='ltr' id='par_1_118' title="bbox 2237 4664 3822 4740">
     <span class='ocr_line' id='line_1_118' title="bbox 2237 4664 3822 4740; baseline 0.004 -19"><span class='ocrx_word' id='word_1_915' title='bbox 2237 4671 2397 4723; x_wconf 88' lang='grc' dir='ltr'><strong>εἰσίν.</strong></span> <span class='ocrx_word' id='word_1_916' title='bbox 2427 4664 2543 4735; x_wconf 87' lang='grc' dir='ltr'><strong>Ἦς</strong></span> <span class='ocrx_word' id='word_1_917' title='bbox 2564 4670 2841 4738; x_wconf 80' lang='grc' dir='ltr'><strong>τεχνίτης</strong></span> <span class='ocrx_word' id='word_1_918' title='bbox 2865 4669 2963 4723; x_wconf 82' lang='grc' dir='ltr'><strong>καὶ</strong></span> <span class='ocrx_word' id='word_1_919' title='bbox 2986 4670 3352 4740; x_wconf 64' lang='grc' dir='ltr'><strong>δημιοιψγὸς</strong></span> <span class='ocrx_word' id='word_1_920' title='bbox 3374 4674 3407 4724; x_wconf 81' lang='grc' dir='ltr'><strong>ό</strong></span> <span class='ocrx_word' id='word_1_921' title='bbox 3433 4674 3597 4737; x_wconf 72' lang='grc' dir='ltr'><strong>Θεός.</strong></span> <span class='ocrx_word' id='word_1_922' title='bbox 3626 4670 3822 4736; x_wconf 77' lang='grc' dir='ltr'><strong>Βαϐαὶ,</strong></span> 
     </span>
    </p>
   </div>
   <div class='ocr_carea' id='block_1_119' title="bbox 2237 4742 3825 4833">
    <p class='ocr_par' dir='ltr' id='par_1_119' title="bbox 2237 4742 3825 4833">
     <span class='ocr_line' id='line_1_119' title="bbox 2237 4742 3825 4833; baseline 0.003 -25"><span class='ocrx_word' id='word_1_923' title='bbox 2237 4742 2352 4809; x_wconf 75' lang='grc' dir='ltr'><strong>οἷον</strong></span> <span class='ocrx_word' id='word_1_924' title='bbox 2382 4756 2443 4808; x_wconf 90' lang='grc' dir='ltr'><strong>τὸ</strong></span> <span class='ocrx_word' id='word_1_925' title='bbox 2476 4753 2755 4825; x_wconf 85' lang='grc' dir='ltr'><strong>ἐγκώμιον</strong></span> <span class='ocrx_word' id='word_1_926' title='bbox 2801 4756 2900 4826; x_wconf 81' lang='grc' dir='ltr'><strong>τῆς</strong></span> <span class='ocrx_word' id='word_1_927' title='bbox 2938 4755 3146 4819; x_wconf 88' lang='grc' dir='ltr'><strong>πόλεως</strong></span> <span class='ocrx_word' id='word_1_928' title='bbox 3196 4755 3413 4833; x_wconf 87' lang='grc' dir='ltr'><strong>ἐκείνης</strong></span> <span class='ocrx_word' id='word_1_929' title='bbox 3442 4756 3455 4808; x_wconf 82' lang='grc'>1</span> <span class='ocrx_word' id='word_1_930' title='bbox 3488 4757 3695 4811; x_wconf 83' lang='grc' dir='ltr'><strong>Πίστει</strong></span> <span class='ocrx_word' id='word_1_931' title='bbox 3723 4758 3825 4813; x_wconf 79' lang='grc' dir='ltr'><strong>καί</strong></span> 
     </span>
    </p>
   </div>
   <div class='ocr_carea' id='block_1_120' title="bbox 2239 4839 3822 4913">
    <p class='ocr_par' dir='ltr' id='par_1_120' title="bbox 2239 4839 3822 4913">
     <span class='ocr_line' id='line_1_120' title="bbox 2239 4839 3822 4913; baseline 0.003 -20"><span class='ocrx_word' id='word_1_932' title='bbox 2239 4839 2392 4906; x_wconf 80' lang='grc' dir='ltr'><strong>αὐτὴ</strong></span> <span class='ocrx_word' id='word_1_933' title='bbox 2432 4840 2653 4909; x_wconf 80' lang='grc' dir='ltr'><strong>Σάρῤα.</strong></span> <span class='ocrx_word' id='word_1_934' title='bbox 2694 4839 3101 4911; x_wconf 84' lang='grc' dir='ltr'><strong>Ἐντρεπτικῶς</strong></span> <span class='ocrx_word' id='word_1_935' title='bbox 3138 4839 3376 4894; x_wconf 86' lang='grc' dir='ltr'><strong>ἐνταῦθα</strong></span> <span class='ocrx_word' id='word_1_936' title='bbox 3416 4840 3641 4911; x_wconf 72' lang='grc' dir='ltr'><strong>ἤρξατο,</strong></span> <span class='ocrx_word' id='word_1_937' title='bbox 3679 4843 3737 4895; x_wconf 88' lang='grc' dir='ltr'><strong>εῖ</strong></span> <span class='ocrx_word' id='word_1_938' title='bbox 3760 4861 3822 4913; x_wconf 89' lang='grc' dir='ltr'><strong>γε</strong></span> 
     </span>
    </p>
   </div>
   <div class='ocr_carea' id='block_1_121' title="bbox 2240 4922 3821 4994">
    <p class='ocr_par' dir='ltr' id='par_1_121' title="bbox 2240 4922 3821 4994">
     <span class='ocr_line' id='line_1_121' title="bbox 2240 4922 3821 4994; baseline 0.003 -18"><span class='ocrx_word' id='word_1_939' title='bbox 2240 4924 2498 4993; x_wconf 85' lang='grc' dir='ltr'><strong>γυναικὸς</strong></span> <span class='ocrx_word' id='word_1_940' title='bbox 2523 4922 2967 4994; x_wconf 77' lang='grc' dir='ltr'><strong>ὀλιγοψυχότεροι</strong></span> <span class='ocrx_word' id='word_1_941' title='bbox 2996 4927 3234 4992; x_wconf 79' lang='grc' dir='ltr'><strong>φανεῖεν.</strong></span> <span class='ocrx_word' id='word_1_942' title='bbox 3272 4922 3414 4976; x_wconf 79' lang='grc' dir='ltr'><strong>Ἀλλ’</strong></span> <span class='ocrx_word' id='word_1_943' title='bbox 3446 4927 3593 4979; x_wconf 77' lang='grc' dir='ltr'><strong>εἴποι</strong></span> <span class='ocrx_word' id='word_1_944' title='bbox 3627 4926 3695 4979; x_wconf 77' lang='grc' dir='ltr'><strong>ἄν</strong></span> <span class='ocrx_word' id='word_1_945' title='bbox 3718 4945 3821 4992; x_wconf 77' lang='grc' dir='ltr'><strong>τιςο</strong></span> 
     </span>
    </p>
   </div>
   <div class='ocr_carea' id='block_1_122' title="bbox 2243 5001 3825 5077">
    <p class='ocr_par' dir='ltr' id='par_1_122' title="bbox 2243 5001 3825 5077">
     <span class='ocr_line' id='line_1_122' title="bbox 2243 5001 3825 5077; baseline -0.005 -16"><span class='ocrx_word' id='word_1_946' title='bbox 2243 5008 2367 5070; x_wconf 87' lang='grc' dir='ltr'><strong>Πῶς</strong></span> <span class='ocrx_word' id='word_1_947' title='bbox 2397 5006 2562 5076; x_wconf 87' lang='grc' dir='ltr'><strong>πιστὴ</strong></span> <span class='ocrx_word' id='word_1_948' title='bbox 2610 5010 2642 5075; x_wconf 83' lang='grc' dir='ltr'><strong>ή</strong></span> <span class='ocrx_word' id='word_1_949' title='bbox 2687 5007 3005 5075; x_wconf 80' lang='grc' dir='ltr'><strong>γελάσασας</strong></span> <span class='ocrx_word' id='word_1_950' title='bbox 3044 5008 3103 5060; x_wconf 88' lang='lat'><strong>&#39;0</strong></span> <span class='ocrx_word' id='word_1_951' title='bbox 3135 5005 3235 5077; x_wconf 86' lang='grc' dir='ltr'><strong>μὲν</strong></span> <span class='ocrx_word' id='word_1_952' title='bbox 3266 5001 3359 5061; x_wconf 78' lang='grc' dir='ltr'><strong>οὖν</strong></span> <span class='ocrx_word' id='word_1_953' title='bbox 3393 5006 3567 5075; x_wconf 83' lang='grc' dir='ltr'><strong>γέλως</strong></span> <span class='ocrx_word' id='word_1_954' title='bbox 3596 5010 3657 5074; x_wconf 81' lang='grc' dir='ltr'><strong>ἐξ</strong></span> <span class='ocrx_word' id='word_1_955' title='bbox 3694 5012 3825 5065; x_wconf 67' lang='grc' dir='ltr'><strong>ἀπε-</strong></span> 
     </span>
    </p>
   </div>
   <div class='ocr_carea' id='block_1_123' title="bbox 2243 5089 3825 5160">
    <p class='ocr_par' dir='ltr' id='par_1_123' title="bbox 2243 5089 3825 5160">
     <span class='ocr_line' id='line_1_123' title="bbox 2243 5089 3825 5160; baseline 0.003 -16"><span class='ocrx_word' id='word_1_956' title='bbox 2243 5091 2420 5153; x_wconf 84' lang='grc' dir='ltr'><strong>στίας,</strong></span> <span class='ocrx_word' id='word_1_957' title='bbox 2443 5092 2472 5143; x_wconf 92' lang='lat'><strong>6</strong></span> <span class='ocrx_word' id='word_1_958' title='bbox 2503 5090 2559 5143; x_wconf 86' lang='grc' dir='ltr'><strong>δέ</strong></span> <span class='ocrx_word' id='word_1_959' title='bbox 2586 5090 2753 5157; x_wconf 79' lang='grc' dir='ltr'><strong>φόϐος</strong></span> <span class='ocrx_word' id='word_1_960' title='bbox 2784 5090 2893 5142; x_wconf 83' lang='grc' dir='ltr'><strong>ἀπὸ</strong></span> <span class='ocrx_word' id='word_1_961' title='bbox 2922 5091 3163 5154; x_wconf 89' lang='grc' dir='ltr'><strong>πίστεως</strong></span> <span class='ocrx_word' id='word_1_962' title='bbox 3198 5106 3211 5119; x_wconf 86' lang='grc'><strong>·</strong></span> <span class='ocrx_word' id='word_1_963' title='bbox 3245 5089 3307 5142; x_wconf 92' lang='grc' dir='ltr'><strong>τὸ</strong></span> <span class='ocrx_word' id='word_1_964' title='bbox 3331 5090 3442 5160; x_wconf 85' lang='grc' dir='ltr'><strong>γὰρ</strong></span> <span class='ocrx_word' id='word_1_965' title='bbox 3473 5091 3674 5157; x_wconf 81' lang='grc' dir='ltr'><strong>εἰπεῖν,</strong></span> <span class='ocrx_word' id='word_1_966' title='bbox 3696 5096 3825 5149; x_wconf 78' lang='grc' dir='ltr'><strong>οὐκ</strong></span> 
     </span>
    </p>
   </div>
   <div class='ocr_carea' id='block_1_124' title="bbox 2238 5172 3824 5245">
    <p class='ocr_par' dir='ltr' id='par_1_124' title="bbox 2238 5172 3824 5245">
     <span class='ocr_line' id='line_1_124' title="bbox 2238 5172 3824 5245; baseline 0.003 -18"><span class='ocrx_word' id='word_1_967' title='bbox 2238 5174 2524 5242; x_wconf 81' lang='grc' dir='ltr'><strong>ἐγέλασα,</strong></span> <span class='ocrx_word' id='word_1_968' title='bbox 2561 5172 2669 5227; x_wconf 88' lang='grc' dir='ltr'><strong>ἀπὸ</strong></span> <span class='ocrx_word' id='word_1_969' title='bbox 2690 5173 2926 5237; x_wconf 89' lang='grc' dir='ltr'><strong>πίστεως</strong></span> <span class='ocrx_word' id='word_1_970' title='bbox 2956 5174 3171 5242; x_wconf 82' lang='grc' dir='ltr'><strong>γέγονε.</strong></span> <span class='ocrx_word' id='word_1_971' title='bbox 3199 5172 3503 5241; x_wconf 84' lang='grc' dir='ltr'><strong>Τοιγαροῦν</strong></span> <span class='ocrx_word' id='word_1_972' title='bbox 3535 5174 3625 5228; x_wconf 69' lang='grc' dir='ltr'><strong>διὰ</strong></span> <span class='ocrx_word' id='word_1_973' title='bbox 3643 5177 3824 5245; x_wconf 77' lang='grc' dir='ltr'><strong>τοῦτο,</strong></span> 
     </span>
    </p>
   </div>
   <div class='ocr_carea' id='block_1_125' title="bbox 2242 5256 3826 5329">
    <p class='ocr_par' dir='ltr' id='par_1_125' title="bbox 2242 5256 3826 5329">
     <span class='ocr_line' id='line_1_125' title="bbox 2242 5256 3826 5329; baseline 0.004 -19"><span class='ocrx_word' id='word_1_974' title='bbox 2242 5256 2575 5328; x_wconf 83' lang='grc' dir='ltr'><strong>κενωθείσης</strong></span> <span class='ocrx_word' id='word_1_975' title='bbox 2605 5258 2706 5327; x_wconf 76' lang='grc' dir='ltr'><strong>τῆς</strong></span> <span class='ocrx_word' id='word_1_976' title='bbox 2738 5257 3021 5323; x_wconf 80' lang='grc' dir='ltr'><strong>ἀπιστίας,</strong></span> <span class='ocrx_word' id='word_1_977' title='bbox 3055 5257 3379 5329; x_wconf 80' lang='grc' dir='ltr'><strong>ἐπεισῆλθεν</strong></span> <span class='ocrx_word' id='word_1_978' title='bbox 3410 5260 3442 5329; x_wconf 77' lang='grc' dir='ltr'>ἡ</span> <span class='ocrx_word' id='word_1_979' title='bbox 3478 5259 3685 5322; x_wconf 90' lang='grc' dir='ltr'><strong>πίστις.</strong></span> <span class='ocrx_word' id='word_1_980' title='bbox 3722 5264 3826 5316; x_wconf 88' lang='grc' dir='ltr'><strong>Πί-</strong></span> 
     </span>
    </p>
   </div>
   <div class='ocr_carea' id='block_1_126' title="bbox 2242 5340 3827 5415">
    <p class='ocr_par' dir='ltr' id='par_1_126' title="bbox 2242 5340 3827 5415">
     <span class='ocr_line' id='line_1_126' title="bbox 2242 5340 3827 5415; baseline 0.004 -20"><span class='ocrx_word' id='word_1_981' title='bbox 2242 5358 2373 5395; x_wconf 88' lang='grc' dir='ltr'><strong>στει</strong></span> <span class='ocrx_word' id='word_1_982' title='bbox 2411 5342 2510 5395; x_wconf 81' lang='grc' dir='ltr'><strong>καί</strong></span> <span class='ocrx_word' id='word_1_983' title='bbox 2564 5341 2719 5408; x_wconf 80' lang='grc' dir='ltr'><strong>αὐτὴ</strong></span> <span class='ocrx_word' id='word_1_984' title='bbox 2780 5340 2980 5409; x_wconf 78' lang='grc' dir='ltr'><strong>Σάρῤα</strong></span> <span class='ocrx_word' id='word_1_985' title='bbox 3035 5342 3295 5411; x_wconf 78' lang='grc' dir='ltr'><strong>δύναμιν</strong></span> <span class='ocrx_word' id='word_1_986' title='bbox 3341 5345 3431 5408; x_wconf 84' lang='grc' dir='ltr'><strong>είς</strong></span> <span class='ocrx_word' id='word_1_987' title='bbox 3480 5346 3827 5415; x_wconf 68' lang='grc' dir='ltr'><strong>καταϐολὴν</strong></span> 
     </span>
    </p>
   </div>
   <div class='ocr_carea' id='block_1_127' title="bbox 2242 5425 3822 5496">
    <p class='ocr_par' dir='ltr' id='par_1_127' title="bbox 2242 5425 3822 5496">
     <span class='ocr_line' id='line_1_127' title="bbox 2242 5425 3822 5496; baseline 0.004 -15"><span class='ocrx_word' id='word_1_988' title='bbox 2242 5428 2582 5496; x_wconf 79' lang='grc' dir='ltr'><strong>σπέρματος</strong></span> <span class='ocrx_word' id='word_1_989' title='bbox 2609 5425 2811 5487; x_wconf 78' lang='grc' dir='ltr'><strong>ἔλαϐε,</strong></span> <span class='ocrx_word' id='word_1_990' title='bbox 2844 5426 2940 5479; x_wconf 80' lang='grc' dir='ltr'><strong>καί</strong></span> <span class='ocrx_word' id='word_1_991' title='bbox 2964 5430 3123 5495; x_wconf 79' lang='grc' dir='ltr'><strong>παρὰ</strong></span> <span class='ocrx_word' id='word_1_992' title='bbox 3148 5427 3358 5495; x_wconf 76' lang='grc' dir='ltr'><strong>καιρὸν</strong></span> <span class='ocrx_word' id='word_1_993' title='bbox 3378 5429 3622 5496; x_wconf 73' lang='grc' dir='ltr'><strong>ἡλικίας</strong></span> <span class='ocrx_word' id='word_1_994' title='bbox 3637 5430 3822 5487; x_wconf 72' lang='grc' dir='ltr'><strong>ἔτεκε.</strong></span> 
     </span>
    </p>
   </div>
   <div class='ocr_carea' id='block_1_128' title="bbox 2243 5510 3824 5580">
    <p class='ocr_par' dir='ltr' id='par_1_128' title="bbox 2243 5510 3824 5580">
     <span class='ocr_line' id='line_1_128' title="bbox 2243 5510 3824 5580; baseline 0.002 -14"><span class='ocrx_word' id='word_1_995' title='bbox 2243 5514 2309 5566; x_wconf 86' lang='grc' dir='ltr'><strong>Τί</strong></span> <span class='ocrx_word' id='word_1_996' title='bbox 2345 5514 2509 5572; x_wconf 85' lang='grc' dir='ltr'><strong>ἐστιν,</strong></span> <span class='ocrx_word' id='word_1_997' title='bbox 2544 5512 2646 5574; x_wconf 75' lang='grc' dir='ltr'><strong>Εἰς</strong></span> <span class='ocrx_word' id='word_1_998' title='bbox 2688 5510 3029 5576; x_wconf 78' lang='grc' dir='ltr'><strong>καταϐολὴν</strong></span> <span class='ocrx_word' id='word_1_999' title='bbox 3058 5510 3439 5580; x_wconf 75' lang='grc' dir='ltr'><strong>σπέρματοςς</strong></span> <span class='ocrx_word' id='word_1_1000' title='bbox 3494 5514 3589 5574; x_wconf 84' lang='grc' dir='ltr'><strong>Εἰς</strong></span> <span class='ocrx_word' id='word_1_1001' title='bbox 3638 5515 3696 5567; x_wconf 89' lang='grc' dir='ltr'><strong>τὸ</strong></span> <span class='ocrx_word' id='word_1_1002' title='bbox 3723 5534 3824 5569; x_wconf 87' lang='grc' dir='ltr'><strong>κα-</strong></span> 
     </span>
    </p>
   </div>
   <div class='ocr_carea' id='block_1_129' title="bbox 2244 5593 3823 5666">
    <p class='ocr_par' dir='ltr' id='par_1_129' title="bbox 2244 5593 3823 5666">
     <span class='ocr_line' id='line_1_129' title="bbox 2244 5593 3823 5666; baseline 0.001 -17"><span class='ocrx_word' id='word_1_1003' title='bbox 2244 5598 2464 5664; x_wconf 76' lang='grc' dir='ltr'><strong>τασχεῖν</strong></span> <span class='ocrx_word' id='word_1_1004' title='bbox 2498 5594 2559 5645; x_wconf 87' lang='grc' dir='ltr'><strong>τὸ</strong></span> <span class='ocrx_word' id='word_1_1005' title='bbox 2594 5593 2839 5663; x_wconf 83' lang='grc' dir='ltr'><strong>σπέρμα,</strong></span> <span class='ocrx_word' id='word_1_1006' title='bbox 2888 5597 2965 5657; x_wconf 85' lang='grc' dir='ltr'><strong>είς</strong></span> <span class='ocrx_word' id='word_1_1007' title='bbox 2994 5594 3264 5665; x_wconf 76' lang='grc' dir='ltr'><strong>ὑποδοχὴν</strong></span> <span class='ocrx_word' id='word_1_1008' title='bbox 3297 5595 3527 5666; x_wconf 87' lang='grc' dir='ltr'><strong>δύναμιν</strong></span> <span class='ocrx_word' id='word_1_1009' title='bbox 3562 5596 3758 5651; x_wconf 81' lang='grc' dir='ltr'><strong>ἐλαϐεν</strong></span> <span class='ocrx_word' id='word_1_1010' title='bbox 3791 5602 3823 5666; x_wconf 76' lang='grc' dir='ltr'>ἡ</span> 
     </span>
    </p>
   </div>
   <div class='ocr_carea' id='block_1_130' title="bbox 2245 5676 3826 5751">
    <p class='ocr_par' dir='ltr' id='par_1_130' title="bbox 2245 5676 3826 5751">
     <span class='ocr_line' id='line_1_130' title="bbox 2245 5676 3826 5751; baseline -0.001 -18"><span class='ocrx_word' id='word_1_1011' title='bbox 2245 5677 2707 5749; x_wconf 77' lang='grc' dir='ltr'><strong>νενεκρωμένη,ή</strong></span> <span class='ocrx_word' id='word_1_1012' title='bbox 2742 5680 2952 5747; x_wconf 83' lang='grc' dir='ltr'><strong>στεῖρα.</strong></span> <span class='ocrx_word' id='word_1_1013' title='bbox 2987 5678 3159 5749; x_wconf 87' lang='grc' dir='ltr'><strong>Διπλῆ</strong></span> <span class='ocrx_word' id='word_1_1014' title='bbox 3196 5681 3303 5749; x_wconf 80' lang='grc' dir='ltr'><strong>γὰρ</strong></span> <span class='ocrx_word' id='word_1_1015' title='bbox 3328 5676 3395 5750; x_wconf 83' lang='grc' dir='ltr'><strong>ἦν</strong></span> <span class='ocrx_word' id='word_1_1016' title='bbox 3429 5681 3760 5751; x_wconf 73' lang='grc' dir='ltr'><strong>ήπήρωσις,</strong></span> <span class='ocrx_word' id='word_1_1017' title='bbox 3794 5686 3826 5749; x_wconf 78' lang='grc' dir='ltr'><strong>η</strong></span> 
     </span>
    </p>
   </div>
   <div class='ocr_carea' id='block_1_131' title="bbox 2256 5759 3826 5837">
    <p class='ocr_par' dir='ltr' id='par_1_131' title="bbox 2256 5759 3826 5837">
     <span class='ocr_line' id='line_1_131' title="bbox 2256 5759 3826 5837; baseline 0.006 -24"><span class='ocrx_word' id='word_1_1018' title='bbox 2256 5765 2351 5834; x_wconf 74' lang='grc' dir='ltr'><strong>μὲν</strong></span> <span class='ocrx_word' id='word_1_1019' title='bbox 2376 5761 2480 5817; x_wconf 80' lang='grc' dir='ltr'><strong>ἀπὸ</strong></span> <span class='ocrx_word' id='word_1_1020' title='bbox 2504 5760 2594 5815; x_wconf 71' lang='grc' dir='ltr'><strong>τοῦ</strong></span> <span class='ocrx_word' id='word_1_1021' title='bbox 2626 5760 2841 5831; x_wconf 80' lang='grc' dir='ltr'><strong>χρόνον,</strong></span> <span class='ocrx_word' id='word_1_1022' title='bbox 2876 5766 3223 5834; x_wconf 80' lang='grc' dir='ltr'><strong>γεγηρακυῖα</strong></span> <span class='ocrx_word' id='word_1_1023' title='bbox 3247 5763 3355 5835; x_wconf 78' lang='grc' dir='ltr'><strong>γὰρ</strong></span> <span class='ocrx_word' id='word_1_1024' title='bbox 3379 5759 3445 5837; x_wconf 78' lang='grc' dir='ltr'><strong>ἦν</strong></span> <span class='ocrx_word' id='word_1_1025' title='bbox 3479 5764 3648 5831; x_wconf 79' lang='grc' dir='ltr'><strong>ὅντως</strong></span> <span class='ocrx_word' id='word_1_1026' title='bbox 3679 5780 3690 5796; x_wconf 85' lang='grc'><em>’</em></span> <span class='ocrx_word' id='word_1_1027' title='bbox 3718 5767 3755 5837; x_wconf 68' lang='grc' dir='ltr'><strong>ἡ</strong></span> <span class='ocrx_word' id='word_1_1028' title='bbox 3773 5765 3826 5822; x_wconf 80' lang='grc' dir='ltr'><strong>δέ</strong></span> 
     </span>
    </p>
   </div>
  </div>
