4060 6438
322 277 414 337 161

320 405 377 458 in
404 399 776 465 hereditatem;
818 408 866 454 et
905 398 1029 453 eriit
1057 397 1288 453 nesciens
1311 414 1413 469 quo
1436 398 1550 452 iret.
1580 398 1636 454 9.
1676 397 1809 452 Fide
1836 399 1930 452 de-

318 503 548 546 moratus
572 502 646 547 est
670 492 724 545 in
754 501 899 544 terra
918 489 1330 560 repromissionis
1360 500 1621 560 tamquam
1650 491 1703 545 in
1733 490 1940 558 aliena,

316 585 369 637 in
398 585 589 638 casulis
630 581 910 636 habitando
944 598 1061 635 cum
1100 579 1255 635 Isaac
1293 590 1342 634 et
1383 579 1547 635 Iacob
1584 580 1922 636 coheredibus

314 673 727 745 repromissionis
752 672 1001 743 ejusdem.
1029 672 1199 740 Quem
1224 672 1368 728 enim
1397 672 1553 739 vidit,
1576 672 1665 728 dic
1690 673 1843 740 mihi,
1868 684 1925 728 ut

312 783 433 822 enm
462 765 858 820 a‘mularetur?
886 774 1093 832 patrem
1144 762 1331 818 habuit
1370 764 1626 835 gentilem
1665 773 1720 820 et
1752 763 1925 819 idolo-

312 858 523 925 latram,
558 874 664 912 non
697 856 945 911 audierat
981 854 1295 927 prophetas,
1338 855 1618 912 nesciebat
1646 870 1755 926 quo
1796 852 1920 912 iret.

307 948 440 1005 Nam
469 950 723 1020 quoniam
761 947 828 1003 ad
864 962 959 1003 eos
982 946 1323 1019 aspiciebant
1352 948 1443 1018 qui
1476 947 1826 1004 crediderant
1853 964 1920 1005 ex

308 1041 591 1108 llebra-is,
637 1049 697 1096 ut
738 1040 830 1112 qui
869 1040 1008 1095 bona
1054 1040 1432 1111 percepissent
1476 1040 1917 1105 innumerabilia,

302 1133 546 1190 ostendit
578 1131 724 1204 quod
751 1134 928 1189 nullus
955 1132 1132 1188 adhuc
1160 1133 1453 1203 quidquam
1486 1134 1777 1205 acceperit,
1817 1136 1917 1191 sed

301 1243 495 1283 omnes
539 1227 647 1282 sint
673 1242 702 1281 a
736 1226 959 1297 praemio
992 1227 1285 1293 immunes,
1317 1236 1373 1281 et
1413 1228 1593 1281 nullus
1623 1228 1803 1285 adhuc
1836 1229 1917 1284 ul-

301 1321 409 1375 lam
455 1318 704 1375 habuerit
738 1318 1255 1374 remunerationem.
1300 1318 1517 1374 Excidit
1562 1319 1652 1375 ille
1679 1328 1735 1377 et
1761 1335 1793 1376 a
1822 1337 1916 1391 pa-

301 1414 403 1467 tria
433 1424 489 1469 et
516 1430 544 1469 a
576 1414 759 1480 domo,
804 1424 861 1471 et
906 1415 1037 1469 exiit
1078 1414 1330 1471 nesciens
1370 1430 1478 1485 quo
1516 1416 1636 1471 iret.
1676 1416 1742 1472 Et
1784 1417 1913 1487 quid

300 1506 495 1559 mirum
528 1507 571 1561 si
607 1507 740 1576 ipse,
773 1522 894 1561 cum
920 1506 1036 1571 ejus
1062 1521 1279 1577 quoque
1304 1520 1490 1561 semen
1517 1508 1598 1563 sic
1621 1505 1912 1564 habitarit?

300 1598 502 1655 Videns
533 1600 747 1670 quidem
778 1611 1062 1655 certe-nou
1094 1600 1302 1669 impleri
1329 1601 1767 1670 promissionem,
1799 1618 1904 1657 non

299 1692 572 1763 elanguit;
606 1692 738 1747 dixit
769 1693 911 1748 enim
947 1711 960 1746 :
998 1691 1109 1746 Tibi
1132 1691 1262 1746 dabo
1285 1702 1472 1746 terram
1488 1692 1640 1759 hanc,
1660 1702 1705 1748 et
1726 1695 1909 1749 semini

293 1797 380 1841 tuo
409 1784 563 1855 (Cen.
599 1784 686 1840 12.
710 1786 787 1855 7).
816 1784 960 1838 Vidit
990 1783 1159 1839 lilium
1199 1784 1308 1838 illic
1335 1783 1692 1852 habitantem,
1722 1796 1777 1840 et
1808 1800 1906 1841 ne-

290 1894 389 1948 pos
418 1893 605 1934 rursus
631 1893 691 1934 se
722 1878 852 1932 vidit
880 1878 1208 1933 habitantem
1256 1876 1309 1931 in
1341 1876 1539 1944 aliena,
1573 1885 1626 1949 et
1681 1892 1787 1933 non
1820 1874 1905 1934 'est
1952 1892 1953 1895 ‘

290 1972 562 2025 turbatus.
602 1969 737 2025 Nam
774 1968 917 2040 quod
944 1967 1011 2024 ad
1037 1966 1314 2023 Abraham
1348 1967 1567 2039 quidem
1596 1968 1813 2035 attinet,
1847 1968 1900 2024 id

288 2062 387 2119 luit
430 2063 561 2116 satis
605 2073 1051 2126 consentaneum,
1097 2068 1284 2130 utpote
1322 2058 1466 2129 quod
1498 2060 1785 2128 promissio
1815 2060 1883 2115 ad

287 2154 536 2207 etieetum
570 2161 756 2222 postea
799 2160 946 2207 esset
991 2150 1311 2207 deducenda
1344 2151 1397 2204 in
1438 2164 1639 2220 genere
1685 2151 1895 2220 ipsius;

293 2247 622 2306 quamquam
663 2238 762 2308 ipsi
809 2254 1025 2310 quoque
1072 2240 1273 2294 dictum
1320 2249 1425 2307 est,
1470 2239 1587 2295 Tibi
1632 2254 1678 2298 ct
1715 2240 1903 2300 semini

294 2337 381 2380 tuo
411 2344 432 2383 :
459 2344 587 2401 ιιοι,
621 2329 725 2384 Per
754 2345 939 2385 semen
974 2341 1121 2384 tntnn
1155 2330 1271 2395 tibi,
1302 2330 1422 2396 sed,
1470 2329 1588 2386 Tibi
1622 2342 1670 2385 et
1716 2330 1905 2383 semini

295 2431 382 2474 tuo
411 2437 432 2475 :
460 2430 514 2477 et
540 2436 642 2477 nec
682 2421 815 2493 ipse,
868 2437 969 2478 nec
1013 2421 1179 2486 lsaac,
1229 2437 1331 2479 nec
1357 2421 1526 2479 Jacob
1552 2420 1737 2491 adepti
1776 2430 1904 2476 sunt

296 2514 735 2583 promissionem.
790 2512 926 2570 Nam
977 2515 1066 2571 hic
1110 2515 1328 2585 quidem
1384 2513 1639 2570 mercede
1692 2512 1900 2575 serviit,

294 2606 432 2662 alius
462 2622 592 2663 vero
621 2617 702 2663 est
727 2608 1004 2679 expulsus,
1038 2608 1177 2664 alius
1204 2623 1333 2663 vero
1372 2607 1537 2663 etiam
1578 2606 1775 2661 timens
1804 2619 1903 2658 ex-

294 2699 466 2765 cidit;
494 2710 550 2756 et
579 2699 682 2754 alia
714 2700 933 2771 quidem
964 2700 1111 2757 bello
1154 2701 1319 2771 cepit,
1349 2700 1452 2755 alia
1482 2708 1663 2755 autem
1707 2696 1905 2768 periis-

293 2799 440 2855 sent,
474 2791 577 2845 nisi
620 2790 714 2846 Dei
752 2793 852 2861 ipsi
898 2792 1162 2848 adfuisset
1191 2791 1449 2848 auxilium
1479 2789 1578 2865 (a).
1608 2790 1905 2861 Propterea

294 2883 426 2938 dicit
459 2901 471 2937 :
506 2883 634 2938 Cum
664 2884 937 2940 heredibus
959 2884 1186 2954 ejusdem
1218 2883 1591 2955 promissionis.
1619 2880 1738 2938 Non
1765 2880 1903 2951 ipse,

296 2978 492 3048 inquit,
536 2977 707 3045 solus,
740 2978 835 3035 sed
876 2980 1039 3034 etiam
1071 2980 1189 3051 ejus
1220 2977 1470 3034 heredes.
1515 2974 1723 3033 Deinde
1759 2973 1904 3031 aliud

294 3086 363 3125 ex
392 3070 558 3126 dictis
595 3071 793 3127 clarius
831 3072 1095 3136 enuntiat,
1142 3071 1331 3127 dicens
1361 3087 1374 3123 :
1405 3069 1570 3124 Juxta
1610 3069 1766 3139 fidem
1813 3066 1904 3123 de-

294 3164 457 3232 functi
500 3174 620 3219 sunt
664 3181 837 3219 onmes
878 3166 967 3221 isti
1013 3182 1115 3219 non
1161 3165 1384 3235 acceptis
1427 3163 1908 3236 repromissiouibus

296 3254 452 3329 (Cen.
472 3256 558 3311 12.
584 3257 667 3327 t3)
683 3257 895 3328 .Opera:
918 3259 1147 3329 pretium
1158 3271 1243 3315 εει
1261 3257 1347 3313 hic
1366 3258 1474 3313 duo
1495 3270 1910 3328 quaerere,quo-

296 3349 462 3404 modo
498 3364 622 3405 cum
661 3349 859 3406 dixerit
885 3350 1028 3422 quod
1063 3351 1335 3406 transtulit
1361 3349 1572 3417 Enoch,
1602 3359 1662 3404 ut
1692 3364 1798 3405 non
1828 3349 1909 3403 vi-

294 3442 452 3497 deret
499 3450 752 3507 mortem,
795 3453 850 3498 et
904 3457 1011 3498 non
1066 3442 1464 3509 inveniebatur,
1522 3441 1655 3498 dicit
1693 3441 1904 3497 :Juxta

292 3536 450 3605 [idem
492 3535 720 3607 defuncti
761 3546 883 3592 sunt
911 3553 1085 3592 omnes
1113 3536 1216 3592 isti.
1250 3536 1319 3593 Et
1349 3552 1558 3602 rursus,
1588 3551 1711 3592 cum
1750 3535 1903 3592 dixe-
1936 3525 1939 3529 ’

295 3630 390 3691 rit,
424 3627 548 3682 Non
578 3630 800 3699 acceptis
832 3628 1275 3701 promissionibus,
1318 3628 1449 3685 dicit
1476 3627 1590 3685 Noe
1630 3627 1907 3698 accepisse

293 3721 606 3777 mercedem
637 3720 866 3776 salutem
892 3721 1087 3777 domus
1114 3736 1249 3785 sum,
1280 3734 1333 3777 et
1365 3722 1548 3777 Enoch
1580 3735 1702 3778 esse
1732 3729 1909 3775 trans.

293 3814 487 3879 latum,
524 3824 579 3869 et
618 3813 755 3869 Abel
798 3813 977 3869 adhuc
1016 3814 1182 3885 loqui,
1227 3824 1282 3870 et
1311 3813 1583 3869 Abraham
1618 3812 1899 3883 accepisse

294 3916 522 3972 terram,
575 3916 633 3962 et
671 3906 847 3962 dicit:
881 3906 1045 3968 quta
1087 3907 1244 3976 ﬁdem
1289 3907 1521 3978 defuncti
1569 3916 1689 3962 sunt
1732 3923 1906 3961 omnes

290 4000 398 4064 isti,
431 4015 534 4053 non
566 3999 787 4070 acceptis
836 3999 1275 4069 promissionibus.
1316 3998 1457 4067 Quid
1504 4013 1636 4070 ergo
1670 3998 1788 4061 vult
1816 3998 1903 4053 di-

289 4089 461 4146 cere?
480 4088 715 4146 Necesse
739 4096 824 4145 est
846 4089 1077 4160 primum
1104 4090 1340 4155 solvere,
1367 4088 1563 4145 deinde
1581 4087 1902 4145 secundum.

289 4185 459 4242 Juxta
497 4186 653 4256 [idem
697 4185 886 4239 mortui
926 4190 1065 4253 ευιυ,
1100 4185 1295 4256 inquit,
1337 4201 1512 4240 omnes
1550 4185 1652 4239 isti.
1692 4183 1902 4252 Omnes,

288 4295 402 4335 non
432 4279 684 4349 quoniam
712 4292 904 4333 omnes
949 4277 1324 4341 suntmortui,
1369 4276 1465 4333 sed
1511 4276 1767 4347 quoniam
1809 4276 1907 4332 illo

285 4379 520 4442 excepto
531 4384 723 4425 omnes
742 4370 830 4425 isti
855 4380 983 4426 sunt
1001 4369 1223 4435 mortui,
1236 4382 1376 4441 quos
1388 4368 1595 4423 scimus
1612 4378 1734 4420 esse
1747 4354 1899 4419 mor-

290 4474 441 4519 tuos.
462 4461 598 4518 Illud
619 4462 957 4528 autem,Non
972 4464 1200 4533 acceptis
1223 4456 1784 4531 promissionibtts,est
1800 4472 1896 4513 ve-

284 4571 408 4613 rum
431 4572 445 4610 :
466 4569 575 4611 non
594 4556 693 4609 hoc
708 4553 853 4610 enim
872 4552 1107 4608 futurum
1137 4553 1447 4608 enuntiabat
1463 4550 1575 4608 Noe.
1590 4550 1900 4623 promissio.

359 4649 416 4704 2.
459 4646 606 4717 Quas
637 4655 816 4701 autem
855 4645 988 4700 dicit
1022 4643 1451 4715 promissiones?
1492 4644 1642 4699 Isaac
1675 4640 1895 4713 quidem

285 4752 339 4796 et
365 4740 536 4797 Jacob
566 4746 890 4809 acceperunt
918 4744 1073 4791 terr-.c
1098 4735 1489 4806 promissioncs
1509 4753 1523 4801 ;
1547 4734 1661 4790 Noe
1686 4742 1899 4801 autem,

289 4820 429 4878 Abel
475 4831 529 4875 et
560 4818 751 4876 Enoch
792 4835 1053 4890 quasnam
1096 4828 1425 4889 acceperunt
1466 4819 1905 4889 promissiones?

290 4920 400 4974 Aut
425 4929 557 4987 ergo
600 4914 730 4970 dicit
773 4913 842 4970 de
888 4914 971 4970 his
1004 4914 1175 4969 tribus
1208 4932 1222 4968 :
1256 4924 1347 4968 aut
1380 4913 1426 4969 si
1458 4914 1623 4969 etiam
1664 4913 1732 4968 de
1774 4912 1901 4979 illis,

292 5023 402 5064 non
433 5008 537 5063 hoc
561 5017 680 5063 erat
728 5007 1038 5078 promissio,
1087 5008 1231 5078 quod
1274 5008 1410 5063 Abel
1456 5006 1554 5063 fuit
1591 5007 1805 5063 habitus
1850 5008 1903 5062 in

292 5100 688 5163 admiratione.
758 5101 903 5172 quod
964 5101 1154 5156 Euoeh
1223 5100 1325 5156 luit
1380 5102 1690 5169 translatus,
1757 5101 1901 5174 quod

292 5204 550 5250 servatus
601 5194 697 5248 fuit
726 5192 881 5259 Noe;
911 5194 1008 5249 sed
1057 5194 1175 5249 hinc
1223 5192 1440 5266 quidem
1494 5194 1574 5250 eis
1605 5206 1903 5251 evenerunt

297 5294 518 5358 propter
538 5286 817 5353 virtutem,
850 5295 1005 5341 erant
1026 5295 1209 5340 autem
1235 5286 1453 5357 quidam
1481 5295 1673 5358 gustus
1693 5287 1905 5344 futuro-

295 5392 443 5434 rum.
473 5377 617 5434 Deus
655 5378 798 5431 enim
842 5392 964 5432 cum
1001 5377 1207 5433 videret
1234 5378 1302 5434 ab
1332 5378 1490 5433 initio
1516 5393 1689 5450 genus
1710 5379 1905 5434 buma-

296 5486 426 5526 num
458 5485 595 5541 opus
622 5470 823 5525 habere
851 5481 909 5524 ut
937 5469 1004 5524 ad
1035 5470 1156 5539 ejus
1181 5480 1399 5540 captum
1432 5486 1492 5526 se
1520 5471 1906 5527 accommoda-

295 5573 403 5634 ret,
434 5578 543 5620 non
589 5564 764 5618 solum
810 5562 1010 5628 futura,
1040 5563 1137 5619 sed
1184 5572 1239 5619 et
1282 5578 1404 5631 qum
1446 5562 1535 5620 hic
1576 5573 1703 5620 sunt
1747 5564 1905 5622 nobis

345 5760 423 5824 (tt)
444 5757 536 5812 llic
560 5756 729 5819 incipit
748 5751 947 5804 homilia
962 5764 1105 5813 nm,
1119 5750 1169 5801 in
1194 5749 1372 5804 Codice
1390 5750 1526 5803 0011).

1102 271 1166 327 IN
1210 270 1423 327 EPIST.
1465 271 1557 326 AD
1597 270 1963 327 lliiDRA-ZOS.
2006 270 2162 327 C.\P.
2208 269 2298 326 XI.
2343 273 2579 330 HOMIL.
2623 275 2817 333 XXIII.

3543 272 3563 327 l
3574 275 3644 331 ϐξ

2026 391 2194 447 diruat
2226 407 2240 444 :
2278 400 2335 444 ut
2380 389 2525 460 quod
2574 388 2825 445 Christus
2872 388 3088 445 dicebat
3142 388 3428 461 discipulis
3470 405 3484 443 :
3538 388 3642 456 Qui

2023 482 2219 536 dimisit
2261 480 2463 545 domos,
2510 491 2601 534 aut
2634 485 2845 551 fratres,
2893 490 2983 534 aut
3024 497 3247 547 sorores,
3291 491 3381 535 aut
3420 492 3640 552 patrem,

2022 584 2114 627 aut
2140 583 2374 639 matrem,
2404 574 2702 642 centuplum
2725 574 2956 643 accipiet,
2987 585 3035 627 et
3063 574 3215 627 vitam
3241 584 3485 627 teterrima
3517 589 3640 643 pos-

2021 665 2203 719 sidebit
2232 663 2451 736 (Matth.
2487 663 2575 720 l9.
2615 664 2766 735 29);
2812 673 2868 720 et
2896 673 3107 730 rursus,
3160 665 3388 733 Quatrt'te
3428 659 3643 735 regnum

2024 756 2143 823 Dei,
2187 768 2235 811 ct
2279 760 2388 812 lucc
2431 760 2607 812 omnia
2645 757 2961 828 adjicientur
2997 759 3135 813 vobis
3174 757 3392 829 (Matth.
3424 760 3479 814 6.
3523 760 3641 828 55).

2026 851 2187 907 Vides
2216 851 2332 907 hinc
2356 851 2519 906 etiam
2551 852 2602 905 in
2633 860 2785 921 parte
2807 852 3139 907 accessionis
3163 854 3232 908 ab
3253 868 3319 908 eo
3347 867 3468 909 esse
3491 853 3638 918 data,

2026 959 2093 999 ne
2131 943 2537 1015 defatigemur?
2569 942 2701 998 Nam
2735 954 2794 997 ut
2824 944 3070 1011 atltlelu‘,
3105 944 3269 999 etiam
3303 946 3521 1015 quando
3547 945 3643 1001 de-

2023 1046 2269 1105 certant,
2316 1038 2566 1092 l'runntur
2608 1036 2826 1108 quidem
2867 1039 3170 1104 curatione,
3210 1038 3308 1095 sed
3356 1054 3462 1095 non
3516 1049 3641 1093 tunc

2022 1129 2170 1182 omni
2230 1128 2417 1197 requie
2460 1136 2516 1183 et
2562 1128 2897 1183 relaxatione
2942 1128 3210 1196 fruuntur,
3260 1132 3501 1185 viventes
3541 1132 3641 1186 sub

2020 1223 2157 1290 lege,
2192 1220 2286 1275 sed
2320 1230 2503 1289 postea
2525 1218 2775 1275 fruuntur
2801 1221 3051 1277 universa
3084 1240 3097 1276 :
3130 1222 3210 1278 sic
3245 1223 3388 1280 Deus
3424 1238 3639 1294 quoque

2020 1330 2126 1366 non
2177 1313 2266 1367 dat
2302 1311 2391 1367 hic
2437 1321 2495 1365 ut
2555 1312 2725 1367 simus
2766 1314 3055 1384 participes
3101 1316 3276 1371 omnis
3329 1316 3528 1387 quietis
3585 1324 3641 1370 et

2020 1406 2388 1460 relaxationis.
2434 1402 2568 1457 Nam
2614 1403 2702 1459 hic
2742 1408 2905 1461 etiam
2951 1406 3041 1462 dat
3095 1408 3333 1478 quidem,
3374 1418 3431 1464 at
3470 1419 3637 1465 totam

2019 1499 2435 1569 promissionem
2464 1499 2514 1551 in
2553 1496 2792 1555 futurum
2835 1503 3152 1558 reservavit.
3183 1502 3250 1557 Et
3277 1504 3418 1574 quod
3452 1520 3538 1561 res
3564 1505 3637 1559 ita

2019 1592 2109 1658 sit,
2140 1592 2432 1649 declaravit
2468 1596 2550 1651 his
2581 1597 2759 1653 verbis
2784 1614 2797 1651 :
2826 1598 2934 1652 Sed
2973 1614 3058 1652 eas
3087 1614 3119 1650 a
3160 1599 3309 1669 longe
3339 1602 3639 1667 aspicientes

2018 1693 2066 1737 et
2113 1684 2414 1741 salutantes.
2467 1688 2562 1744 llic
2616 1690 2904 1761 mysticum
2944 1689 3219 1761 quidpiam
3278 1692 3583 1748 snbindicat
3617 1734 3631 1758 ,

2021 1789 2218 1846 nempe
2246 1777 2386 1847 quod
2418 1792 2744 1850 acceperunt
2771 1780 2951 1835 omnia
2993 1798 3113 1851 qum
3152 1782 3221 1837 de
3277 1782 3469 1838 futuris
3495 1785 3634 1839 dicta

2016 1877 2161 1932 sunt,
2190 1867 2258 1923 de
2280 1871 2695 1939 resurrectione,
2715 1872 2783 1928 de
2807 1888 2973 1943 regno
2994 1873 3273 1940 culorum,
3296 1873 3366 1929 de
3394 1874 3535 1941 aliis,
3566 1875 3639 1935 de

2016 1960 2210 2029 quibus
2228 1961 2496 2029 Christus,
2530 1980 2655 2021 cum
2703 1966 2961 2033 venisset,
3006 1967 3469 2038 prtedieavitzhas
3490 1975 3638 2028 enim

2016 2050 2146 2105 dicit
2177 2054 2588 2121 promissiones.
2630 2057 2737 2112 Aut
2767 2057 2871 2112 hoc
2897 2058 3047 2125 dicit,
3079 2070 3171 2114 aut
3208 2061 3353 2131 quod
3389 2077 3487 2119 eas
3513 2066 3639 2136 qui-

2018 2141 2142 2198 dem
2191 2159 2301 2199 non
2349 2160 2695 2218 acceperunt,
2737 2160 2887 2206 certa
2916 2162 3096 2207 autem
3148 2151 3217 2208 de
3247 2153 3328 2208 eis
3373 2168 3637 2229 concepta

2018 2234 2212 2291 ﬁducia
2268 2250 2657 2308 excesserunt;
2708 2242 2825 2298 sola
2878 2253 3059 2301 autem
3091 2244 3196 2301 lide
3224 2256 3430 2305 certam
3452 2251 3521 2306 de
3560 2252 3641 2307 eis

2015 2339 2394 2398 conceperunt
2447 2330 2722 2401 ﬁduciam,
2784 2336 2974 2404 procul
3018 2351 3112 2391 eas
3161 2337 3433 2409 videntes,
3465 2344 3641 2415 inquit

2026 2429 2226 2485 nempe
2270 2429 2398 2476 ante
2451 2431 2686 2491 quatuor
2724 2426 3106 2493 generationes
3150 2442 3166 2483 :
3217 2447 3341 2486 nam
3392 2444 3514 2503 post
3562 2443 3641 2489 tot

2015 2509 2394 2576 generationes
2432 2510 2795 2568 ascenderunt
2826 2528 2896 2569 ex
2924 2512 3183 2587 Egypte.
3216 2514 3284 2570 Et
3312 2519 3599 2572 salutantes
3622 2547 3636 2573 ο

2014 2598 2208 2670 inquit,
2237 2610 2284 2654 et
2314 2600 2493 2655 (tutati.
2522 2601 2657 2658 Tam
2685 2612 2834 2660 certa
2862 2604 2932 2661 de
2974 2602 3108 2676 ipsis
3136 2617 3259 2662 erat
3286 2609 3373 2665 eis
3400 2624 3633 2680 persua-

2013 2692 2118 2757 sio,
2150 2702 2210 2748 ut
2237 2708 2333 2750 eas
2368 2695 2534 2750 etiam
2563 2697 2869 2753 salutarent
2900 2714 2917 2752 ι
2948 2712 2978 2753 a
3009 2699 3328 2770 metaphora
3370 2704 3632 2774 navigan-

2016 2786 2147 2840 tium
2176 2786 2328 2854 dicit,
2359 2797 2414 2843 et
2444 2791 2632 2860 procul
2678 2790 2978 2849 videntium
3020 2795 3271 2852 civitates
3311 2812 3448 2867 quas
3493 2797 3638 2852 desi-

2013 2877 2229 2943 derant,
2280 2893 2418 2950 quas
2472 2882 2785 2954 priusquam
2839 2884 2892 2939 in
2944 2885 3091 2961 ipsas
3131 2887 3365 2958 ingressi
3412 2887 3635 2955 fuerint,

2013 2972 2427 3040 compellatione
2448 2984 2634 3045 captas
2652 2976 2754 3030 sibi
2782 2976 3107 3034 attribuunt.
3136 2979 3226 3035 10.
3254 2978 3636 3051 Exspectabam

2013 3064 2169 3129 enim,
2220 3064 2414 3135 inquit,
2463 3068 2801 3139 fundamenta
2845 3073 3114 3128 habentem
3155 3075 3444 3142 ciuitatem,
3487 3077 3639 3147 cujus

2012 3156 2203 3227 artifex
2224 3166 2269 3211 et
2290 3159 2528 3214 conditor
2554 3158 2721 3216 Deus.
2753 3163 2917 3220 Vides
2939 3165 3082 3236 quod
3111 3166 3264 3231 illud,
3289 3168 3633 3240 Acceperunt,

2012 3258 2095 3304 est
2120 3262 2438 3322 exspectare
2469 3265 2522 3309 et
2556 3255 2625 3311 de
2662 3256 2743 3312 eis
2772 3257 3088 3316 conlidere?
3115 3259 3171 3317 Si
3197 3276 3330 3338 ergo
3360 3263 3638 3320 conlidere

2012 3352 2095 3398 est
2120 3346 2418 3416 accepisse,
2453 3347 2615 3402 nobis
2651 3364 2865 3421 quoque
2895 3351 3019 3407 licet
3049 3353 3321 3424 accipere.
3347 3354 3439 3410 Isti
3462 3354 3635 3425 enim,

2011 3437 2112 3491 etsi
2145 3436 2212 3492 iis
2239 3453 2347 3492 non
2379 3447 2507 3493 sunt
2537 3442 2715 3510 potiti,
2745 3441 3021 3499 desiderio
3052 3454 3230 3501 tamen
3264 3461 3356 3502 eas
3385 3458 3634 3504 contem-

2010 3526 2323 3598 plabantur.
2366 3528 2477 3586 Cur
2526 3540 2710 3588 autem
2762 3534 2876 3589 haec
2925 3535 3106 3590 ﬁunt?
3146 3535 3216 3594 Ut
3263 3553 3364 3594 nos
3413 3538 3631 3610 pudeat,

2010 3620 2154 3689 quod
2199 3620 2276 3676 illi
2324 3621 2566 3692 quidem,
2600 3638 2724 3678 cum
2759 3626 3213 3694 promitterentur
3256 3645 3378 3699 qua:
3418 3644 3545 3688 sunt
3576 3634 3630 3688 in

2012 3718 2177 3777 terra,
2206 3729 2313 3767 non
2343 3714 2719 3781 attendebant,
2759 3717 2854 3771 sed
2888 3717 3123 3773 futuram
3165 3719 3443 3781 civitatem
3482 3740 3632 3795 qnze-

2010 3801 2202 3858 rebaut
2234 3821 2247 3857 :
2283 3805 2443 3860 nobis
2472 3816 2655 3861 autem
2698 3808 2839 3863 Deus
2866 3823 3067 3881 susque
3089 3809 3267 3885 deque
3293 3814 3363 3871 de
3392 3831 3629 3887 Supertm

2010 3895 2248 3965 loquitur
2272 3898 2513 3963 civitate,
2546 3909 2601 3953 et
2641 3914 2761 3954 eam
2798 3915 2922 3970 quae
2956 3910 3041 3956 est
3068 3900 3157 3960 hic
3185 3907 3505 3976 qua-rimus.
3538 3907 3633 3963 Di-

2009 3989 2087 4043 xit
2127 3988 2207 4046 eis
2242 4009 2253 4044 :
2285 3989 2434 4046 Dabo
2465 3993 2602 4061 vobis
2644 4009 2759 4063 qua:
2808 3996 3027 4052 sunt-in
3060 4000 3301 4067 pra-senti
3326 4016 3346 4055 :
3376 4002 3632 4072 quoniam

2008 4091 2190 4139 autem
2217 4083 2371 4149 vidit,
2416 4084 2500 4140 vel
2536 4087 2717 4156 potius
2745 4089 3006 4159 quoniam
3034 4094 3249 4163 seipsos
3277 4094 3635 4152 ostenderunt

2008 4174 2201 4247 (lignus
2245 4192 2369 4233 esse
2411 4178 2734 4249 majoribus,
2783 4193 2910 4239 tunc
2953 4201 3062 4241 non
3095 4188 3330 4259 amplius
3359 4189 3488 4245 sinit
3515 4189 3634 4245 hzrc

2007 4265 2275 4336 accipere,
2320 4267 2417 4324 sed
2467 4269 2560 4327 illa
2608 4273 2856 4344 majora;
2911 4276 3104 4332 volens
3144 4279 3302 4334 nobis
3342 4280 3634 4338 ostendere

2006 4357 2150 4429 quod
2182 4358 2329 4430 digni
2362 4370 2493 4419 sunt
2516 4365 2836 4435 majoribus,
2875 4368 3050 4439 utqui
3082 4369 3358 4425 noluerint
3389 4372 3473 4427 his
3515 4374 3635 4429 alli-

2008 4450 2121 4519 gari
2157 4466 2170 4502 :
2207 4460 2264 4504 ut
2290 4452 2337 4510 si
2368 4456 2490 4525 quis
2519 4457 2843 4529 intelligenti
2874 4459 3227 4529 polliceretur
3248 4465 3500 4533 puerilia,
3524 4482 3632 4522 non

2006 4549 2069 4595 ut
2115 4541 2366 4616 accipiat,
2417 4548 2515 4604 sed
2547 4549 2667 4619 ejus
2714 4552 3015 4609 ostendens
3063 4553 3489 4626 philosophiam,
3543 4559 3633 4616 illo

2010 4646 2228 4704 petente
2260 4639 2488 4711 majora.
2524 4641 2636 4699 lloc
2662 4644 2808 4699 enim
2837 4657 2919 4702 est
2946 4649 3287 4707 ostendentis
3315 4653 3458 4723 quod
3485 4656 3635 4709 tanto

2008 4729 2192 4786 studio
2218 4730 2566 4789 abstinebant
2594 4750 2624 4789 a
2659 4745 2823 4800 terra,
2856 4749 2914 4793 ut
2946 4755 3049 4796 nec
3082 4757 3204 4812 qua:
3246 4743 3517 4802 dabantur
3544 4763 3636 4803 ac-

2010 4823 2279 4893 ciperent.
2333 4826 2629 4899 Propterea
2679 4846 2813 4902 ergo
2870 4834 3149 4907 accipiunt
3202 4849 3474 4908 nepotes;
3532 4842 3633 4913 ipsi

2010 4916 2155 4972 enim
2187 4929 2337 4974 erant
2376 4919 2526 4992 digni
2553 4934 2717 4979 terra.
2745 4924 2883 4994 Quid
2912 4938 2997 4985 est
3030 4941 3236 4999 autem,
3272 4933 3635 4993 Fundamenta

2011 5010 2276 5067 habentem
2304 5014 2557 5069 ciuitatem
2577 5016 2603 5070 .’
2630 5016 2746 5073 hmc
2776 5020 2921 5075 enim
2950 5037 3055 5077 non
3081 5035 3208 5083 sunt
3239 5025 3587 5085 fundamenta
3611 5033 3635 5085 ζ’

2011 5103 2126 5159 Νοιι
2170 5115 2295 5161 sunt
2338 5108 2383 5161 si
2426 5111 2773 5167 conterantur
2819 5129 2942 5170 cum
2977 5116 3102 5173 illis.
3150 5118 3313 5191 Cujus
3354 5123 3543 5193 artifex
3575 5136 3624 5178 et

2010 5199 2245 5253 conditor
2273 5211 2344 5255 est
2397 5200 2553 5256 Deus.
2599 5204 2778 5275 Papar,
2817 5209 2978 5278 quale
3014 5220 3099 5268 est
3142 5214 3447 5270 eneomium
3492 5215 3635 5273 illius

2010 5289 2282 5344 civitatis?
2332 5292 2420 5346 ll.
2480 5292 2614 5351 Fide
2677 5307 2725 5350 et
2770 5303 2885 5368 ipsa
2930 5299 3086 5357 Sara.
3132 5304 3273 5374 Apte
3323 5304 3410 5362 hic
3468 5310 3635 5377 cmpit

2010 5380 2077 5436 ad
2135 5380 2395 5453 pudorem
2458 5385 2924 5458 sull‘undendnm,
2971 5392 3237 5463 siquidem
3284 5402 3637 5467 apparuerint

2005 5475 2168 5530 animi
2223 5476 2397 5547 magis
2460 5476 2637 5549 pusilli
2678 5488 2732 5533 et
2776 5476 2972 5548 abjecti
3028 5496 3190 5552 qnam
3236 5486 3448 5540 mulier.
3507 5486 3617 5542 Sed

2007 5568 2205 5625 dixerit
2249 5570 2854 5641 quispiam:Quomodo
2890 5574 3062 5631 ﬁdelis
3098 5593 3217 5647 quae
3249 5579 3409 5635 risit?
3455 5581 3616 5638 liisus

2004 5663 2222 5732 quidem
2273 5675 2421 5721 certe
2466 5676 2549 5721 est
2592 5682 2658 5721 ex
2708 5666 3104 5735 incredulitate,
3150 5681 3325 5726 metus
3373 5684 3549 5729 autem
3582 5691 3613 5729 a

2007 5755 2111 5813 llde
2140 5774 2153 5811 :
2186 5758 2367 5817 dicere
2393 5759 2561 5831 enim,
2590 5757 2713 5815 Non
2741 5761 2831 5816 risi
2861 5760 3017 5835 (Gen.
3049 5762 3135 5821 18.
3164 5765 3275 5836 15),
3308 5764 3505 5825 factum
3528 5783 3614 5825 est
