4060 6412
510 310 608 367 lilii

511 440 540 477 a
571 420 694 477 fide.
724 418 1006 488 t‘ropterea
1026 408 1453 484 ergo,csinanita
1475 404 1860 468 incredulitate,
1881 403 2085 470 ingres-

510 526 566 565 sa
607 519 689 564 est
733 508 881 564 lidcs.
900 506 1028 573 Fide
1052 514 1100 559 et
1124 506 1235 572 ipsa
1262 501 1394 555 Sara
1420 500 1646 553 virtutem
1684 497 1737 549 in
1761 494 2083 563 conceptione

510 603 712 657 seminis
754 600 963 669 accepit,
1014 599 1161 652 etiam
1218 604 1399 665 pra'tcr
1435 602 1628 661 tempus
1680 588 1842 643 (etatis
1874 587 2080 657 peperit.

509 694 647 761 Quid
694 702 792 757 est,
820 691 883 745 In
926 688 1245 759 conceptione
1287 684 1531 740 seminis?
1556 682 1634 737 Ad
1648 696 1833 737 semen
1851 679 2088 735 retinen-

510 788 636 839 dum
667 801 681 842 :
708 784 772 838 ad
804 778 1194 849 susceptionem
1226 776 1472 831 virtutem
1507 772 1731 842 accepit,
1767 786 1886 839 qum
1914 778 2086 823 morte

512 876 696 930 alleeta
745 881 883 937 erat,
914 886 1034 942 qtue
1078 866 1502 937 sterilis.Duplcx
1523 865 1663 919 enim
1685 871 1801 918 crat
1826 859 2083 929 defectus.

513 981 650 1019 unus
678 964 890 1034 quidem
913 978 979 1016 ex
1003 970 1274 1029 tempore;
1308 972 1492 1012 revera
1523 956 1664 1009 enim
1693 961 2084 1011 consenuerat;

513 1057 645 1109 alter
674 1061 949 1115 anatura;
992 1059 1108 1105 erat
1133 1048 1273 1105 enim
1319 1046 1536 1102 sterilis.
1579 1044 1665 1100 12.
1715 1043 1930 1112 I’ropter
1953 1040 2087 1111 quod

513 1149 661 1203 etiam
699 1148 761 1201 ab
786 1162 886 1201 uno
924 1144 1019 1199 orti
1046 1152 1160 1199 sunt
1188 1158 1377 1204 omnes,
1407 1152 1659 1206 tamquam
1696 1137 1865 1193 sidera
1893 1136 2004 1190 ca’li
2037 1136 2091 1188 in

514 1240 901 1301 multitudinem,
940 1246 986 1292 et
1019 1236 1147 1291 sicut
1175 1250 1328 1288 arena
1369 1248 1481 1303 qua:
1524 1242 1597 1285 est
1638 1230 1706 1283 ad
1750 1246 1892 1283 oram
1937 1228 2091 1281 maris

513 1328 908 1383 innumerabilis.
942 1326 1156 1395 Propter
1181 1328 1332 1396 quod,
1364 1322 1549 1392 inquit,
1579 1322 1726 1375 etiam
1763 1336 1825 1373 ea:
1854 1335 1954 1372 uno
1991 1315 2089 1371 orti

512 1429 628 1473 sunt
652 1434 843 1474 omnes.
871 1417 983 1473 Non
1013 1416 1140 1470 dicit
1164 1415 1336 1471 solum
1368 1428 1485 1469 eam
1520 1412 1769 1483 genuisse
1796 1453 1811 1477 ,
1844 1407 1950 1464 sed.
1982 1418 2089 1462 tam

514 1509 803 1563 multorum
835 1507 995 1562 fuisse
1034 1516 1279 1569 matrem,
1328 1515 1455 1575 quot
1485 1519 1585 1559 nec
1626 1501 1859 1559 facundi
1901 1502 2037 1555 uteri
2075 1518 2088 1555 :

516 1602 793 1667 Tamquam
820 1600 985 1653 sidera
1016 1596 1164 1672 (Gen.
1196 1597 1283 1652 15.
1309 1596 1637 1667 Nix/inquit.
1662 1594 1941 1663 Quomodo
1963 1608 2091 1664 ergo

514 1707 608 1747 eos
638 1706 781 1761 saepe
808 1700 1072 1755 numerat,
1118 1689 1326 1745 etiamsi
1370 1687 1561 1743 dixerit
1593 1706 1604 1741 :
1634 1686 2090 1755 Quemadmodum

517 1799 623 1837 non
657 1782 1078 1837 numerabuntur
1117 1780 1290 1835 sidera
1331 1781 1447 1835 ca-li
1478 1797 1492 1833 :
1524 1781 1592 1836 ita
1644 1793 1742 1833 nec
1783 1793 1966 1833 semen
2008 1791 2095 1830 ve-

517 1873 708 1927 strutﬂ.
740 1874 848 1927 Aut
877 1871 1005 1926 dicit
1035 1887 1127 1939 per
1151 1870 1500 1942 hyperbolen,
1529 1879 1621 1923 aut
1651 1878 1867 1939 pr0pter
1890 1883 1983 1923 eos
2003 1868 2091 1938 qui

513 1977 726 2032 semper
740 1962 837 2016 sibi
850 1959 1333 2017 suecedunt.Unins
1347 1962 1541 2030 quippe
1556 1960 1747 2015 domus
1760 1958 1989 2028 majores
2003 1974 2096 2013 nu-

516 2054 707 2107 merari
728 2054 1121 2123 possunt,verbi
1142 2054 1306 2121 gratia
1328 2051 1485 2122 hujus
1502 2052 1585 2107 vel
1608 2051 1767 2117 illius;
1789 2051 1875 2107 hic
1890 2061 2088 2117 autem,

522 2144 609 2197 ubi
638 2158 804 2213 genus
826 2142 948 2198 illud
978 2157 1199 2198 numero
1228 2144 1396 2199 stellis
1421 2153 1781 2213 comparatur,
1812 2157 1917 2198 non
1944 2145 2090 2198 item.

584 2234 637 2288 ὅ.
670 2233 825 2289 Tales
847 2240 976 2289 'sunt
1021 2234 1112 2290 Dei
1156 2234 1601 2304 pollicitationes,
1634 2244 1739 2290 tam
1768 2237 2014 2304 expedita
2042 2244 2097 2291 et

516 2333 621 2377 tam
648 2323 711 2377 ad
746 2325 1036 2393 parandum
1065 2325 1236 2381 facilia
1265 2339 1388 2381 sunt
1414 2326 1502 2381 Dei
1522 2327 1801 2395 promissa.
1832 2328 1887 2382 Si
1917 2334 2093 2381 autem

513 2430 632 2482 qua:
651 2413 991 2471 additamenti
1010 2417 1125 2471 loco
1144 2417 1405 2487 promisit.
1432 2426 1558 2471 sunt
1583 2417 1719 2472 adeo
1737 2416 2093 2485 admirabilia,

513 2504 931 2575 adeomagnilica
958 2516 1011 2561 et
1027 2507 1322 2577 Splendida,
1339 2508 1636 2579 cujusmodi
1662 2518 1817 2564 erunt
1842 2509 1949 2575 illa,
1970 2510 2097 2580 qui-

515 2596 613 2649 lnts
644 2596 757 2651 haec
785 2607 909 2654 sunt
954 2599 1308 2655 additamenta
1348 2616 1415 2656 ex
1452 2600 2097 2672 superabundantia.(a)?

500 2676 638 2742 Quid
660 2691 787 2746 ergo
808 2679 1014 2736 beatius
1032 2692 1115 2738 est
1145 2683 1209 2739 iis
1238 2685 1328 2755 qui
1357 2692 1751 2756 assequuntur't
1775 2690 1900 2760 quid
1923 2690 2063 2750 mise

497 2768 609 2821 rius
626 2768 689 2823 iis
704 2769 790 2839 qui
814 2786 920 2825 non
941 2784 1293 2844 assequuntur
1309 2775 1400 2833 ?Si
1417 2779 1558 2833 enim
1587 2779 1705 2849 ejus
1724 2782 1810 2851 qui
1827 2790 1911 2836 est
1933 2796 1964 2838 e
1987 2798 2083 2852 pa-

500 2859 597 2913 tria
628 2860 829 2928 ejectus
842 2876 1029 2919 omnes
1048 2866 1385 2936 miserentur,
1405 2879 1459 2923 et
1486 2869 1575 2940 qui
1601 2870 1781 2925 amisit
1806 2872 2080 2929 heredita—

500 2958 608 3006 tem
639 2951 848 3008 videtur
865 2955 1114 3011 omnibus
1135 2958 1451 3015 miserabilis
1474 2962 1594 3032 :qui
1614 2976 1643 3015 a
1665 2961 1797 3016 cazlo
1814 2964 2011 3019 excidit
2024 2974 2079 3021 et

497 3058 528 3097 a
558 3044 708 3099 bonis
733 3061 852 3115 quae
878 3047 988 3102 illic
1012 3059 1136 3104 sunt
1161 3050 1391 3120 reposita
1421 3093 1434 3117 ,
1472 3069 1630 3123 quam
1661 3055 1841 3111 multis
1874 3056 2068 3123 plorari

495 3132 659 3190 debet
682 3135 971 3208 lacrymis?
1000 3139 1108 3194 imo
1128 3156 1258 3196 vero
1286 3157 1384 3197 nec
1411 3144 1607 3213 plorari
1629 3162 1644 3211 ;
1670 3145 1913 3215 ploratur
1933 3147 2075 3202 enim

494 3225 757 3295 quispiam
786 3228 1000 3298 quando
1030 3231 1231 3301 aliquid
1259 3232 1309 3287 ei
1338 3234 1614 3303 acciderit,
1644 3236 1798 3307 cujus
1826 3237 1942 3306 ipse
1968 3254 2076 3293 non

493 3325 575 3371 est
602 3332 798 3383 causa;
828 3321 1045 3389 quando
1068 3332 1248 3377 autem
1273 3323 1442 3380 libero
1468 3339 1566 3380 suo
1590 3327 1813 3382 arbitrio
1836 3329 2071 3397 seipsum

496 3408 628 3461 vitio
649 3408 911 3477 quispiam
943 3409 1228 3475 dediderit,
1262 3428 1367 3468 non
1395 3413 1670 3486 lacrymis,
1695 3415 1790 3473 sed
1822 3419 2073 3474 lamenta-

492 3497 727 3553 tionibus
756 3509 916 3570 atque
942 3500 1089 3555 luctu
1119 3512 1244 3559 tunc
1268 3505 1373 3560 erit
1408 3505 1621 3577 dignus.
1649 3506 1782 3563 Nam
1816 3509 2075 3567 Dominus

490 3604 701 3659 quoque
726 3599 907 3645 noster
933 3590 1090 3646 Jesus
1117 3591 1362 3649 Christus
1396 3594 1712 3666 Jerusalem,
1740 3599 1864 3655 licet
1908 3582 2087 3670 impie—

490 3695 550 3735 se
573 3693 846 3752 gerentem
868 3724 883 3748 ,
912 3683 1049 3739 lusit
1074 3694 1129 3740 et
1156 3686 1324 3743 ﬂevit.

562 3772 963 3845 Quot'lacrymis
988 3775 1146 3847 digna
1170 3778 1457 3848 futurorum
1488 3774 1734 3836 bonorum
1762 3782 2075 3837 amissio.—

489 3862 972 3921 lnnumerabilibus
1018 3877 1203 3923 ravera
1244 3870 1559 3939 cjulatihus,
1592 3873 2071 3929 innumerabilibus

487 3954 961 4011 lamentationibus
1007 3957 1152 4029 digni
1200 3973 1406 4016 sumus.
1460 3961 1517 4018 Si
1578 3963 1859 4018 universus
1917 3965 2069 4021 orbis

488 4054 665 4110 terrae,
695 4056 749 4101 et
777 4046 1001 4117 lapides,
1030 4060 1082 4105 et
1114 4040 1289 4121 ligna,
1320 4062 1376 4107 et
1411 4054 1630 4110 arbores
1653 4096 1670 4120 ,
1707 4064 1762 4109 et
1806 4054 1935 4110 ferte
1958 4096 1975 4123 ,
2018 4066 2072 4111 et

486 4152 633 4200 aves,
660 4146 732 4202 et,
761 4148 819 4193 ut
845 4142 1015 4196 semel
1045 4140 1241 4204 dicam,
1272 4153 1413 4197 totus
1433 4146 1580 4200 orbis
1606 4155 1781 4211 teme,
1812 4162 1945 4202 voce
1973 4162 2068 4202 ac-

485 4239 638 4299 cepta
678 4243 775 4285 nos
798 4230 993 4287 delicat
1038 4234 1129 4303 qui
1160 4249 1192 4289 a
1222 4235 1377 4290 bonis
1404 4236 1509 4292 illis
1536 4238 1833 4294 excidimus
1854 4280 1869 4307 ,
1899 4239 2029 4295 nihil
2050 4281 2067 4306 ,

485 4330 539 4373 nt
571 4336 665 4390 par
699 4332 784 4375 est
806 4364 821 4385 ,
849 4322 1071 4379 deﬂebit
1113 4325 1198 4380 vel
1239 4326 1641 4384 lamentabitur.
1686 4328 1815 4383 Nam
1840 4346 1958 4400 quin
1983 4331 2067 4385 di-

484 4411 637 4464 cendi
684 4410 945 4479 facultas,
994 4430 1113 4485 qua:
1153 4415 1505 4485 intelligentia
1550 4420 1753 4489 poterit
1799 4420 2069 4488 explicare

482 4500 627 4556 illam
668 4504 1052 4560 beatitudinem
1092 4517 1147 4561 et
1176 4508 1425 4565 virtutem
1471 4510 1655 4577 illam,
1694 4511 2025 4582 voluptatem
2050 4555 2067 4579 ,

482 4593 729 4661 gloriam,
762 4596 1025 4662 laetitiam,
1051 4598 1418 4669 splendorem.
1451 4601 1577 4669 Quae
1597 4604 1773 4659 oculus
1793 4622 1891 4658 non
1920 4605 2066 4669 vidit,

482 4684 681 4753 inquit,
712 4702 825 4756 qut:
867 4689 1008 4741 auris
1043 4704 1145 4742 non
1185 4691 1375 4744 audiuit
1399 4732 1415 4757 ,
1452 4702 1499 4745 et
1527 4692 1580 4745 in
1610 4708 1695 4747 cor
1722 4695 1939 4750 hominis
1967 4712 2068 4750 non

480 4778 837 4845 ascenderunt,
867 4794 983 4850 qua!
1008 4783 1313 4851 preparavit
1336 4782 1472 4838 Deus
1499 4784 1564 4839 iis
1590 4785 1677 4855 qui
1704 4785 1925 4857 diligunt
1952 4803 2066 4841 eum

482 4865 562 4935 (l.
590 4866 711 4922 Cor.
737 4868 792 4923 2.
827 4870 929 4941 9)?
959 4870 1073 4926 Non
1100 4871 1236 4927 dixit
1259 4872 1436 4929 solum
1462 4888 1820 4946 exsuperare,
1851 4878 1944 4932 sed
1967 4892 2067 4934 nec

480 4959 647 5014 nlhnn
680 4976 930 5029 umquam
969 4963 1301 5022 intellexisse
1327 4981 1446 5036 qua:
1472 4967 1611 5023 Deus
1641 4973 1851 5038 paravit
1880 4970 1947 5025 iis
1971 4972 2063 5041 qui

481 5049 654 5118 ipsum
677 5050 922 5123 diligunt.
955 5052 1265 5124 Cujusmodi
1302 5057 1445 5111 enim
1477 5058 1614 5113 bona
1642 5070 2061 5116 consentaneum

481 5150 565 5196 est
591 5157 711 5198 esse
733 5158 797 5199 ea
829 5160 947 5216 qua!
975 5146 1117 5203 Deus
1156 5159 1425 5219 prmparat
1470 5159 1527 5204 et
1557 5150 1811 5207 instruit?
1835 5150 1891 5208 Si
1921 5152 2065 5208 enim

480 5245 601 5285 eum
631 5247 730 5288 nos
761 5234 992 5303 fecisset,
1025 5237 1208 5293 statim
1240 5239 1385 5295 nulla
1412 5254 1473 5297 re
1497 5240 1673 5297 adhuc
1709 5257 1740 5297 a
1784 5242 1940 5299 nobis
1965 5258 2060 5315 pe-

482 5332 649 5387 racta,
687 5333 829 5379 tanta
859 5336 941 5406 est
971 5329 1208 5401 largitus,
1236 5332 1566 5403 paradisum,
1597 5350 1717 5390 eum
1747 5336 1864 5406 ipso
1889 5337 2060 5392 collo-

484 5406 837 5474 qnutionem,
899 5404 1351 5465 immortalitatem
1398 5418 1483 5465 est
1543 5404 1852 5482 pollicitus.
1899 5418 2065 5471 vitam

486 5494 696 5549 beatam
726 5504 779 5550 et
805 5509 837 5549 a
871 5496 1016 5551 curis
1056 5495 1277 5553 liberam
1307 5517 1320 5553 :
1351 5501 1415 5555 iis
1454 5501 1543 5572 qui
1577 5512 1683 5557 tam
1725 5505 1887 5559 multa
1920 5504 2063 5563 fece-

579 5724 653 5782 (a)
673 5723 764 5775 Hic
786 5725 963 5778 desinit
983 5727 1177 5780 humilia
1202 5731 1433 5784 vicesima
1458 5733 1602 5785 tertia
1630 5734 1674 5782 in
1699 5734 1875 5788 l‘n-lit't‘
1899 5738 2031 5795 Colit.

1244 301 1301 361 S.
1340 295 1614 355 JOANNIS
1652 284 2126 349 CllnYSOSTOMl
2191 281 2505 343 ARCIIIEP.
2547 277 3078 340 CONSTANTIN‘OP.

3694 277 3796 334 164

2196 409 2320 459 rttut
2342 441 2358 468 ,
2388 401 2477 473 qui
2499 399 2635 457 adeo
2660 409 2875 456 strenue
2898 398 3251 453 dcccrtanmt
3275 402 3329 449 et
3350 407 3449 465 pro
3475 387 3597 463 ipso
3626 391 3793 445 susti-

2195 502 2448 561 nuerunt,
2472 494 2596 565 quid
2622 508 2726 547 non
2767 491 3029 547 donabit?
3059 488 3346 559 Unigenito
3374 500 3473 557 pro
3500 484 3661 539 nobis
3689 498 3795 538 non

2196 587 2459 658 pepercit,
2487 598 2805 656 germanum
2832 597 2895 637 ac
2922 581 3200 653 pr0prium
3230 578 3425 633 Filium
3450 588 3678 649 propter
3699 590 3797 629 nos

2196 679 2260 733 ad
2294 686 2521 732 mortem
2552 675 2701 730 dedit
2728 692 2741 727 :
2770 675 2813 728 si
2848 687 2947 728 nos
2974 687 3096 727 cum
3142 670 3346 726 inimici
3373 683 3642 730 essemus,
3678 667 3797 722 tali-

2197 770 2295 823 bus
2319 767 2564 839 dignatus
2587 776 2670 822 est
2713 766 2888 829 bonis,
2916 780 3150 835 quonam
3200 778 3300 819 nos
3345 777 3451 817 non
3481 759 3797 832 dignabitur

2195 860 2283 929 qui
2320 858 2443 912 facti
2487 873 2673 912 sumus
2723 855 2926 910 amici?
2958 868 3205 924 quaenam
3252 868 3360 908 non
3406 853 3794 922 impertietnr,

2195 965 2318 1005 cum
2360 965 2461 1005 nos
2502 950 2601 1004 sibi
2652 946 3055 1005 reconciliari”
3114 947 3210 1001 Est
3246 960 3405 1018 supra
3443 943 3667 999 modum
3718 942 3798 999 di-

2194 1056 2310 1111 ves,
2342 1051 2399 1099 et
2438 1042 2707 1098 desiderat
2748 1050 2804 1096 et
2831 1039 3011 1096 studet
3057 1048 3296 1094 nostram
3340 1037 3551 1109 assequi
3601 1036 3795 1092 amici-

2194 1138 2327 1192 tiam
2356 1153 2368 1186 :
2400 1150 2499 1190 nos
2529 1145 2707 1191 autem
2739 1150 2806 1190 ne
2833 1135 2916 1189 vel
2951 1134 3221 1189 tantillum
3253 1133 3531 1189 studemus
3554 1175 3573 1200 ,
3603 1149 3638 1188 ο
3659 1131 3798 1188 dile-

2198 1235 2269 1289 cti
2301 1254 2314 1290 :
2348 1232 2470 1303 quid
2505 1230 2625 1286 dico
2649 1272 2663 1295 ,
2697 1245 2803 1285 non
2835 1230 3160 1285 studemus?
3208 1230 3463 1285 nolumus
3488 1230 3653 1299 plane
3680 1227 3797 1297 ejus

2200 1324 2336 1379 bona
2363 1322 2615 1393 assequi,
2659 1334 2719 1376 ut
2744 1321 2855 1376 vult
2908 1324 3045 1392 ipse.
3076 1319 3230 1389 Quod
3273 1330 3450 1376 autem
3494 1318 3793 1374 admodum

2194 1416 2324 1472 velit
2373 1414 2423 1470 id
2468 1414 2609 1486 quod
2658 1413 2785 1469 fecit
2828 1414 3079 1469 ostendit.
3130 1413 3263 1468 Nam
3314 1428 3413 1468 nos
3451 1412 3676 1483 quidem
3702 1426 3799 1481 pro

2195 1508 2349 1563 nobis
2396 1506 2525 1578 ipsis
2572 1506 2656 1560 vix
2704 1520 2889 1576 parum
2927 1507 3042 1561 auri
3091 1505 3452 1575 despicimus;
3512 1505 3631 1573 ipse
3687 1518 3784 1558 au-

2213 1608 2319 1655 tem
2351 1614 2447 1668 pro
2472 1598 2626 1652 nobis
2649 1596 2809 1651 etiam
2853 1610 3012 1651 suum
3041 1596 3188 1650 dedit
3231 1595 3446 1650 Filium.
3477 1594 3714 1651 Utamur
3740 1603 3799 1650 ut

2198 1698 2407 1757 oportet
2435 1688 2528 1743 Dei
2568 1687 2856 1743 dilectione
2882 1728 2897 1751 ,
2933 1687 3174 1743 fruamur
3202 1686 3319 1756 ejus
3362 1686 3601 1752 amicitia
3634 1702 3650 1739 :
3697 1683 3797 1740 Vos

2201 1779 2367 1845 enim,
2398 1778 2602 1848 inquit,
2628 1779 2778 1831 amici
2804 1780 2899 1833 mei
2925 1778 3061 1837 estis.
3088 1778 3134 1831 si
3158 1779 3362 1849 faciatis
3384 1793 3499 1848 quc
3519 1778 3635 1831 dico
3656 1778 3796 1832 vobis

2194 1869 2374 1939 (Joan.
2407 1871 2492 1925 15.
2525 1869 2635 1941 Η).
2670 1869 2830 1939 Papa:
2854 1911 2870 1936 ,
2898 1869 3145 1923 inimicos
3165 1868 3256 1939 qui
3283 1866 3492 1923 inﬁnito
3516 1868 3698 1938 spatio
3728 1867 3797 1922 ab

2191 1978 2258 2020 eo
2285 1972 2441 2020 erant
2464 1962 2736 2033 disjnncti,
2762 1978 2899 2033 quos
2927 1961 3426 2032 incomparabiliter
3452 1962 3503 2016 in
3536 1961 3795 2016 omnibus

2191 2056 2589 2118 antecellebat,
2621 2066 2677 2110 et
2721 2054 2849 2109 fecit
2883 2062 2947 2109 et
2972 2054 3185 2108 vocavit
3214 2052 3466 2109 amicos?
3493 2053 3634 2120 Quid
3663 2067 3794 2121 ergo

2190 2166 2297 2205 non
2326 2158 2412 2204 est
2448 2163 2476 2202 a
2506 2147 2665 2203 nobis
2693 2147 2942 2202 lubenter
2970 2145 3281 2217 patiendum
3325 2161 3426 2217 pro
3473 2146 3573 2202 hac
3602 2148 3793 2202 amici-

2195 2239 2312 2295 tia?
2362 2240 2431 2294 At
2471 2254 2572 2294 nos
2620 2253 2718 2308 pro
2768 2238 3046 2292 hominum
3091 2225 3327 2292 amicitia
3372 2251 3519 2308 serpe
3547 2236 3790 2307 pericula

2190 2332 2399 2386 adimus
2424 2348 2439 2397 ;
2465 2345 2564 2401 pro
2602 2330 2697 2385 Dei
2728 2338 2905 2385 autem
2933 2329 3167 2384 amicitia
3217 2344 3343 2409 nec.
3364 2330 3625 2399 pecunias
3659 2344 3789 2401 pro-

2186 2421 2476 2476 fundimns.
2507 2420 2711 2477 Revera
2738 2419 2883 2475 luctu
2912 2420 3086 2490 dignm
3109 2430 3233 2475 sunt
3261 2434 3351 2476 res
3372 2429 3595 2487 nostras,
3621 2421 3775 2477 luctu

2193 2523 2246 2568 ct
2275 2512 2530 2584 lacrymis
2571 2520 2627 2567 et
2671 2510 3055 2581 ejulationibus
3099 2519 3156 2566 et
3202 2511 3680 2569 lamentationibus
3730 2522 3787 2569 et

2190 2604 2430 2675 planctu.
2461 2604 2502 2659 Α
2531 2617 2629 2674 spe
2650 2610 2833 2658 nostra
2856 2600 3157 2658 excidimus
3180 2646 3195 2668 ,
3225 2616 3254 2657 a
3283 2611 3467 2659 nostra
3495 2601 3786 2660 altitudine

2192 2694 2384 2764 dejecti
2415 2707 2621 2757 sumus,
2654 2693 2746 2749 Dei
2772 2692 2976 2749 honore
3005 2692 3207 2763 indigni
3251 2693 3596 2764 apparuimns
3618 2736 3635 2761 ,
3683 2695 3788 2749 im-

2184 2802 2447 2842 memores
2472 2796 2528 2842 et
2548 2787 2740 2857 ingrati
2764 2788 3033 2843 evasimus
3062 2795 3117 2843 et
3145 2786 3271 2842 mali
3297 2789 3456 2843 etiam
3480 2798 3603 2859 post
3620 2789 3787 2844 bene-

2183 2877 2321 2939 licia,
2350 2876 2504 2933 bonis
2523 2878 2773 2933 omnibus
2796 2893 2895 2933 nos
2915 2877 3164 2947 spoliavit
3188 2877 3433 2935 diabolus
3462 2896 3477 2935 :
3502 2880 3593 2949 qui
3638 2879 3785 2953 digni

2187 2962 2457 3017 fueramus
2475 2963 2639 3019 habiti
2672 2974 2729 3019 ut
2750 2978 2992 3020 essemus
3020 2964 3134 3029 lilii,
3152 2964 3344 3027 fratres
3369 2973 3425 3019 et
3450 2964 3775 3029 coheredes,

2181 3050 2248 3104 ab
2277 3052 2395 3121 ejus
2414 3053 2644 3109 inimicis
2672 3054 2805 3110 nihil
2836 3053 3131 3110 differimus
3154 3094 3171 3121 ,
3198 3055 3287 3125 qui
3333 3054 3505 3126 ipsum
3534 3056 3781 3111 alliciunt

2180 3143 2525 3200 contumelia.
2550 3144 2803 3213 Quaenam
2826 3145 2929 3201 erit
2955 3145 3110 3201 nobis
3128 3145 3197 3201 de
3217 3154 3413 3202 cas-tero
3433 3147 3777 3204 consolatio?

2184 3232 2300 3303 ipse
2323 3250 2419 3291 nos
2448 3237 2656 3292 vocavit
2678 3237 2744 3291 ad
2768 3237 2954 3292 cadum
2979 3254 2995 3301 ;
3026 3253 3124 3293 nos
3166 3237 3413 3309 nosipsos
3437 3236 3780 3296 detrudimus

2185 3324 2236 3379 in
2258 3324 2584 3392 gehennam.
2608 3328 2916 3385 Exsecratio
2962 3339 3017 3385 et
3064 3330 3422 3397 mendacium,
3475 3329 3680 3389 furtum
3720 3344 3779 3389 et

2182 3414 2498 3471 adulterium
2516 3418 2767 3475 diffusum
2781 3430 2864 3476 est
2879 3434 3041 3490 super
3053 3431 3247 3477 terram
3264 3441 3279 3477 :
3296 3422 3385 3478 alii
3414 3423 3632 3495 quidem
3646 3439 3746 3480 san
3758 3454 3779 3465 -

2180 3510 2394 3579 guinem
2422 3513 2647 3581 miscent
2674 3515 2952 3583 sanguine,
2979 3515 3067 3570 alii
3098 3525 3274 3572 autem
3292 3533 3380 3573 res
3408 3528 3601 3589 gemat
3625 3519 3781 3575 dete-

2181 3603 2351 3659 riores
2390 3605 2668 3675 sanguine.
2697 3606 2844 3661 Multi
2873 3622 2944 3662 ex
2987 3607 3052 3662 iis
3082 3608 3171 3678 qui
3203 3608 3394 3678 injuria
3423 3610 3732 3666 afficiuntur
3758 3652 3775 3677 ,

2182 3697 2332 3752 nntlti
2377 3698 2466 3769 qui
2489 3714 2585 3769 per
2600 3702 2879 3757 avaritiam
2902 3701 3284 3758 detrimentum
3309 3702 3605 3772 patiuntur,
3625 3704 3780 3761 mille

2182 3800 2385 3847 mortes
2410 3792 2581 3862 magis
2600 3802 2787 3864 optant
2806 3810 2964 3865 quam
2993 3794 3107 3850 haec
3130 3795 3261 3867 pati,
3290 3804 3345 3850 et
3370 3795 3469 3852 nisi
3500 3796 3594 3852 Dei
3615 3798 3781 3852 timeo

2180 3896 2294 3937 rem
2347 3884 2500 3938 veriti
2526 3894 2728 3951 essent,
2769 3886 2871 3940 sibi
2911 3897 3137 3942 mortem
3182 3886 3591 3951 conscivissent,
3638 3890 3781 3945 adeo

2180 3974 2405 4044 cupiunt
2424 3986 2651 4031 mortem
2677 3976 2776 4031 sibi
2807 3976 3021 4033 afferre.
3042 3978 3233 4032 Annon
3275 3987 3402 4033 sunt
3446 3978 3560 4034 lucc
3590 3979 3778 4050 pejora

2180 4067 2468 4137 sanguine?
2518 4066 2620 4123 Hei
2650 4069 2776 4123 mihi
2820 4070 3012 4135 anima,
3035 4068 3455 4125 dicebatdolens
3486 4066 3776 4140 prepheta,

2182 4158 2331 4227 periit
2345 4158 2423 4212 air
2446 4160 2560 4228 pius
2585 4176 2617 4212 tt
2646 4171 2799 4227 terra,
2818 4172 2865 4215 et
2891 4162 2943 4215 in
2967 4162 3253 4215 hominibus
3278 4177 3379 4215 non
3410 4171 3479 4216 est
3508 4163 3779 4232 qui'faciat

2182 4249 2371 4302 bonum
2394 4248 2580 4319 (Miclt.
2608 4251 2663 4305 7.
2684 4250 2762 4321 2).
2789 4250 2939 4306 Nunc
2952 4262 3129 4306 autem
3148 4264 3246 4305 nos
3266 4265 3479 4321 quoque
3498 4251 3567 4307 de
3586 4252 3777 4309 nobis-

2185 4337 2317 4406 ipsis
2340 4341 2568 4409 primum
2592 4339 2695 4395 hoc
2714 4341 3087 4396 clamabimus.
3111 4340 3219 4399 Sed
3243 4341 3311 4396 ad
3335 4342 3778 4400 lamentationem

2184 4446 2279 4486 vos
2301 4432 2430 4487 mihi
2459 4432 2595 4490 ferte
2622 4449 2801 4506 opem.
2833 4435 3101 4491 Fortassis
3126 4436 3344 4507 quidam
3371 4436 3778 4506 abominantur,

2180 4534 2234 4578 et
2259 4524 2473 4590 rident;
2515 4535 2734 4597 propter
2782 4527 2885 4583 hoc
2932 4537 3112 4585 autem
3167 4528 3492 4585 intendenda
3545 4540 3630 4586 est
3693 4531 3781 4586 la-

2180 4619 2457 4685 mentatio,
2499 4620 2641 4689 quod
2673 4621 2808 4677 adeo
2838 4622 3062 4677 furimus
3088 4632 3139 4679 et
3172 4621 3470 4694 desipimus
3495 4634 3551 4681 et
3580 4640 3679 4681 nos
3709 4641 3781 4682 ne

2180 4706 2360 4764 furere
2400 4709 2618 4779 quidem
2662 4712 2902 4777 scimus,
2950 4714 3045 4770 sed
3096 4723 3319 4785 prOpter
3347 4730 3469 4786 qua:
3496 4726 3780 4787 oporteret

2180 4815 2280 4854 nos
2302 4815 2543 4872 gemere,
2568 4802 2829 4859 ridemus.
2862 4803 3139 4859 Revelatur
3158 4847 3175 4871 ,
3204 4821 3236 4859 ο
3265 4807 3438 4870 homo,
3469 4807 3547 4862 ira
3571 4824 3599 4863 e
3624 4810 3778 4873 etclo,

2177 4910 2331 4962 super
2349 4910 2546 4949 omnem
2567 4896 2873 4966 impietatem
2897 4907 2944 4951 et
2966 4898 3273 4969 infastitiam
3297 4899 3561 4955 hominum
3589 4899 3778 4972 (Rom.

2179 4987 2232 5042 i.
2266 4986 2378 5056 18).
2412 4985 2547 5042 Deus
2585 4989 2853 5059 manifeste
2873 4990 3052 5043 veniet.
3078 4988 3223 5058 Ignis
3247 5001 3367 5044 ante
3387 4992 3557 5060 ipsum
3585 5009 3772 5063 prisce-

2179 5077 2295 5141 det,
2324 5087 2371 5131 et
2399 5078 2535 5131 circa
2574 5094 2691 5132 eum
2721 5088 2992 5149 tempestas
3020 5080 3212 5134 valida.
3246 5078 3393 5151 Ignis
3421 5081 3473 5135 in
3501 5095 3778 5154 conspectu

2177 5170 2287 5238 ejus
2328 5168 2525 5224 ardebit
2560 5178 2609 5224 et
2656 5171 2993 5240 inﬂamntabit
3032 5173 3087 5225 in
3128 5172 3344 5225 circuitu
3384 5172 3618 5229 inimicos
3662 5176 3778 5245 ejus

2182 5261 2356 5333 (Psal.
2388 5262 2478 5318 49.
2507 5262 2563 5319 5.
2589 5273 2635 5318 et
2660 5263 2751 5319 96.
2780 5261 2860 5334 ὅ).
2894 5263 3018 5321 Dies
3036 5262 3243 5319 Domini
3264 5274 3522 5336 tamquam
3547 5266 3777 5324 clibanus

2177 5356 2362 5411 ardens
2391 5354 2547 5427 (Mal.
2576 5357 2631 5411 4.
2662 5356 2736 5427 1).
2768 5355 2837 5411 Ει
2880 5370 3043 5411 nemo
3075 5356 3188 5412 lttec
3235 5369 3416 5414 mente
3438 5360 3648 5430 agitat,
3677 5362 3777 5417 sed

2178 5448 2347 5519 magis
2376 5462 2536 5519 quam
2591 5446 2785 5503 fabulm
2832 5447 3132 5518 despicatui
3186 5447 3455 5504 habentur
3500 5465 3589 5505 res
3633 5451 3775 5509 adeo

2180 5540 2484 5597 horrendae.
2516 5538 2617 5608 Qui
2648 5538 2850 5603 audiat,
2885 5554 3045 5595 nemo
3074 5548 3195 5603 est;
3227 5541 3318 5611 qui
3363 5551 3541 5597 autem
3591 5544 3774 5601 rident

2176 5645 2232 5691 ct
2250 5634 2599 5701 subsannant,
2622 5647 2831 5690 omnes.
2854 5634 3111 5702 Quaenam
3133 5634 3349 5691 dabitur
3368 5637 3523 5693 nobis
3549 5639 3631 5693 via
3663 5656 3771 5709 qus

2183 5744 2283 5789 nos
2346 5729 2730 5802 expediamus?
2768 5728 3046 5786 Undenaut
3120 5732 3452 5788 inveniemus
3501 5730 3773 5787 salutem?
