4060 6406
188 284 291 339 liii}

179 390 462 451 Periimus,
491 376 794 446 consumpti
822 386 1028 436 sumus,
1069 366 1302 425 ludibrio
1328 379 1425 418 nos
1448 361 1645 415 habent
1669 356 1769 410 iiii-

176 480 388 545 mici,et
409 489 505 531 nos
524 473 853 528 subsannant
873 472 928 520 et
952 472 1139 534 gentes
1163 470 1217 514 et
1242 458 1531 511 daemones.

253 539 320 627 ιζ
336 570 593 641 Ingentes
612 562 842 635 spiritus
862 571 1011 614 nunc
1035 552 1268 622 suscipit
1291 544 1562 641 diabolus,
1581 539 1780 641 gloria-

181 672 274 717 tur
290 671 343 718 et
360 635 679 722 exsultabat
692 650 1148 710 laetaturJ’udore
1162 654 1216 701 et
1233 640 1452 698 tristitia
1471 635 1784 690 aﬂieiuntur

183 754 361 825 angeli
384 752 587 825 quibus
600 763 701 803 nos
718 738 1118 803 sumuscrediti
1135 755 1150 792 :
1167 739 1423 792 nemoest
1443 728 1536 801 qui
1554 738 1785 782 convere

186 817 545 907 tatbr,olnnia
559 850 767 894 temere
785 844 915 891 sunt
932 834 1343 905 eonsumpta,et
1355 839 1454 879 nos
1470 820 1626 877 vobis
1636 817 1787 874 vide-

186 952 317 993 mur
338 930 938 1003 nugari.0pportunttm
955 933 1042 980 est
1057 935 1203 977 nunc
1220 929 1438 989 quoque
1457 924 1655 967 vocare
1672 922 1788 963 cm-

188 1024 325 1088 lum,
344 1021 605 1093 quoniam
625 1032 783 1072 nemo
802 1024 885 1071 est
904 1013 995 1085 qui
1031 1011 1238 1073 audiat,
1258 1004 1448 1063 testari
1470 1003 1738 1059 elementa
1766 1015 1785 1055 :

184 1115 346 1180 Audi,
366 1111 572 1176 aulum,
586 1117 633 1163 et
646 1106 854 1162 auribus
868 1103 1089 1173 percipe,
1108 1110 1263 1164 terra,
1279 1096 1521 1169 quoniam
1536 1092 1789 1147 Dominus

185 1216 260 1262 est
286 1207 523 1276 loquutus
559 1199 715 1271 (lsai.
764 1199 818 1253 1.
844 1196 923 1265 2).
958 1194 1113 1258 Date,
1160 1189 1415 1263 porrigite
1440 1183 1791 1254 manum,qui

189 1298 430 1353 nondum
448 1295 577 1351 estis
603 1292 800 1357 obruti,
818 1289 883 1344 iis
898 1287 987 1359 qui
1009 1286 1280 1357 perierunt
1306 1283 1376 1336 ab
1403 1281 1683 1343 ebrietate,
1700 1278 1793 1348 qui

189 1390 309 1445 sani
340 1389 470 1445 estis
497 1382 864 1441 laborantibus
890 1374 925 1445 ,'
952 1379 1042 1450 qui
1073 1375 1261 1446 sapitis
1309 1371 1612 1430 furentibus
1637 1409 1654 1435 ,
1700 1367 1794 1437 qui

191 1481 351 1537 statis
387 1481 452 1534 iis
486 1478 578 1549 qui
618 1475 1097 1543 circumaguntur:
1131 1480 1322 1531 nemo,
1350 1464 1599 1527 obsecro,
1634 1459 1796 1532 quid—

192 1590 355 1645 quam
396 1571 647 1642 praeferat
676 1566 834 1623 saluti
875 1563 1035 1619 amici
1062 1580 1077 1617 :
1106 1570 1162 1617 ct
1186 1557 1492 1630 objurgatio
1520 1565 1575 1611 et
1608 1569 1795 1626 reprc-

196 1666 388 1723 hensio
414 1678 582 1719 unum
616 1660 789 1715 solum
836 1663 1071 1726 spectet,
1116 1666 1315 1721 nempe
1343 1652 1463 1718 ejus
1492 1647 1797 1703 utilitatem.

194 1756 423 1828 Quando
444 1753 609 1811 febris
633 1750 849 1814 invasit,
877 1748 1039 1803 etiam
1068 1745 1208 1800 servi
1238 1742 1524 1812 imperium
1547 1741 1802 1794 obtinent

196 1850 250 1905 in
268 1843 683 1904 dominos.Nam
700 1840 914 1913 quando
928 1838 1016 1894 illa
1032 1837 1247 1909 quidem
1268 1843 1420 1905 urget
1436 1833 1668 1888 animam
1682 1846 1807 1887 eon-

197 1939 599 2005 turbans,adcst
614 1946 793 1991 autem
813 1948 1002 2003 agmen
1024 1928 1620 1999 mancipiorummnllus
1633 1926 1805 1997 legem

198 2033 447 2105 agnoscit
461 2029 783 2086 dominicam
814 2027 867 2080 in
885 2025 1085 2081 damno
1097 2022 1322 2077 domini.
1338 2021 1807 2092 Nos,qu:eso,con~

199 2134 475 2181 vertamus
502 2140 515 2176 :
541 2121 677 2176 bella
702 2118 1033 2190 quotidiana,
1057 2112 1482 2181 submersioncs,
1500 2112 1812 2168 innumera-

201 2217 340 2273 biles
367 2213 716 2272 circumcirca
762 2210 1042 2276 interitus,
1074 2216 1131 2263 et
1173 2207 1249 2262 ira
1296 2206 1389 2271 Dei
1429 2219 1530 2261 nos
1575 2204 1813 2276 undique

202 2305 522 2363 circumdat.
544 2303 651 2360 Nos
666 2312 843 2358 autem
874 2315 1062 2357 sumus
1086 2313 1279 2356 omnes
1302 2306 1409 2353 tam
1426 2299 1685 2365 sccuri,et
1705 2308 1812 2351 tam

206 2408 353 2455 metu
372 2397 550 2463 vacui,
586 2410 744 2466 quam
772 2395 818 2451 si
858 2394 971 2451 Deo
998 2394 1333 2465 placeremns
1362 2410 1375 2443 :
1406 2407 1593 2448 omnes
1624 2408 1814 2448 manus

205 2504 466 2562 paramus
500 2488 567 2543 ad
595 2487 748 2557 plura
791 2486 1035 2543 habenda
1079 2498 1181 2556 per
1213 2481 1521 2547 avaritiam,
1556 2498 1719 2538 nemo
1748 2483 1814 2536 ad

205 2598 364 2652 opem
394 2578 901 2643 lerendam;omnes
913 2575 981 2632 ad
998 2591 1262 2648 rapinam,
1287 2590 1445 2631 nemo
1464 2575 1534 2631 ad
1553 2574 1819 2630 defensio-

208 2689 333 2729 nem
352 2692 364 2726 :
387 2671 755 2741 unusquisque
770 2669 1006 2724 studium
1026 2682 1181 2723 suum
1195 2669 1347 2739 ponit
1364 2666 1637 2739 quomodo
1659 2666 1822 2721 lacul-

210 2772 349 2819 tates
365 2778 489 2819 suas
512 2762 699 2818 reddat
712 2760 1024 2829 ampliores,
1040 2775 1198 2816 nemo
1215 2761 1486 2831 quomodo
1510 2776 1669 2833 opem
1685 2761 1824 2818 ferat

207 2869 382 2925 egeno
406 2872 419 2909 :
440 2854 805 2924 unusquisque
829 2863 913 2908 est
940 2851 1096 2907 valde
1119 2852 1377 2909 sollicitus
1401 2853 1672 2921 quomodo
1711 2848 1822 2909 suis

209 2950 374 3005 addat
396 2947 658 3019 pecuniis,
683 2960 842 3003 nemo
863 2946 1136 3016 quomodo
1156 2960 1305 3000 suam
1337 2954 1516 3001 servet
1542 2945 1776 3010 animam
1804 2964 1816 2998 :

210 3058 353 3097 tutus
372 3058 561 3097 omnes
592 3050 738 3096 tenet
776 3049 975 3107 metus,
994 3039 1071 3094 Ne
1100 3039 1290 3106 simus,
1309 3039 1500 3110 inquit,
1516 3054 1818 3110 pauperes;

208 3137 281 3177 ne
332 3133 509 3179 autem
542 3126 594 3180 in
624 3128 925 3197 gehennam
974 3128 1269 3187 incidamus
1289 3173 1305 3197 ,
1336 3147 1497 3188 nemo
1522 3135 1740 3205 angitur
1763 3145 1819 3192 et

206 3214 493 3270 horrescit.
527 3216 651 3272 Haec
670 3218 829 3290 digna
858 3228 983 3276 sunt
1008 3223 1632 3291 lamentationibus,h:re
1659 3243 1815 3284 aecu-

203 3307 436 3372 satione,
463 3308 576 3363 haec
606 3312 1045 3380 reprehensione.
1079 3312 1182 3370 Sed
1206 3314 1323 3371 tunc
1350 3317 1594 3372 nolebam
1612 3318 1817 3389 dicere,

204 3411 395 3451 verum
435 3398 592 3453 dolor
638 3416 725 3455 me
762 3403 908 3472 cogit
942 3421 955 3455 :
992 3404 1289 3474 ignoscite;
1334 3409 1478 3477 cogit
1518 3425 1604 3464 me
1643 3409 1819 3465 luctus

205 3489 377 3543 multa
408 3488 590 3545 dicere
614 3508 735 3561 quas
769 3493 1040 3548 nolebam.
1072 3495 1244 3552 Video
1273 3514 1464 3569 graves
1493 3501 1689 3567 minus,
1723 3515 1816 3557 ca-

208 3581 507 3637 lamitatem
538 3584 623 3639 eui
663 3584 841 3640 aﬂ‘erri
881 3602 987 3641 non
1037 3600 1212 3658 potest
1256 3592 1583 3656 consolatio,
1612 3594 1818 3663 majora

206 3687 309 3727 nos
355 3688 685 3745 occuparunt
729 3681 867 3734 mala
903 3696 1063 3749 quam
1109 3692 1165 3736 ut
1206 3686 1375 3753 possit
1408 3685 1634 3741 inveniri
1670 3688 1819 3743 sola—

206 3762 377 3826 tium;
415 3766 691 3833 periimus.
723 3767 848 3833 Quis
879 3771 1016 3824 dabit
1046 3774 1204 3842 capiti
1244 3791 1353 3830 meo
1381 3793 1588 3843 aquam,
1621 3789 1668 3833 et
1699 3795 1820 3833 ocu-

203 3854 270 3907 lis
302 3858 424 3910 nteis
454 3858 646 3927 [autem
674 3862 1021 3932 lacrymarum
1057 3865 1192 3935 (Jer.
1223 3868 1274 3923 9.
1313 3870 1386 3939 l),
1419 3881 1475 3925 ut
1514 3873 1821 3929 lamenter?

206 3945 482 4014 Fleanius,
513 3966 543 4002 ο
567 3950 769 4018 dilecti,
803 3953 1049 4021 ﬂeamus,
1081 3958 1515 4029 ingemiscamus.
1548 3963 1684 4019 Sunt
1711 3966 1818 4021 for-

205 4046 354 4092 tasse
376 4040 592 4107 quidam
621 4044 710 4113 qui
739 4045 925 4100 dicunt
953 4067 965 4101 :
996 4048 1132 4103 Nihil
1158 4052 1300 4105 aliud
1331 4055 1485 4109 nobis
1506 4056 1635 4111 dicit
1656 4075 1815 4129 quam

204 4129 621 4188 lamentationes
642 4176 658 4203 ,
690 4135 821 4191 nihil
847 4139 994 4195 aliud
1026 4157 1188 4212 quam
1214 4145 1389 4199 lletus.
1420 4148 1628 4203 Nollem
1653 4192 1665 4214 ,
1693 4168 1815 4207 rre-

969 258 1030 314 IN
1072 254 1291 314 EPIST.
1335 251 1426 307 AD
1467 240 1830 303 lllﬂlllLEOS.
1874 236 2027 292 CAP.
2076 234 2167 289 Xl.
2215 230 2446 286 IIOMIL.
2493 226 2683 283 XXIV.

3383 226 3487 280 {liii

1884 345 1996 401 dite
2017 388 2029 411 ,
2062 344 2260 399 nollem
2282 384 2297 407 ,
2328 340 2424 398 sed
2458 340 2645 395 Iaudes
2675 336 2927 409 persequi
2960 343 3016 391 et
3042 332 3323 397 encomia;
3356 345 3500 393 nunc

1885 450 2065 494 autem
2107 447 2191 492 est
2232 437 2429 490 horum
2462 430 2844 503 lCIIlpllS.',I\'0|l
2873 437 2957 485 est
2991 442 3191 500 grave,
3222 442 3256 479 ο
3281 424 3495 486 dilecti,

1889 533 2206 598 lamentari,
2237 531 2332 589 sed
2378 531 2555 584 facere
2594 541 2715 597 qua:
2754 532 2882 580 sunt
2908 522 3067 594 digna
3100 517 3500 576 lamentationi-

1890 631 1990 683 bus
2021 646 2033 682 :
2067 642 2173 681 non
2206 633 2290 682 est
2317 621 2677 678 aversandum
2705 617 2930 686 deﬂere,
2960 615 3056 672 sed
3100 629 3165 670 ca
3196 626 3357 684 agere
3384 625 3507 680 qua:

1890 733 2016 777 sunt
2057 722 2216 791 digna
2261 717 2502 774 ﬂetibus.
2543 713 2621 771 Ne
2665 711 2912 785 puniaris
2934 751 2950 777 ,
2976 719 3031 766 et
3068 723 3176 765 non
3208 707 3408 779 lugeo;
3442 719 3510 760 ue

1893 815 2146 871 moriaris
2167 854 2182 879 ,
2226 820 2283 868 ct
2324 800 2432 865 nun
2462 807 2659 865 deﬂeo.
2690 805 2796 862 Sed
2827 806 2872 860 si
2899 818 3098 875 corpus
3124 802 3341 874 quidem
3365 800 3514 871 jacet

1894 919 2190 973 mortuum,
2221 919 2415 960 omnes
2444 901 2682 959 hortaris
2710 906 2772 956 ut
2795 897 3305 961 commisereantur,
3334 903 3389 950 ct
3415 908 3513 950 eos

1895 1002 1986 1072 qui
2017 1016 2123 1055 non
2154 999 2339 1069 lugent
2367 1010 2531 1052 vocas
2572 991 3034 1049 immisericordes
3063 1007 3075 1042 :
3112 996 3374 1058 pereunte
3412 1002 3514 1041 au-

1899 1102 2008 1149 tem
2049 1092 2227 1146 anima
2259 1090 2417 1160 juch
2453 1102 2561 1141 non
2604 1083 2830 1155 lugere?
2863 1083 2969 1138 Sed
2999 1097 3106 1137 non
3148 1096 3367 1155 possunt
3395 1094 3519 1137 esse

1902 1196 2051 1257 pater
2087 1185 2132 1239 si
2180 1198 2286 1238 non
2318 1180 2478 1236 ﬂeam
2513 1196 2526 1233 :
2557 1187 2713 1248 pater
2739 1192 2859 1231 smn
2891 1190 3079 1231 amans
3107 1185 3164 1231 et
3194 1173 3515 1231 benevolus.

1900 1278 2098 1333 Audite
2126 1273 2400 1347 quomodo
2426 1272 2627 1326 clamet
2657 1269 2857 1323 Paulus
2883 1310 2897 1331 .
2931 1266 3113 1321 Fitioli
3134 1308 3149 1330 ,
3178 1282 3305 1339 quos
3335 1266 3522 1321 iterum

1902 1370 2136 1442 parturio
2156 1366 2302 1438 (Gal.
2329 1365 2383 1420 4.
2409 1362 2524 1433 l9).
2551 1360 2811 1428 Quasnam
2837 1367 3011 1414 mater
3039 1359 3348 1430 parturiens
3370 1373 3524 1427 mque

1904 1466 2128 1521 acerbas
2159 1474 2321 1517 voces
2345 1458 2510 1514 mittit
2536 1466 2699 1526 atque
2727 1453 2855 1510 ille?
2880 1452 3095 1510 Utinam
3122 1452 3313 1509 liceret
3342 1451 3526 1506 videre

1907 1560 2080 1627 ipsum
2126 1554 2377 1610 ardorem
2421 1550 2617 1606 mentis
2638 1591 2652 1612 ,
2683 1557 2738 1604 et
2768 1547 2986 1603 videres
3021 1546 3167 1618 quod
3200 1546 3372 1617 magis
3399 1561 3527 1601 uror

1907 1668 2067 1725 quam
2089 1650 2293 1722 qumvis
2315 1647 2525 1712 mulier,
2545 1653 2600 1700 et
2620 1643 2823 1714 qumvis
2846 1642 3022 1713 puella
3040 1656 3161 1713 qua:
3186 1641 3527 1696 immaturam

1910 1764 2065 1821 passa
2090 1757 2173 1802 est
2195 1740 2533 1798 viduitatem.
2560 1738 2676 1794 Non
2701 1738 2774 1792 ita
2796 1737 2943 1808 luget
2962 1737 3050 1791 illa
3074 1750 3229 1790 suum
3250 1735 3527 1800 maritum,

1912 1855 2090 1911 neque
2117 1846 2271 1910 pater
2300 1836 2470 1890 tilium
2496 1874 2511 1898 ,
2541 1840 2599 1886 ut
2639 1845 2744 1902 ego
2786 1830 2928 1885 hanc
2961 1843 3084 1898 quae
3121 1837 3206 1883 est
3249 1827 3389 1897 apud
3433 1842 3533 1881 nos

1914 1932 2336 1990 multitudinem.
2359 1927 2469 1982 Nec
2489 1925 2694 1980 nullum
2720 1921 2877 1978 video
2903 1920 3226 1992 profectum,
3252 1930 3533 1976 vertuntur

1915 2028 2095 2082 omnia
2140 2024 2191 2077 in
2238 2019 2540 2076 calumnias
2583 2026 2639 2071 et
2673 2015 3087 2071 criminationes
3122 2031 3135 2068 :
3166 2013 3347 2070 nullus
3376 2030 3532 2069 suum

1930 2131 2077 2188 ducit
2114 2141 2237 2183 esse
2276 2122 2513 2181 ot'licinm
2550 2127 2608 2171 nt
2645 2117 2759 2171 Deo
2787 2114 3024 2185 placeat;
3055 2108 3154 2166 scd
3180 2107 3249 2163 de
3280 2107 3419 2171 hoc,
3451 2104 3537 2158 in-

1928 2225 2074 2299 quit,
2105 2230 2162 2277 et
2189 2218 2257 2274 de
2303 2216 2398 2271 illo
2436 2213 2579 2268 male
2610 2210 2855 2265 dicamus
2883 2223 2896 2261 :
2928 2205 3020 2261 ille
3045 2213 3131 2261 est
3164 2202 3419 2271 indignus
3444 2215 3537 2270 qui

1928 2292 2000 2373 sit
2022 2312 2253 2370 clericus
2273 2349 2290 2375 ,
2325 2306 2413 2362 hic
2439 2304 2666 2373 turpiter
2698 2300 2828 2355 vivit
2857 2310 2911 2353 et
2941 2297 3247 2351 inhoneste.
3277 2292 3410 2348 Cum
3441 2292 3539 2346 de-

1925 2409 2183 2461 beremus
2212 2398 2350 2454 mala
2394 2404 2576 2451 nostra
2621 2393 2836 2462 lugere,
2868 2388 3005 2443 alios
3038 2385 3381 2456 jndicamus,
3415 2398 3538 2438 cum

1926 2511 2029 2553 nec
2054 2491 2273 2564 quando
2308 2488 2492 2545 mundi
2523 2500 2713 2540 sumus
2750 2498 2779 2537 a
2822 2482 3059 2553 peccatis
3083 2478 3405 2533 deberemus
3436 2474 3541 2529 hoc

1926 2588 2125 2644 facere.
2159 2585 2285 2654 Quis
2306 2584 2441 2637 enim
2465 2590 2512 2633 te
2533 2575 2813 2632 discernit?
2838 2573 3013 2643 inquit
3035 2588 3051 2633 ;
3079 2570 3204 2638 quid
3231 2569 3383 2623 habes
3404 2570 3540 2636 quod

1927 2700 2030 2738 non
2056 2679 2335 2750 accepisti?
2360 2677 2405 2730 si
2444 2683 2614 2729 autem
2655 2669 2934 2739 accepisti,
2964 2666 3087 2739 quid
3116 2665 3355 2737 gloriaris
3392 2665 3541 2734 quasi

1925 2793 2029 2832 non
2055 2767 2309 2842 acceperis
2344 2769 2420 2841 (1.
2450 2768 2568 2822 Cor.
2598 2765 2651 2819 4.
2684 2763 2784 2831 7)?
2818 2761 2899 2816 Tu
2936 2769 3116 2814 autem
3160 2757 3288 2842 quid
3327 2755 3541 2826 judicas

1926 2872 2147 2924 fratrem
2176 2875 2347 2924 tuum,
2373 2875 2494 2915 cum
2526 2859 2640 2929 ipse
2668 2856 2743 2911 sis
2775 2854 2967 2929 plenus
2993 2851 3147 2905 malis
3174 2835 3541 2903 innumerabi-

1926 2960 2112 3017 libus?
2139 2956 2367 3026 Quando
2397 2951 2627 3013 dixeris,
2664 2948 2756 3003 Ille
2787 2955 2869 3002 est
2910 2926 3088 2998 ‘maius
3117 2950 3171 2997 et
3203 2940 3539 3011 perniciosus

1926 3065 1981 3112 et
2005 3053 2324 3112 sceleratus.
2356 3048 2421 3102 de
2447 3056 2499 3101 te
2528 3043 2725 3113 cogita.
2748 3050 2803 3095 et
2826 3050 2914 3093 tua
2936 3038 3222 3107 diligenter
3252 3034 3462 3104 inquire
3484 3043 3540 3086 et

1920 3146 2192 3211 examina,
2220 3152 2275 3197 et
2302 3152 2353 3196 te
2380 3138 2667 3211 pmnitebit
2694 3151 2885 3191 eorum
2922 3148 3041 3204 qua:
3071 3129 3274 3185 dixisti.
3306 3128 3423 3182 Non
3448 3134 3532 3181 est

1918 3240 2085 3302 enim,
2120 3252 2226 3293 non
2254 3243 2335 3291 est
2373 3234 2477 3288 ulla
2510 3231 2631 3286 talis
2660 3228 2991 3292 adhortatio,
3024 3226 3199 3297 qualis
3227 3231 3312 3278 est
3340 3234 3532 3291 pecca-

1922 3343 2099 3388 torum
2148 3327 2476 3385 recordatio.
2520 3324 2577 3381 Si
2621 3324 2738 3378 ha'c
2774 3321 2884 3377 duo
2912 3319 3054 3391 apud
3088 3332 3187 3372 nos
3213 3327 3531 3387 versemus,

1920 3424 2219 3496 poterimus
2259 3419 2520 3489 consequi
2565 3417 2703 3472 bona
2753 3413 3020 3484 promissa
3044 3452 3061 3477 ,
3092 3408 3402 3480 poterimus
3435 3421 3534 3459 nos

1922 3519 2217 3575 emundare
2259 3525 2314 3571 et
2355 3516 2665 3583 abstergere
2697 3528 2708 3562 :
2738 3508 2912 3563 solum
2955 3506 3006 3559 id
3050 3504 3210 3559 nobis
3251 3502 3431 3556 veniat
3478 3499 3531 3552 in

1922 3620 2192 3672 mentem,
2232 3618 2288 3663 et
2321 3605 2387 3660 de
2424 3605 2523 3658 hac
2558 3617 2618 3657 re
2647 3593 2817 3654 simus
2843 3596 3091 3660 solliciti,
3115 3596 3157 3647 δ
3181 3592 3382 3647 dilecti.
3431 3590 3526 3643 llic

1923 3705 2205 3759 doleamus
2232 3702 2433 3761 animo,
2462 3712 2531 3752 ne
2560 3695 2670 3750 illic
2699 3693 2983 3747 doleamus
3010 3688 3295 3757 supplicio,
3321 3683 3415 3738 sed
3442 3682 3533 3735 bo-

1925 3798 2009 3852 nis
2050 3794 2293 3849 fruamur
2336 3790 2590 3852 :cternis,
2636 3786 2723 3840 ubi
2765 3783 2897 3855 fugit
2939 3780 3115 3843 dolor,
3159 3779 3335 3832 luctus
3364 3785 3418 3829 et
3447 3790 3539 3843 ge-

1927 3888 2123 3950 mitus,
2167 3895 2226 3938 ut
2271 3884 2407 3937 bona
2455 3891 2854 3946 consequamur
2893 3880 3095 3927 a-tcrna
3134 3884 3256 3939 qnze
3302 3874 3536 3921 mentem

1927 3986 2255 4049 exsuperant
2298 3975 2622 4041 humanam,
2655 3969 2706 4022 iu
2742 3967 2959 4021 Christo
2998 3963 3123 4016 Jesu
3170 3959 3398 4015 Domino
3437 3972 3538 4010 no-

1928 4081 2043 4126 stro
2074 4088 2087 4124 :
2124 4070 2221 4139 ipsi
2252 4068 2321 4121 sit
2350 4065 2519 4136 gloria
2552 4064 2603 4116 in
2635 4060 2831 4115 srceula
2864 4056 3203 4112 saeculorum.
3246 4054 3443 4106 Amen.

217 4340 3532 4377 HHMW—

1561 4386 1909 4447 HOMILIA
1959 4388 2192 4449 XXIV.

212 4525 350 4579 (ἰλιι.
378 4526 465 4579 11.
501 4538 554 4575 v.
589 4520 674 4573 15.
706 4518 868 4571 Juxta
898 4515 1051 4582 ﬁdem
1083 4512 1313 4581 defuncti
1351 4517 1470 4563 sunt
1508 4523 1681 4561 omnes
1712 4508 1817 4570 isti,

291 4636 394 4672 non
426 4616 640 4683 acceptis
668 4608 1163 4680 repromissionibus,
1196 4604 1283 4659 sed
1324 4620 1356 4656 a
1386 4605 1536 4673 longe
1564 4619 1650 4656 eas
1678 4602 1821 4670 aspi-

289 4710 478 4761 cientes
531 4715 576 4757 et
622 4705 918 4763 salutantes,
970 4709 1016 4753 et
1054 4699 1348 4763 conﬁtentes
1396 4693 1531 4766 quod
1571 4694 1825 4764 peregrini

288 4812 409 4857 sunt
436 4812 480 4852 et
512 4799 731 4866 hospites
756 4811 909 4865 super
938 4804 1145 4846 terram.
1189 4790 1275 4844 H.
1313 4788 1411 4855 Qui
1443 4788 1575 4839 enim
1604 4789 1709 4839 hare
1741 4786 1823 4838 di-

286 4905 428 4957 cunt,
460 4891 751 4960 signi/icon!
777 4904 829 4941 sc
848 4886 1066 4956 patriam
1104 4883 1381 4954 inquirere.
1416 4880 1503 4933 15.
1542 4878 1608 4932 Et
1638 4880 1681 4933 si
1706 4879 1822 4945 qui-

288 4990 405 5042 dem
442 4985 604 5055 ipsius
636 4980 978 5035 meminissent
1028 4976 1091 5028 de
1129 4992 1230 5043 qua
1276 4975 1526 5035 exierunt,
1577 4972 1828 5024 habebant

288 5080 465 5146 utique
495 5087 693 5141 tempus
718 5068 1035 5124 revertendi:
1068 5066 1153 5121 16.
1192 5082 1323 5117 nunc
1366 5072 1534 5117 autem
1568 5063 1826 5115 meliorem

293 5178 569 5240 appetunt,
625 5168 676 5218 id
731 5174 802 5219 est
847 5163 1116 5215 cirlestem.
1170 5157 1297 5212 Ideo
1344 5174 1443 5210 non
1493 5156 1827 5225 confunditur

293 5267 432 5320 Deus
460 5262 626 5316 uocari
651 5258 787 5312 Deus
809 5273 983 5311 eorum
1007 5270 1025 5307 :
1055 5254 1250 5324 paravit
1273 5253 1403 5304 enim
1430 5251 1531 5304 illis
1554 5251 1823 5303 ciuitatem.

294 5362 347 5416 1.
386 5357 463 5427 (η)
506 5354 682 5408 Prima
722 5360 804 5405 est
837 5350 1027 5413 virtus,
1061 5356 1221 5415 atque
1252 5342 1388 5397 adeo
1422 5342 1670 5394 universa
1712 5340 1823 5392 vir-

220 5470 329 5521 tus,
362 5466 486 5506 esse
518 5450 570 5502 in
601 5445 702 5501 hoc
750 5443 949 5498 mundo
991 5439 1257 5508 hospitem
1285 5447 1338 5493 et
1368 5437 1738 5506 peregrinum,
1771 5445 1828 5489 et

289 5654 366 5716 (al
391 5652 533 5716 lnitii
568 5647 1052 5716 bomtljzevigesimae
1077 5653 1263 5707 quarta:
1284 5650 1388 5695 tres
1426 5647 1616 5707 pagina:
1642 5646 1835 5696 deside-

230 5710 403 5770 rantur
429 5716 476 5765 iit
503 5713 678 5765 Codice
701 5710 838 5761 Cll”).

557 5807 829 5865 PATnOL.
885 5808 1003 5868 (in.
1057 5812 1281 5872 LXlll.

1934 4526 2056 4565 cum
2090 4512 2152 4564 iis
2196 4527 2315 4577 qttrc
2349 4512 2435 4565 hic
2465 4524 2589 4564 sunt
2619 4512 2781 4565 rebus
2823 4521 2876 4564 et
2908 4510 3137 4579 negotiis
3172 4509 3302 4563 nihil
3349 4509 3547 4563 habere.

1932 4620 2241 4667 Commune,
2282 4604 2373 4657 sed
2404 4605 2469 4657 al)
2496 4606 2574 4657 eis
2608 4604 2847 4673 pendere
2878 4614 3150 4671 tamquam
3182 4604 3249 4655 ah
3280 4604 3545 4665 externis,

1933 4698 2073 4751 sicut
2102 4698 2241 4753 beati
2277 4698 2350 4751 illi
2382 4698 2632 4765 discipuli
2677 4696 2744 4751 dc
2790 4696 2987 4765 quibus
3019 4696 3149 4749 dicit
3184 4714 3193 4747 :
3226 4696 3548 4747 Circuiermit

1932 4791 1984 4842 in
2006 4790 2221 4851 melotis,
2245 4792 2298 4842 in
2324 4788 2537 4858 pellibus
2556 4790 2804 4858 caprinis,
2831 4797 3052 4858 egentes,
3077 4788 3382 4854 angustiati,
3416 4786 3546 4855 ami-

1933 4883 2020 4941 cti,
2076 4881 2257 4949 quibus
2303 4881 2492 4949 dignus
2536 4896 2635 4931 non
2680 4889 2789 4931 erat
2828 4878 3051 4930 mundus
3080 4876 3267 4945 (Hebr.
3306 4878 3393 4931 ll.
3424 4878 3542 4944 57).

1933 4980 2107 5042 Atque
2138 4972 2209 5025 illi
2241 4971 2458 5040 quidem
2490 4970 2745 5025 dicebant
2790 4985 2847 5023 se
2877 4985 2997 5023 esse
3037 4969 3275 5037 hospites
3306 4978 3359 5023 et
3393 4984 3549 5036 pere-

1935 5066 2116 5136 grinos
2165 5084 2177 5115 :
2240 5064 2440 5117 Paulus
2488 5074 2667 5116 autem
2714 5061 2842 5117 dicit
2896 5063 3056 5133 longe
3109 5062 3235 5131 quid
3292 5064 3541 5131 amplius.

1936 5158 2051 5213 Non
2095 5159 2237 5211 enim
2303 5174 2362 5211 sc
2407 5172 2527 5212 esse
2568 5157 2704 5211 dixit
2756 5156 3020 5225 hospitem
3061 5166 3116 5210 et
3175 5159 3545 5226 peregrinum,

1936 5250 2028 5303 sed
2061 5250 2263 5303 mundo
2296 5260 2592 5314 mortuum,
2627 5258 2682 5303 et
2729 5248 2830 5303 sibi
2874 5248 3176 5304 mundum:
3215 5248 3348 5301 Mitti
3378 5248 3548 5312 enim,

1939 5343 2130 5411 inquit.
2166 5342 2387 5395 mundus
2429 5341 2708 5409 cruciﬁxus
2740 5350 2834 5404 est,
2880 5349 2927 5393 et
2958 5357 3049 5410 ego
3087 5341 3280 5394 mundo
3309 5340 3447 5411 (Gul.
3490 5340 3545 5395 li.

1942 5434 2052 5505 Η).
2084 5434 2188 5489 Sed
2224 5450 2321 5487 nos
2352 5436 2437 5488 hic
2476 5436 2654 5487 omnia
2700 5434 2937 5504 gerimus
2969 5443 3242 5501 tamquam
3291 5435 3459 5497 cives,
3495 5443 3548 5487 et

1944 5531 2099 5599 plane
2128 5530 2370 5583 viventes
2411 5536 2469 5582 ut
2503 5529 2651 5585 cives
2680 5546 2693 5580 :
2726 5536 2782 5582 et
2807 5524 2950 5597 quod
2973 5526 3103 5593 justi
3133 5537 3285 5579 erant
3316 5526 3541 5587 mundo,

1940 5640 2136 5694 nempe
2183 5624 2423 5697 hospites
2468 5639 2524 5681 et
2572 5628 2792 5692 mortui,
2836 5642 2935 5683 nos
2974 5628 3075 5683 hoc
3121 5641 3310 5682 sumus
3360 5628 3495 5681 cmlo
3534 5646 3547 5683 :

1941 5715 2084 5785 quod
2117 5728 2293 5775 autem
2327 5730 2481 5773 erant
2515 5720 2588 5775 illi
2619 5721 2753 5776 earlo
2796 5720 3039 5777 viventes
3084 5730 3138 5776 et
3179 5720 3249 5775 ibi
3280 5719 3555 5777 rationem

3114 5830 3174 5888 11

3416 5968 3443 5997 \
