4060 6398
582 292 677 351 ΗΠ

567 387 783 461 vivendi
833 387 1192 450 instituentes,
1238 381 1339 437 hoc
1384 394 1483 434 nos
1526 393 1711 433 sumus
1754 372 1969 430 mundo.
2017 371 2147 425 Pro-

570 491 753 552 pterea
796 480 990 535 mortui
1035 491 1238 540 snnnts,
1272 472 1395 546 quia
1424 487 1543 529 eam
1576 486 1702 527 vere
1728 484 1845 539 quae
1875 476 1957 523 est
1984 467 2145 519 vitam

569 573 969 644 abnegavimns,
1019 581 1072 625 et
1121 569 1255 622 hanc
1297 564 1645 636 temporalem
1687 560 1941 631 elegimus
1976 575 1987 611 :
2019 572 2147 628 pro-

573 676 752 735 pterea
782 664 942 718 Deum
976 659 1323 725 irritavimus,
1349 656 1489 728 quod
1520 669 1638 711 cum
1672 653 1823 708 nobis
1852 658 1996 706 esset
2020 662 2146 717 pro-

572 756 801 825 positum
832 752 933 807 frui
972 751 1034 805 tis
1061 764 1181 819 qutc
1206 758 1333 803 sunt
1361 749 1415 802 in
1453 745 1619 809 caelis,
1647 758 1720 802 ne
1748 741 1816 796 ab
1844 742 1906 795 iis
1930 739 2146 811 quidem

569 862 688 917 qua:
715 844 916 899 suntin
950 850 1090 897 terra
1122 840 1368 895 volumus
1394 836 1705 900 discedere;
1738 834 1832 889 sed
1854 848 1960 887 non
1992 843 2148 885 secus

567 954 630 993 ac
671 936 887 1007 quidam
920 949 1139 990 vermes
1166 948 1196 987 a
1242 943 1385 987 terra
1415 931 1466 985 in
1497 939 1713 993 terram,
1761 937 1816 982 et
1858 939 2043 980 rursus
2081 922 2149 976 ab

570 1031 671 1087 hac
698 1030 749 1085 in
781 1028 923 1085 illam
956 1024 1404 1096 circumagimur;
1451 1031 1505 1077 et
1532 1021 1686 1091 plane
1716 1033 1783 1073 ne
1816 1032 2000 1089 parum
2026 1016 2147 1085 qui-

569 1125 692 1179 dem
722 1123 969 1177 volumus
999 1133 1297 1188 emergere,
1321 1129 1495 1185 neque
1533 1127 1629 1167 nos
1656 1127 1685 1165 a
1714 1110 1874 1166 rebus
1902 1108 2149 1164 humanis

570 1214 858 1279 abducere,
891 1209 988 1267 sed
1014 1208 1175 1265 veluti
1216 1221 1245 1260 a
1275 1205 1503 1276 quodam
1531 1213 1753 1257 veterno
1783 1210 1833 1255 et
1878 1211 2069 1253 somno
2096 1206 2150 1251 et

571 1306 829 1362 ebrietate
852 1302 1048 1366 obruti,
1070 1298 1500 1368 obstupeseimus
1522 1296 1631 1349 visa
1660 1289 2143 1364 apprehendentes.

570 1399 638 1453 Et
666 1398 803 1453 sicut
831 1396 864 1450 ii
890 1394 981 1465 qui
1008 1393 1157 1449 suavi
1184 1400 1437 1447 tenentur
1463 1403 1674 1451 somno,
1718 1400 1823 1441 non
1853 1384 2025 1441 solum
2055 1398 2154 1437 no-

570 1497 680 1555 ctu,
709 1486 802 1541 sed
828 1486 988 1541 etiam
1024 1498 1147 1539 cum
1177 1483 1349 1555 ipsum
1382 1494 1539 1535 mane
1566 1478 1865 1540 advenerit,
1896 1485 1950 1531 et
1973 1474 2149 1530 clarus

572 1578 731 1634 fuerit
757 1576 893 1641 dies,
918 1576 1101 1646 jaceat
1124 1573 1180 1629 in
1211 1573 1390 1635 lecto;
1424 1583 1525 1624 nee
1547 1582 1642 1623 eos
1672 1566 1833 1637 pudet
1874 1565 2151 1636 indulgere

571 1667 852 1739 voluptati,
905 1676 958 1721 et
997 1675 1211 1735 tempus
1256 1660 1512 1733 operandi
1563 1670 1617 1715 et
1669 1658 1916 1713 studendi
1976 1655 2151 1711 facere

573 1768 782 1828 tempus
809 1756 985 1811 somni
1015 1765 1061 1812 et
1087 1754 1291 1809 inertia:
1315 1767 1376 1807 ac
1403 1750 1740 1807 ltebctudinis
1766 1768 1780 1804 :
1804 1750 1872 1803 ita
1894 1762 1991 1802 nos
2012 1763 2149 1817 quo-

570 1866 673 1920 que
702 1850 789 1905 die
818 1847 1297 1918 appropinquante,
1331 1852 1487 1899 nocte
1514 1840 1857 1911 procedente,
1886 1839 1993 1894 imo
2024 1852 2151 1914 vero

569 1942 657 1995 die
683 1938 1008 2009 (Operantini
1043 1938 1208 2000 enim,
1255 1934 1448 2005 inquit,
1481 1934 1604 1986 dum
1643 1942 1717 1986 est
1744 1930 1852 1985 dies
1884 1928 2063 2003 [Joan.
2092 1928 2151 1985 9.

570 2030 699 2103 ιι).
740 2031 921 2084 omnia
950 2027 1174 2082 facimus
1210 2040 1329 2095 qua:
1370 2034 1494 2079 sunt
1534 2022 1705 2078 noctis
1733 2063 1746 2086 ,
1779 2021 2108 2075 dormientes
2134 2060 2147 2081 ,

572 2122 778 2176 somnia
821 2120 1085 2187 videntes,
1131 2118 1257 2172 visis
1297 2115 1645 2179 deliciantes;
1691 2124 1745 2168 et
1787 2112 1952 2167 clausi
1999 2111 2153 2167 nobis

571 2223 696 2267 sunt
722 2212 861 2266 oculi
889 2210 1083 2266 mentis
1122 2220 1177 2264 et
1205 2208 1467 2277 corporis,
1503 2220 1778 2276 perperam
1808 2204 2076 2273 loquimur
2100 2214 2154 2258 et

575 2313 775 2358 temere
799 2303 1084 2373 garrimus,
1113 2309 1167 2355 et
1196 2299 1240 2353 si
1270 2300 1389 2368 quis
1421 2295 1736 2367 profundam
1765 2296 1917 2350 nobis
1946 2296 2151 2366 plagam

574 2396 843 2460 iullixcrit,
867 2408 933 2449 ne
955 2393 1214 2447 sentimus
1235 2391 1470 2459 quidem,
1502 2388 1710 2443 etiamsi
1738 2396 1946 2440 nostras
1966 2400 2153 2442 omnes

572 2487 853 2558 diripuerit
870 2486 1168 2552 facultates,
1192 2482 1400 2538 etiamsi
1428 2482 1596 2550 ipsam
1620 2480 1835 2534 domum
1851 2479 2149 2533 exusserit:

572 2580 680 2634 imo
713 2593 841 2633 vero
880 2592 947 2632 ne
972 2584 1342 2645 exspectamus
1367 2571 1581 2642 quidem
1611 2583 1666 2625 ut
1691 2571 1778 2624 alii
1809 2570 1908 2624 hoc
1935 2570 2149 2635 faciant,

574 2671 667 2726 sed
692 2670 788 2739 ipsi
814 2669 913 2724 hoc
930 2667 1169 2732 iacimus,
1195 2680 1291 2721 nos
1319 2663 1555 2734 quotidie
1580 2670 1873 2734 pungenles
1893 2673 1943 2717 et
1967 2663 2155 2719 ferien-

566 2767 669 2819 tes,
697 2759 919 2827 turpiter
939 2768 996 2814 et
1017 2760 1264 2814 indecore
1288 2759 1545 2828 jacentes,
1573 2769 1623 2813 et
1642 2758 1820 2814 nudati
1839 2758 1981 2814 omni
2008 2757 2147 2813 bona

568 2847 983 2913 existimatione,
1011 2858 1065 2904 et
1093 2849 1262 2918 turpia
1294 2860 1472 2903 nostra
1523 2864 1686 2919 opera
1733 2867 1903 2921 neque
1934 2852 2030 2921 ipsi
2064 2860 2147 2907 te-

572 2948 775 3006 gentes,
824 2953 995 3008 neque
1026 2938 1146 2993 aliis
1174 2939 1276 2995 hoc
1303 2940 1479 2995 facere
1519 2943 1919 3011 permittentes;
1971 2942 2063 2997 sed
2096 2944 2147 2997 in

570 3029 746 3084 media
790 3029 1118 3098 turpitudine
1145 3040 1199 3084 et
1237 3031 1299 3084 iis
1329 3032 1415 3101 qui
1449 3032 1648 3097 vident,
1681 3041 1735 3086 et
1765 3034 1829 3087 iis
1873 3034 1958 3102 qui
1998 3048 2150 3088 acce-

570 3119 707 3173 dunt
738 3120 994 3189 prepositi
1023 3121 1087 3175 ad
1116 3121 1278 3175 risum
1300 3131 1354 3176 et
1372 3123 1437 3177 ad
1471 3122 1695 3177 ludibria
1724 3125 2151 3180 innumerabilia.

568 3208 797 3264 Nescitis
839 3211 982 3279 ipsos
1021 3226 1237 3281 quoque
1287 3213 1456 3267 malos
1506 3214 1731 3270 irridere
1776 3231 1868 3270 eos
1920 3232 2147 3286 quorum

568 3313 692 3355 sunt
725 3302 881 3357 iidem
938 3318 1136 3369 mores,
1182 3314 1238 3359 et
1280 3319 1374 3359 eos
1405 3304 1698 3360 damnare?
1740 3306 1868 3361 Nam
1899 3310 2149 3378 quoniam

572 3393 714 3446 Deus
742 3393 927 3448 indidit
955 3394 1400 3464 nobisjudicium,
1427 3397 1567 3466 quod
1587 3398 1894 3453 labefactari
1923 3411 1976 3454 et
1999 3418 2150 3454 num-

570 3498 726 3551 quam
768 3487 1038 3553 corrumpi
1072 3496 1268 3553 potest,
1302 3487 1509 3541 etiamsi
1553 3489 1775 3557 ingressi
1810 3490 2062 3545 fuerimus
2094 3493 2149 3546 in

578 3574 749 3643 ipsum
802 3574 916 3628 vitii
971 3574 1289 3644 profundum
1326 3594 1337 3627 :
1371 3577 1488 3631 ideo
1530 3588 1582 3632 et
1632 3580 1727 3648 ipsi
1777 3582 1898 3634 mali
1949 3584 2151 3651 seipsos

570 3665 960 3732 condemnant;
992 3679 1045 3722 et
1088 3669 1130 3723 si
1162 3670 1424 3738 quiSpiam
1455 3685 1550 3725 eos
1580 3670 1628 3724 id
1662 3672 1804 3741 quod
1845 3684 1969 3728 sunt
1999 3691 2152 3731 voca-

572 3756 726 3822 verit,
762 3772 856 3811 cos
888 3758 1067 3827 pudet,
1120 3776 1262 3830 aegre
1306 3760 1500 3827 ferunt,
1532 3770 1587 3816 et
1640 3778 1751 3817 rem
1804 3780 1920 3819 eam
1974 3765 2154 3822 dicunt

571 3861 693 3902 esse
737 3850 1142 3905 contumeliam.
1192 3852 1284 3914 Ita,
1341 3853 1385 3907 si
1436 3868 1541 3908 non
1586 3853 1757 3920 factis,
1792 3858 1967 3911 verbis
2008 3871 2154 3915 certe

571 3941 926 3997 condemnant
956 3959 1073 4011 qua:
1105 3944 1301 3999 faciunt
1331 3961 1425 4015 per
1452 3948 1855 4015 conscientiam,
1888 3951 1993 4004 imo
2025 3967 2151 4007 vero

573 4032 734 4101 etiam
768 4034 941 4087 factis.
988 4035 1120 4090 Cum
1153 4038 1294 4091 enim
1327 4038 1628 4093 clanculum
1660 4048 1711 4094 et
1747 4041 1796 4095 in
1837 4043 2046 4097 occulto
2075 4043 2153 4097 fa-

576 4123 746 4189 ciunt,
777 4126 1056 4180 sententire
1075 4128 1319 4196 quamde
1346 4145 1401 4183 re
1433 4130 1632 4185 habent
1658 4132 1945 4186 maximum
1970 4133 2152 4204 profe-

574 4226 700 4270 runt
722 4216 999 4272 indicium.
1030 4218 1224 4273 Vitium
1257 4221 1398 4275 enim
1432 4231 1515 4276 est
1544 4221 1676 4277 adeo
1704 4226 2065 4292 manifestum,
2096 4238 2154 4283 ιιι

572 4320 759 4362 omnes
788 4307 904 4377 ejus
933 4309 1039 4362 sint
1066 4317 1423 4376 accusatores,
1454 4312 1613 4367 etiam
1638 4315 1668 4366 ii
1691 4315 1778 4384 qui
1808 4315 1976 4384 ipsum
2003 4332 2154 4371 usur-

576 4406 736 4465 pant:
770 4407 910 4453 utnta
938 4408 1113 4453 autem
1161 4415 1248 4456 res
1278 4412 1360 4455 est
1391 4404 1580 4467 virtus,
1625 4413 1679 4458 ut
1719 4405 1771 4458 in
1800 4407 2154 4465 admiratione

576 4489 830 4544 habeatur
848 4491 1007 4545 etiam
1033 4492 1100 4544 ab
1124 4492 1249 4557 illis,
1278 4494 1366 4563 qui
1390 4510 1507 4549 eam
1532 4512 1635 4571 non
1658 4500 1997 4555 tentulantur.
2024 4503 2154 4559 Nan:

573 4588 629 4633 et
652 4588 912 4634 scortator
943 4581 1178 4635 laudabit
1205 4587 1610 4653 temperantiam
1650 4599 1702 4642 et
1744 4592 2148 4660 contineut3am,

574 4682 627 4726 et
648 4688 837 4727 avarus
863 4673 1242 4730 condemnabit
1270 4677 1618 4747 injustitiam;
1664 4689 1716 4735 et
1746 4681 2032 4739 iracundus
2060 4688 2151 4742 ad-

575 4763 852 4818 mirabilur
900 4766 1232 4834 patientiam,
1277 4777 1330 4821 et
1376 4770 1697 4838 vituperabit
1745 4774 2028 4830 simultatis
2082 4780 2156 4833 vi-

575 4864 723 4918 tium,
771 4866 825 4910 et
855 4855 1085 4911 lascivus
1131 4858 1422 4914 lasciviam.
1456 4860 1732 4925 Quitmodo
1773 4880 1917 4934 ergo,
1956 4867 2147 4938 inquit,

578 4943 691 4997 lucc
736 4946 998 5014 usurpat?
1030 4946 1104 5000 Ex
1152 4950 1316 5002 multa
1366 4951 1629 5016 socordia,
1662 4967 1782 5007 cum
1827 4966 2001 5011 tamen
2049 4976 2152 5015 non

574 5050 691 5089 esse
718 5036 913 5090 bonum
938 5038 1259 5107 judicaverit
1292 5059 1304 5092 :
1334 5040 1530 5111 alioqui
1556 5058 1676 5097 eum
1704 5046 1780 5100 rei
1807 5064 1907 5101 non
1938 5050 2152 5120 puduis~

573 5137 674 5187 set,
708 5143 880 5195 neque
908 5139 1156 5200 negasset
1182 5132 1287 5187 alio
1314 5144 1617 5189 accusante.
1651 5136 1796 5191 Multi
1823 5140 1984 5195 etiam
2020 5160 2126 5199 ora:

573 5219 835 5287 occupati,
869 5236 991 5275 cum
1021 5222 1254 5279 dedecus
1279 5225 1409 5280 non'
1430 5225 1650 5293 ferrent,
1685 5241 1743 5285 se
1769 5206 2099 5288 sun‘ocarunt
2135 5256 2145 5289 :

572 5326 773 5371 tantum
800 5314 952 5371 nobis
980 5317 1116 5371 inest
1147 5318 1355 5375 honesti
1383 5331 1436 5375 et
1460 5321 1641 5377 decori
1666 5326 2048 5382 testimonimn.
2077 5328 2149 5385 ita

568 5424 683 5476 qua:
722 5409 855 5462 bona
888 5417 1031 5472 sunt,
1064 5408 1179 5478 ipso
1208 5411 1322 5465 sole
1364 5413 1747 5482 splendidiora,
1794 5426 1848 5471 et
1874 5434 1995 5489 quae.
2025 5432 2150 5477 sunt

564 5501 642 5554 eis
670 5502 958 5564 contraria,
983 5510 1108 5554 sunt
1134 5502 1371 5557 omnium
1401 5501 1715 5562 foedissima.

632 5594 684 5643 2.
702 5591 944 5662 Hospites
962 5600 1016 5647 et
1034 5594 1297 5663 peregrini
1313 5605 1461 5649 erant
1477 5599 1660 5651 sancti.
1683 5598 1961 5665 Quomodo
1974 5613 2139 5673 etqua

559 5684 803 5739 ratione?
832 5685 917 5742 ubi
947 5686 1228 5743 conﬁtetur
1260 5688 1525 5745 Abraham
1566 5706 1624 5748 se
1660 5708 1776 5750 esse
1806 5694 2065 5765 hospitem
2086 5707 2139 5753 et

1295 293 1349 344 5.
1387 281 1661 343 JOANNIS
1695 271 2159 334 CIIRVSOSTOMI
2198 265 2505 325 ,νιιιιῑιιιιειι
2548 251 3074 316 αοΝδτΑΝτιΧυιτ.

3744 237 3846 295 ιω

2273 362 2602 435 peregrinum
2623 358 2646 411 τ
2668 355 2915 409 Fortasse
2943 347 3155 419 quidem
3180 344 3292 413 ipse
3319 353 3532 411 quoque
3547 346 3628 394 est
3652 339 3861 392 confes-

2269 429 2360 514 sus
2384 429 2602 527 :vpalam
2634 449 2685 504 id
2737 444 3014 502 confessus
3059 450 3140 495 est
3168 448 3344 492 autem
3369 434 3550 498 David,
3603 441 3659 485 ut
3688 429 3862 500 quivis

2268 550 2415 608 novit
2436 526 2459 602 ι
2492 544 2613 599 audi
2641 542 2787 596 illum
2818 536 3083 591 dicentem
3116 549 3128 584 :
3157 528 3413 597 Quoniam
3437 526 3635 578 advena
3664 537 3778 575 sum
3810 529 3859 575 et

2264 640 2580 715 peregrinus,
2608 636 2737 689 sicut
2760 644 2933 685 omnes
2960 634 3128 695 patres
3169 622 3263 673 mei
3286 618 3404 692 (Ps.
3449 616 3539 672 58.
3572 614 3691 682 15).
3724 611 3858 667 Nam

2262 706 2351 805 qui
2375 706 2683 787 habitabant
2703 724 2755 777 in
2777 713 3155 777 tabernaculis,
3177 710 3267 783 qui
3288 707 3509 781 pecunia
3528 706 3692 761 etiam
3710 718 3856 759 etne-

2263 799 2389 884 bant
2414 820 2679 893 sepulcra,
2709 813 2949 883 hospites
2988 808 3169 876 utique
3206 813 3260 859 et
3290 799 3554 871 peregrini
3583 805 3763 859 erant,
3800 804 3859 849 ut

2260 922 2349 993 qui
2396 887 2767 974 ne—ltaberent
2792 903 3009 974 quidem
3054 898 3142 954 ubi
3187 907 3314 949 suos
3353 887 3854 993 sepelirent.“Quid

2259 978 2425 1084 ergo?
2453 1004 2772 1063 dicebantne
2815 1012 2874 1052 se
2920 1006 3040 1047 esse
3070 986 3309 1059 hoSpites
3340 991 3545 1039 tantum
3588 981 3643 1083 in
3673 978 3851 1084 Palas-

2259 1069 2441 1161 sti‘na?
2471 1098 2836 1167 Nequaquam,
2867 1085 2961 1142 sed
2991 1084 3041 1138 in
3075 1090 3185 1135 toto
3211 1078 3380 1140 orbe;
3423 1083 3479 1130 et
3504 1071 3725 1128 merito.
3754 1069 3851 1124 Ni-

2258 1198 2334 1252 hil
2353 1193 2497 1249 enim
2523 1163 2581 1243 in
2605 1201 2669 1242 eo
2696 1182 2947 1237 videbant
2975 1188 3162 1231 eorum
3185 1186 3303 1241 qua:
3325 1167 3606 1230 volebant,
3638 1163 3736 1218 sed
3758 1177 3852 1217 ex-

2260 1297 2409 1343 terna
2442 1279 2620 1336 omnia
2651 1286 2704 1332 et
2732 1273 2926 1328 aliena.
2962 1266 3064 1335 Ipsi
3110 1263 3269 1333 igitur
3295 1256 3547 1313 volebant
3585 1267 3849 1311 exercere

2260 1378 2511 1432 virtutem
2536 1387 2551 1435 ;
2582 1368 2667 1422 hic
2691 1374 2868 1420 autem
2895 1354 3250 1416 eratmultum
3278 1350 3486 1413 vitium,
3518 1344 3739 1415 etapud
3754 1357 3849 1398 eos

2255 1478 2512 1528 erantres
2529 1476 2717 1519 omnes
2737 1465 2972 1513 externa:
2999 1459 3053 1505 et
3073 1448 3282 1502 alienat.
3325 1441 3537 1498 Nullum
3577 1438 3849 1493 habebant

2252 1563 2479 1619 amicum
2513 1598 2526 1621 ,
2572 1552 2775 1608 nullum
2816 1538 3215 1601 necessitudine
3262 1531 3609 1603 coniunctum
3647 1540 3846 1599 prmtcr

2263 1666 2479 1725 paucos.
2502 1641 2779 1715 Quomodo
2827 1646 3000 1692 autem
3033 1623 3477 1697 eranthospites‘l
3504 1622 3847 1725 Earum'qum

2256 1710 2342 1803 hic
2383 1710 2741 1798 suntfnullam
2766 1728 3021 1801 gerebant
3049 1736 3266 1784 curam;
3300 1716 3458 1785 idque
3483 1710 3844 1768 ostendebant

2259 1855 2362 1893 non
2381 1833 2575 1895 verbis,
2589 1826 2682 1881 sed
2702 1818 3017 1889 rebusipsis.
3035 1809 3311 1882 Quomodo
3327 1807 3349 1861 ?
3368 1806 3507 1861 Dixit
3515 1805 3661 1864 Deus
3681 1803 3846 1857 Abra-

2254 1930 2435 1992 liamo,
2469 1922 2682 1978 Dimitte
2718 1930 2835 1971 eam
2882 1925 2999 1982 qtae
3033 1905 3242 1962 videtur
3269 1901 3512 1972 patriam,
3546 1908 3600 1952 et
3623 1896 3744 1951 veni
3774 1894 3841 1949 ad

2248 1991 2474 2076 alienam
2498 2012 2648 2082 (Gen.
2690 2008 2773 2063 ιε.
2801 2006 2887 2074 l);
2914 2010 3240 2066 suorumque
3270 1991 3689 2048 domesticorum
3731 2002 3839 2040 non

2246 2122 2330 2169 est
2353 2077 2537 2165 amore
2564 2099 2869 2172 impeditus,
2900 2092 2993 2148 sed
3019 2105 3085 2146 eo
3103 2088 3295 2143 allecto
3317 2100 3433 2141 eam
3465 2079 3674 2136 dimisit
3694 2086 3754 2132 ut
3790 2077 3837 2131 si

2246 2213 2392 2262 esset
2418 2169 2738 2256 dimissurus
2764 2189 3017 2243 alienam.
3047 2182 3187 2236 Dixit
3222 2178 3291 2243 ei,
3339 2173 3483 2230 Oll‘er
3512 2170 3641 2226 mihi
3671 2169 3838 2223 lilium

2247 2294 2398 2366 (Gen.
2429 2295 2517 2348 22.
2545 2292 2642 2362 2);
2686 2300 2739 2347 et
2768 2304 2888 2344 eum
2949 2283 3171 2357 perinde
3200 2279 3392 2335 obtulit
3432 2286 3592 2345 atque
3631 2272 3677 2328 si
3726 2284 3837 2324 non

2246 2361 2469 2443 haberet
2514 2361 2703 2447 lilium,
2737 2390 2791 2437 et
2817 2394 2878 2433 ac
2906 2379 2951 2432 si
2973 2385 3158 2431 natura
3191 2388 3297 2427 non
3328 2368 3543 2425 indutus
3563 2371 3730 2429 esset,
3764 2361 3834 2415 ita

2247 2479 2456 2533 obtulit.
2489 2474 2802 2531 Possidebat
2830 2470 3085 2543 pecunias
3127 2478 3437 2521 communes
3466 2458 3716 2515 omnibus
3740 2468 3837 2507 ae-

2245 2570 2576 2635 cedentibus,
2600 2576 2646 2621 et
2675 2581 2784 2621 rem
2815 2563 2961 2617 nihili
2985 2557 3321 2615 existimabat
3348 2573 3362 2607 :
3394 2553 3591 2624 primas
3611 2545 3837 2602 cedebat

2247 2666 2383 2727 aliis,
2440 2664 2489 2715 in
2544 2658 2779 2730 pericula
2835 2670 2892 2709 se
2921 2655 3091 2723 ipsum
3137 2645 3475 2715 conjiciehat,
3533 2638 3837 2711 patiebatur

2259 2756 2394 2809 mala
2422 2727 2695 2807 innumera
2719 2762 2851 2800 :nun
2875 2737 3380 2798 atdilieabatdomos
3407 2727 3837 2801 splendidas,ne-

2246 2864 2352 2918 que
2383 2843 2681 2913 indulgebat
2707 2837 2929 2900 deliciis,
2958 2846 3127 2902 neque
3153 2842 3332 2882 curam
3354 2822 3571 2903 gerebat
3608 2818 3835 2872 vestium

2249 2953 2423 3008 neque
2440 2936 2663 2990 aliarum
2686 2928 3018 2985 s:ecularium
3042 2921 3260 2976 rerum?
3287 2918 3388 2973 Sed
3408 2914 3585 2969 omnia
3615 2908 3837 2980 gerebat

2248 3001 2366 3100 qua!
2387 3028 2655 3099 pertinent
2671 3022 2733 3075 ad
2754 3036 2867 3075 eam
2884 3034 3001 3088 qua:
3020 3015 3129 3069 illic
3149 3023 3250 3075 est,
3270 3010 3563 3063 civitatem.
3588 3001 3837 3068 llostiita-

2248 3093 2446 3177 litatem
2483 3115 2781 3177 exercebat,
2801 3108 3133 3165 dilectionem
3167 3104 3217 3157 in
3254 3102 3495 3163 fratrem,
3526 3093 3837 3149 misericor-

2246 3215 2409 3277 diam,
2442 3208 2770 3279 patientiam,
2823 3200 3058 3271 pecunia:
3116 3192 3516 3262 despicientiam
3571 3196 3620 3238 et
3654 3182 3838 3253 gloriae

2250 3276 2525 3376 prwscntis
2552 3309 2605 3354 et
2632 3298 2855 3350 aliorum
2882 3284 3317 3345 omnium.Filius
3342 3291 3552 3351 quoque
3580 3276 3694 3345 ejus
3723 3282 3839 3328 erat

2249 3364 2551 3466 hujusmodi
2577 3410 2589 3442 ε
2618 3402 2736 3442 eum
2765 3385 3073 3454 agitaretur,
3095 3376 3235 3431 bello
3277 3376 3644 3442 impeteretur,
3685 3364 3841 3419 cede-

2249 3455 2336 3545 bat
2363 3486 2609 3542 etlucmn
2637 3478 2818 3542 dabat,
2845 3484 2899 3527 ut
2943 3472 3030 3543 qui
3075 3475 3217 3521 esset
3269 3464 3320 3517 in
3357 3462 3565 3515 aliena:
3600 3455 3841 3524 hospites

2251 3584 2391 3638 enim
2452 3576 2629 3631 omnia
2695 3572 2983 3640 patiuntur,
3028 3561 3186 3616 veluti
3216 3557 3308 3629 qui
3354 3571 3457 3609 non
3500 3554 3606 3607 sint
3634 3550 3687 3605 in
3740 3564 3839 3618 pa-

2253 3676 2371 3728 tria.
2433 3671 2497 3723 Et
2549 3639 3023 3721 camauferretur
3077 3666 3229 3715 uxor,
3276 3648 3375 3701 hoc
3428 3656 3640 3715 quoque
3693 3639 3842 3695 fere-

2253 3770 2341 3823 bat
2376 3775 2640 3833 tamquam
2668 3754 2976 3827 peregriuus
3010 3767 3021 3802 :
3051 3762 3169 3816 quae
3213 3754 3441 3810 superna
3490 3743 3669 3790 autem
3711 3741 3842 3787 sunt

2251 3860 2472 3915 curabat
2503 3832 2702 3915 omnia,
2749 3843 3067 3902 modestiam
3111 3836 3426 3896 ostendens,
3473 3832 3843 3885 honestatem-

2250 3969 2354 4023 que
2400 3957 2456 4003 ct
2500 3940 2865 3999 omnimodam
2912 3929 3345 4002 temperantiam.
3392 3922 3524 3978 Nam
3555 3929 3845 3990 postquam

2256 4012 2553 4115 procreavit
2570 4036 2762 4097 filium,
2788 4044 2893 4084 non
2923 4024 3109 4080 habuit
3130 4015 3366 4088 amplius
3389 4012 3844 4069 consuetudinem

2254 4104 2373 4191 eum
2403 4146 2569 4187 uxore
2592 4146 2603 4181 :
2629 4137 2681 4182 et
2703 4140 2821 4179 cum
2841 4116 3187 4191 praeteriissct
3206 4114 3355 4181 vigor
3373 4104 3691 4178 iuventutis,
3716 4111 3847 4157 tunc

2255 4243 2371 4285 eam
2393 4225 2561 4287 duxit,
2580 4216 2865 4274 ostendens
2883 4226 2939 4265 se
2960 4224 3065 4263 non
3095 4207 3195 4260 hoc
3223 4204 3395 4257 facere
3426 4205 3639 4268 propter
3670 4194 3850 4249 libidi-

2258 4335 2404 4383 nem,
2421 4315 2513 4371 sed
2536 4322 2592 4367 ut
2621 4309 2712 4365 Dei
2737 4299 3074 4378 promissioni
3091 4289 3475 4358 scrviret.Quid
3502 4284 3848 4342 VeroJacob?

2256 4427 2433 4469 annon
2477 4404 2747 4477 qnzerebat
2801 4397 2971 4452 solum
2998 4404 3188 4462 panem
3214 4398 3267 4441 et
3287 4396 3510 4447 vestem,
3539 4394 3657 4450 quae
3690 4378 3849 4447 plane

2259 4514 2383 4561 sunt
2409 4471 2677 4568 hospitum
2708 4487 2969 4547 desideria
2997 4483 3087 4553 qui
3114 4479 3179 4535 ad
3199 4489 3488 4533 estremoto
3516 4471 3849 4526 devenerunt

2259 4561 2664 4667 paupertatem?
2706 4596 2881 4638 annon
2923 4575 3107 4638 pulsus
3137 4580 3192 4625 et
3207 4570 3436 4638 agitatus
3456 4561 3679 4617 cedebat
3707 4568 3848 4613 latit-

2256 4655 2413 4757 qnam
2443 4678 2677 4750 hospes?
2702 4688 2877 4731 annon
2905 4679 3019 4726 erat
3047 4660 3439 4722 mercenarius?
3466 4671 3642 4712 annon
3674 4655 3833 4707 innu-

2259 4747 2754 4839 merabilia‘uhique
2793 4763 3089 4833 patiebatur
3110 4756 3268 4820 mala,
3303 4754 3496 4819 ubique
3517 4747 3842 4803 circumiens

2259 4879 2524 4936 tamquam
2548 4838 2743 4931 hospes
2759 4856 2917 4911 'iilzrc
2934 4861 3109 4906 autem
3131 4847 3407 4917 patientes,
3430 4838 3852 4895 ostendebanlse

2260 4927 2417 5015 aliam
2459 4927 2700 5025 qumrere
2744 4950 2986 5019 patriam.
3036 4944 3215 5005 [’apa‘,
3255 4944 3451 5005 quanta
3497 4927 3838 4984 differentia!

2263 5052 2335 5107 illi
2364 5020 2576 5120 quidem
2604 5042 2843 5115 qu0tidie
2889 5034 3271 5107 purtnriehant,
3304 5028 3543 5079 volentes
3572 5022 3698 5076 hinc
3732 5020 3846 5074 dis-

2260 5119 2492 5205 cedere,
2546 5146 2601 5191 et
2648 5134 2825 5189 redire
2883 5130 2947 5181 ad
3003 5140 3153 5179 suam
3207 5119 3479 5190 patriam:
3515 5130 3613 5167 nos
3663 5122 3843 5166 autem

2263 5245 2469 5297 contra,
2505 5232 2547 5285 si
2574 5229 2735 5283 febris
2760 5224 2993 5288 irrucrit,
3017 5219 3263 5274 omnibus
3290 5212 3545 5269 dimissis.
3570 5218 3844 5277 tamquam

2266 5326 2474 5398 parvuli
2503 5322 2735 5378 infantes
2764 5314 3081 5389 plorabundi
3122 5319 3346 5365 mortem
3376 5304 3802 5375 pertimescimus
3830 5316 3845 5352 :

2263 5429 2315 5475 et
2346 5416 2537 5473 merito
2565 5413 2718 5468 nobis
2767 5411 2867 5464 hoc
2893 5406 3102 5462 accidit.
3130 5402 3259 5457 Nam
3293 5398 3543 5469 quoniam
3576 5407 3683 5448 non
3712 5401 3848 5445 tam-

2263 5527 2423 5583 quam
2451 5507 2691 5576 hoSpites
2726 5504 2813 5557 hic
2839 5501 3099 5569 degimus,
3128 5504 3181 5549 ct
3211 5508 3315 5547 non
3352 5500 3622 5557 tamquam
3654 5485 3721 5539 ad
3756 5499 3849 5553 pa-

2268 5575 2434 5656 triam.
2446 5575 2775 5659 festinamus,
2801 5591 2892 5647 sed
2913 5600 3177 5658 tamquam
3197 5592 3385 5639 euntes
3404 5578 3470 5632 ad
3492 5575 3812 5645 supplicium
3836 5592 3847 5625 :

2269 5704 2548 5766 propterea
2578 5687 2840 5749 dolemus,
2876 5680 3013 5753 quod
3048 5676 3207 5733 rebus
3246 5689 3351 5729 non
3392 5680 3446 5725 ut
3491 5668 3728 5737 oportuit
3771 5665 3848 5721 usi
