4060 6410
202 316 303 378 169

202 436 396 485 sanus,
443 421 537 474 sed
584 414 832 470 ordinem
878 407 1173 465 evertimus
1212 422 1225 457 :
1258 409 1543 472 propterea
1586 397 1801 463 flemus,

201 530 328 570 cum
370 512 607 585 gaudere
653 511 966 576 oporteret;
1002 509 1287 570 propterea
1332 497 1618 550 horremus
1665 493 1806 547 sicut

205 605 515 669 homicidae,
561 603 703 657 sicut
733 595 1045 669 praedonum
1087 592 1278 657 duces,
1327 585 1552 643 sistendi
1574 584 1800 655 judicio,

206 710 263 757 et
301 710 657 772 quaacumque
684 692 929 747 fecerunt
964 684 1163 741 animis
1185 688 1519 752 reputantes,
1548 686 1803 749 propter-

207 807 271 845 ea
323 791 516 844 timent
558 793 613 841 et
663 779 1107 839 contremiscunt.
1156 774 1237 830 Illi
1308 787 1438 829 vero
1487 784 1618 852 non_
1650 777 1808 826 erant

214 878 506 952 ejusmodi,
536 875 633 931 sed
671 870 997 928 festinabant
1030 886 1043 923 :
1079 866 1278 923 Paulus
1316 872 1498 919 autem
1527 861 1687 917 etiam
1727 860 1809 915 iu-

208 970 590 1046 getnuitzaudi
621 968 769 1023 illum
797 966 1090 1028 dicentem,
1127 959 1188 1014 Et
1220 975 1310 1013 nos
1329 958 1416 1029 qui
1437 972 1615 1011 sumus
1636 956 1688 1009 in
1716 955 1809 1009 hoc

212 1060 562 1127 tabernaculo,
611 1056 990 1129 ingemiscinms
1027 1051 1226 1124 gravati
1266 1048 1345 1119 (2.
1376 1047 1493 1103 Cor.
1527 1046 1579 1103 5.
1618 1047 1674 1117 4)
1706 1046 1807 1117 (a).

210 1156 358 1211 Talis
382 1162 500 1209 erat
524 1150 819 1219 Abraham,
848 1157 904 1201 et
932 1144 1025 1216 qui
1066 1157 1189 1198 cum
1208 1142 1301 1196 illo
1326 1149 1481 1195 erant
1505 1158 1518 1193 :
1546 1138 1808 1207 hospites,

213 1246 411 1317 inquit,
458 1250 612 1298 erant
642 1239 805 1295 totius
836 1237 984 1292 orbis
1026 1244 1207 1296 terrae,
1259 1240 1315 1288 et
1353 1230 1670 1302 quaerebant
1716 1244 1814 1300 pa-

214 1343 397 1397 triam.
424 1338 682 1407 Quaenam
709 1341 887 1388 autem
918 1346 982 1387 ea
1023 1328 1146 1385 est?
1189 1342 1256 1382 an
1301 1341 1363 1383 ea
1394 1341 1555 1397 quam
1588 1324 1811 1381 dimise-

214 1431 379 1487 runt?
428 1421 979 1498 Nequaquam:qnid
1031 1419 1178 1475 enim
1222 1417 1474 1473 obstabat
1527 1417 1815 1487 quominus

218 1525 467 1580 redirent
496 1522 540 1576 si
581 1518 803 1582 vellent,
850 1525 903 1570 et
933 1523 1117 1569 essent
1145 1512 1326 1567 cives?
1352 1509 1447 1566 sed
1492 1510 1639 1565 illam
1669 1524 1819 1580 qua:-

217 1618 413 1672 rehant
440 1629 560 1686 qua:
600 1609 761 1667 estin
806 1607 974 1664 cmlis.
1007 1606 1082 1659 ita
1114 1602 1475 1674 properabant
1500 1603 1626 1657 hinc
1662 1617 1820 1658 exce-

218 1709 374 1775 dere,
407 1719 462 1763 et
485 1706 565 1760 sic
594 1704 705 1759 Deo
733 1700 1052 1773 placebant:
1084 1696 1315 1765 ideoque
1336 1709 1442 1750 non
1468 1694 1824 1751 erubescebat

220 1799 403 1855 vocari
431 1809 617 1853 eorum
659 1792 823 1849 Deus.
872 1789 1051 1859 Papa},
1094 1796 1293 1859 quanta
1339 1786 1612 1857 dignitas!
1663 1799 1819 1841 acce-

222 1901 375 1962 ptum
403 1889 480 1944 illi
508 1886 610 1942 fuit
653 1892 712 1940 ut
740 1889 1030 1939 vocaretur
1070 1893 1259 1936 eorum
1288 1878 1451 1934 Deus.
1479 1877 1614 1947 Quid
1650 1877 1826 1934 dicis?

222 1988 449 2037 vocatur
480 1978 622 2034 Deus
661 1983 819 2031 terra:
849 1980 907 2029 et
944 1971 1084 2037 cseli,
1118 1980 1173 2027 et
1202 1980 1475 2040 tamquam
1506 1970 1687 2039 magni
1715 1970 1820 2025 ali-

221 2072 353 2144 quid
401 2068 625 2141 posuisti
654 2065 797 2140 quod
837 2080 945 2121 non
986 2062 1270 2119 erubescat
1316 2073 1505 2116 eorum
1550 2057 1696 2114 Deus
1719 2071 1818 2113 vo-

219 2165 377 2219 cari?
403 2162 651 2235 Magnum
698 2168 753 2214 et
793 2172 984 2214 revera
1028 2170 1279 2226 magnum
1312 2162 1397 2210 est
1426 2153 1550 2217 hoc,
1592 2159 1649 2206 et
1678 2149 1823 2204 indi-

222 2261 366 2314 cium
410 2256 593 2312 multa:
630 2251 1001 2309 beatitudinis.
1042 2248 1362 2315 Quomodo?
1404 2244 1560 2315 Quod
1604 2251 1820 2297 vocatur

224 2348 442 2419 quidem
478 2347 618 2401 Deus
637 2344 755 2399 cauti
787 2352 841 2398 et
881 2351 1065 2406 terras,
1098 2340 1239 2394 sicut
1268 2346 1323 2393 et
1347 2338 1610 2408 gentium,
1643 2343 1826 2404 quate-

228 2455 333 2496 nus
362 2456 424 2495 ea
453 2438 661 2495 creavit
688 2443 743 2492 et
771 2442 857 2490 est
884 2433 1220 2496 fabricatus;
1252 2430 1467 2485 illorum
1499 2437 1681 2483 autem
1714 2441 1827 2481 san-

227 2544 441 2588 ctorum
475 2546 583 2585 non
617 2530 712 2595 ita,
761 2526 856 2583 sed
898 2526 1036 2581 sicut
1064 2523 1259 2594 aliquis
1283 2534 1573 2593 germanus
1600 2519 1830 2574 amicus.

232 2623 497 2694 Exemplo
528 2621 681 2676 vobis
706 2619 811 2675 hoc
841 2616 1065 2674 reddam
1095 2614 1457 2685 perSpicuum.
1486 2611 1638 2667 Sicut
1682 2612 1736 2665 in
1769 2609 1833 2663 iis

231 2718 322 2788 qui
355 2722 482 2770 sunt
510 2714 562 2768 in
606 2711 817 2782 magnis
841 2708 1071 2774 aedibus,
1109 2704 1325 2777 quando
1351 2704 1514 2775 aliqui
1554 2719 1622 2760 ex
1651 2704 1717 2759 iis
1743 2703 1834 2773 qui

236 2816 478 2880 prmsunt
503 2804 720 2861 familiae
745 2811 870 2858 sunt
896 2802 948 2856 in
980 2814 1173 2871 magna
1198 2797 1622 2864 existimatione,
1653 2796 1835 2851 omnia

234 2899 640 2963 administrant,
669 2905 725 2952 et
749 2893 891 2965 apud
918 2892 1168 2948 dominos
1201 2904 1453 2963 magnam
1478 2888 1680 2944 habent
1709 2886 1836 2943 ﬁdu-

233 2996 397 3057 ciam,
427 2991 647 3062 ahipsis
677 2997 900 3046 vocatur
925 2986 1179 3042 dominus
1207 3002 1220 3039 :
1255 2992 1309 3041 et
1337 2984 1539 3040 multos
1566 2981 1840 3037 inveneris

234 3086 318 3141 sic
340 3082 618 3154 appellari.
643 3079 781 3150 Quid
804 3088 986 3134 autem
1009 3076 1165 3132 dico?
1187 3074 1442 3131 sicutdici
1466 3082 1678 3145 poterat
1702 3073 1841 3127 Deus

241 3195 349 3232 non
373 3177 636 3246 gentium,
665 3173 761 3230 sed
805 3172 972 3227 totius
1014 3170 1164 3226 orbis
1200 3176 1381 3236 terrm,
1425 3168 1497 3222 ita
1539 3167 1703 3223 etiam
1732 3164 1840 3221 dici

240 3279 453 3341 poterat
482 3269 621 3324 Deus
651 3264 947 3323 Abraham.
979 3261 1088 3319 Sed
1120 3261 1343 3318 nescitis
1372 3269 1573 3333 quanta
1615 3261 1687 3315 sit
1726 3259 1844 3314 huic

241 3362 498 3432 dignitas,
524 3359 780 3431 quoniam
811 3371 915 3413 nec
942 3370 1061 3411 eam
1112 3355 1472 3424 assequimur.
1516 3351 1669 3409 Sicut
1697 3350 1843 3406 enim

246 3455 390 3509 Deus
419 3466 558 3507 nunc
586 3450 782 3507 dicitur
809 3448 1067 3504 Dominus
1099 3444 1525 3502 Christianorum
1574 3441 1841 3511 omnium,

244 3560 300 3603 et
327 3558 505 3603 tamen
532 3546 635 3603 hoc
669 3560 865 3601 nomen
896 3553 1133 3599 nostram
1161 3551 1379 3614 superat
1408 3540 1725 3613 dignitatem
1758 3542 1843 3597 :si

246 3650 427 3696 autem
454 3647 679 3695 vocatus
708 3636 868 3692 fuerit
912 3636 1071 3691 unius
1113 3634 1278 3701 Deus,
1310 3633 1488 3703 cogita
1529 3639 1730 3704 quanta
1774 3632 1848 3688 sit

248 3731 586 3803 magnitudo.
628 3730 778 3785 Deus
816 3727 965 3783 orbis
1009 3736 1170 3782 terrae
1201 3742 1309 3782 non
1354 3724 1629 3782 erubescit
1668 3724 1853 3782 vocari

250 3826 416 3881 trium
452 3823 626 3889 Deus;
653 3832 710 3878 et
749 3821 942 3877 merito
975 3837 989 3874 :
1021 3835 1129 3876 non
1172 3820 1317 3875 enim
1355 3808 1503 3875 orbis
1545 3828 1723 3885 terrai,
1753 3817 1849 3874 sed

253 3915 730 3972 innumerabilium
763 3911 1030 3985 ejusmodi
1060 3912 1234 3968 instar
1269 3923 1395 3968 sunt
1435 3912 1631 3968 sancti.
1666 3911 1854 3967 Melior

253 4018 331 4063 est
357 4008 500 4062 enim
523 4023 655 4061 unus
684 4005 879 4077 faciens
906 4006 1214 4060 voluntatem
1250 4002 1480 4072 Domini,
1510 4020 1665 4076 quam
1690 4003 1859 4059 decies

255 4099 399 4153 mille
440 4098 599 4168 iniqui
643 4094 838 4168 (Eccli.
872 4094 961 4151 16.
995 4094 1076 4166 5).
1104 4092 1261 4162 Quod
1298 4102 1477 4149 autem
1518 4094 1728 4165 seipsos
1775 4095 1855 4152 sic

258 4198 523 4246 vocarent
547 4188 790 4260 hospites
818 4196 911 4254 est,
929 4186 1299 4259 perspicuum.
1348 4185 1456 4244 Sed
1506 4197 1648 4254 esto,
1683 4187 1771 4245 isti
1802 4204 1863 4246 se

258 4282 343 4338 sie
369 4281 635 4336 vocabant
659 4280 903 4350 hospites
928 4288 1151 4351 propter
1181 4279 1415 4335 alienam
1459 4290 1658 4336 terram
1678 4298 1702 4352 λ
1735 4283 1863 4354 quid

263 4389 396 4432 vero
423 4374 611 4443 David,
641 4389 820 4429 annon
849 4382 967 4430 erat
1012 4389 1106 4429 rex
1151 4381 1208 4429 et
1236 4372 1551 4445 propheta?
1592 4390 1775 4432 annon
1809 4379 1865 4433 in

263 4484 363 4526 sua
387 4468 617 4541 degebat
635 4465 857 4539 patria?
900 4480 1002 4523 cur
1038 4480 1169 4537 ergo
1198 4466 1331 4521 dicit
1364 4488 1377 4523 :
1410 4465 1616 4540 Hospes
1641 4478 1687 4524 et
1718 4485 1865 4540 pere-

266 4561 450 4635 grinus
493 4576 585 4633 ego
623 4576 736 4616 sum
769 4557 945 4628 (Psat.
972 4557 1062 4615 58.
1094 4557 1226 4629 15)ἳ
1248 4558 1531 4627 Quomodo
1567 4575 1628 4617 es
1669 4561 1869 4633 hospes

268 4664 325 4711 et
348 4652 701 4729 peregrinus?
733 4650 881 4708 Sicut
903 4666 1097 4718 omnes,
1122 4648 1324 4721 inquit,
1357 4661 1528 4721 patres
1556 4653 1674 4708 mei.
1702 4651 1868 4709 Vides

269 4746 416 4816 quod
445 4744 518 4800 illi
559 4758 776 4815 quoque
818 4750 975 4798 erant
1018 4740 1305 4811 hospites?
1345 4741 1637 4813 Habemus,
1670 4745 1866 4817 inquit,

270 4838 530 4907 patriam,
546 4828 642 4892 Sed
679 4844 783 4892 non
814 4843 935 4885 eam
958 4845 1081 4903 quae
1102 4845 1229 4887 vere
1257 4839 1342 4886 est
1367 4833 1563 4901 patria.
1588 4834 1871 4905 Quomodo

261 4930 443 4974 autem
471 4934 532 4977 es
558 4928 615 4977 tu
640 4920 882 4995 hospes?
902 4924 1108 4982 Terrae.
1140 4926 1283 4999 Ergo
1310 4930 1387 4989 illi
1420 4946 1635 5005 quoque
1662 4944 1822 4990 teme
1849 4952 1863 4992 :

265 5017 323 5065 ut
339 5010 491 5103 enim
523 5011 621 5077 illi,
644 5013 725 5070 sic
750 5012 873 5083 iste,
902 5024 959 5071 et
987 5018 1225 5074 vtcissim
1259 5019 1358 5093 (ὁ).
1378 5044 1423 5103 ν

254 5110 263 5111 ί
336 5100 387 5155 5.
432 5098 614 5157 Simus
641 5115 772 5173 ergo
801 5117 901 5160 nos
924 5119 1139 5177 quoque
1166 5123 1309 5165 nunc
1338 5098 1602 5184 hospites,
1627 5129 1695 5171 ne
1723 5130 1857 5172 cru-

245 5189 450 5273 ,bcscat
469 5190 615 5249 Deus
634 5193 816 5250 vocari
840 5205 1025 5254 noster
1052 5198 1220 5254 Deus.
1254 5199 1436 5257 Pudor
1455 5212 1542 5259 est
1569 5205 1712 5263 enim
1737 5206 1861 5277 ipsi,

257 5284 476 5353 quando
519 5296 745 5343 vocatur
787 5288 1053 5345 malorum
1094 5291 1276 5361 Deus,
1318 5303 1375 5351 et
1420 5298 1815 5357 verecundatur
1841 5341 1858 5370 ,

257 5375 399 5463 sicut
424 5375 791 5447 glorificatur,
846 5379 1062 5451 quando
1092 5381 1359 5440 bonorum
1387 5395 1442 5442 et
1469 5388 1765 5460 proborum
1808 5401 1865 5449 et

259 5467 518 5540 virtutem
555 5466 875 5528 colentium.
923 5470 981 5529 Si
1023 5474 1168 5529 enim
1202 5490 1302 5532 nos
1328 5492 1648 5538 recusamus
1676 5484 1860 5540 vocari

251 5554 462 5613 domini
487 5563 753 5617 malorum
781 5576 1062 5620 servorum
1084 5605 1103 5634 ,
1134 5575 1192 5621 et
1219 5580 1315 5625 eos
1333 5568 1690 5642 dimittimus;
1732 5583 1788 5633 et
1813 5576 1859 5632 si

306 5658 380 5721 (α)
408 5657 502 5709 Hic
526 5660 694 5724 incipit
714 5660 914 5712 humilia
935 5662 1062 5726 apud
1086 5662 1307 5714 Colhert.

307 5734 387 5798 th)
408 5737 516 5791 Huc
539 5734 723 5797 desiuit
747 5746 941 5800 h'nuilia
966 5749 1205 5814 vigesima
1222 5754 1394 5813 quarta
1418 5748 1468 5798 iu
1492 5748 1628 5799 Coib.

955 304 1023 361 ΙΝ
1062 298 1281 358 EPIST.
1324 295 1417 352 ΑΙ)
1459 284 1822 350 ΙΙΕΒΠᾸΞΟΞ.
1861 282 2015 339 CAI'.
2061 279 2156 336 Xl.
2201 277 2432 335 llOiilL.
2477 273 2673 332 XXIV.

3410 267 3513 322 170

1913 394 2033 467 quis
2060 388 2324 448 accedens
2366 375 2605 453 dixerit,
2634 381 2734 438 llic
2760 378 2845 436 vel
2880 377 2975 434 illc
3012 374 3155 432 mala
3201 373 3330 467 facit
3360 374 3523 467 innu-

1918 464 2221 551 merabilia,
2247 478 2508 552 numquid
2537 486 2623 534 est
2642 486 2836 531 scrvus
2863 470 3024 526 tuus?
3051 467 3233 524 statim
3265 464 3524 531 dicimus,

1913 579 2301 650 Nequaquam;
2327 573 2588 645 probrum
2619 565 3001 644 propulsantes
3027 578 3041 614 :
3068 568 3156 616 est
3188 558 3336 616 enim
3365 570 3529 614 servo

1915 671 1982 727 ad
2011 647 2292 726 dominum
2314 660 2578 721 habitudo
2600 670 2656 715 et
2683 656 2901 722 relatio,
2928 664 2987 710 et
3013 650 3308 724 ignominia
3340 648 3410 704 ah
3432 647 3529 703 illo

1914 764 1984 819 ad
2013 761 2158 817 hunc
2185 757 2419 823 transit:
2471 753 2642 809 multo
2673 748 2843 821 magis
2883 746 3044 802 Deus.
3095 742 3205 800 Sed
3247 742 3325 798 illi
3370 750 3531 798 erant

1918 855 2056 912 adeo
2082 850 2327 925 praeclari
2351 890 2366 916 ,
2411 858 2468 904 et
2493 855 2637 902 tanta
2666 843 2816 915 pleni
2846 840 3041 896 fiducia
3070 879 3085 906 ,
3119 846 3178 893 ut
3207 852 3317 893 non
3347 835 3527 893 solum

1926 962 2034 1004 nou
2061 944 2409 1003 erubesceret
2435 940 2504 995 ab
2540 937 2647 993 illis
2683 933 2865 991 vocari
2892 975 2907 1000 ,
2940 929 3035 988 sed
3063 930 3227 987 etiam
3258 927 3331 985 de
3355 942 3418 984 se
3442 927 3531 984 di-

1914 1049 2098 1105 ceret,
2130 1035 2245 1109 Ego
2269 1052 2384 1091 sunt
2414 1033 2549 1088 Deus
2579 1029 2841 1085 Abraham
2861 1069 2875 1093 ,
2908 1024 3051 1081 Deus
3093 1021 3282 1090 Isaac,
3310 1030 3361 1078 et
3389 1019 3529 1077 Dm

1917 1131 2083 1189 Iacob
2110 1126 2312 1202 (Exod.
2338 1128 2391 1183 5.
2422 1124 2501 1193 6).
2527 1123 2711 1180 Simus
2740 1134 2872 1191 ergo
2899 1132 2999 1173 nos
3022 1128 3240 1187 quoque
3261 1156 3277 1182 ,
3306 1128 3340 1169 ο
3378 1113 3519 1169 dile-

1917 1229 1989 1285 cti
2014 1270 2030 1295 ,
2062 1225 2308 1295 h05pites
2332 1264 2347 1291 ,
2381 1236 2450 1277 ne
2497 1220 2665 1275 Dcum
2697 1214 2867 1271 nostri
2906 1211 3103 1283 pudeat
3127 1250 3142 1274 ,
3177 1224 3246 1264 ue
3291 1205 3525 1278 pudeat.

1921 1322 2161 1389 inquam,
2194 1326 2249 1372 et
2279 1328 2379 1369 nos
2410 1310 2587 1367 tradat
2613 1309 2898 1380 gebennm.
2938 1302 3101 1359 Tales
3135 1309 3290 1357 erant
3328 1298 3403 1353 illi
3429 1300 3523 1369 qut

1918 1410 2204 1475 dicebant,
2228 1404 2468 1470 Domine,
2499 1416 2668 1457 nonne
2684 1401 2738 1453 in
2760 1397 2964 1452 nomine
2988 1405 3073 1448 tuo
3091 1390 3529 1464 prophetavimus,

1920 1513 1968 1557 et
1993 1503 2047 1556 in
2065 1499 2268 1555 nomine
2288 1506 2375 1551 tuo
2405 1492 2595 1550 multas
2616 1493 2823 1546 uirtutes
2845 1488 3056 1561 fecimus
3078 1483 3296 1556 (Matth.
3322 1484 3375 1537 7.
3397 1480 3531 1552 9.2)?

1926 1596 2033 1651 Sed
2066 1592 2188 1649 vide
2212 1589 2339 1662 quid
2377 1588 2484 1643 illis
2509 1586 2654 1642 dicat
2674 1582 2928 1640 Christus
2960 1596 2976 1639 :
3014 1576 3201 1633 Nescio
3228 1592 3315 1631 eos
3342 1589 3359 1630 :
3386 1572 3533 1645 quod

1920 1685 2140 1756 quidem
2185 1680 2415 1739 fecerint
2455 1676 2721 1733 malorum
2752 1685 3036 1729 servorum
3078 1667 3281 1724 domini
3321 1666 3390 1721 ad
3436 1679 3533 1721 eos

1920 1776 2352 1842 accurrentium,
2383 1771 2643 1845 probrum
2672 1766 2914 1824 volentes
2950 1762 3302 1835 propulsare.
3339 1757 3532 1814 Nescio

1923 1890 2010 1928 nos
2026 1914 2042 1941 ,
2070 1871 2261 1943 inquit.
2282 1864 2567 1937 Quomodo
2587 1877 2719 1935 ergo
2740 1861 2900 1934 punis
2920 1873 3056 1931 quos
3081 1856 3295 1913 nescis?
3315 1853 3532 1921 Nescio,

1932 1968 2091 2022 aliter
2115 1963 2227 2020 tlixi
2253 1981 2267 2019 :
2299 1962 2402 2018 hoc
2426 1968 2536 2026 est,
2561 1970 2660 2013 vos
2686 1971 2825 2028 nego
2850 1963 2905 2010 et
2932 1968 3149 2009 recuso.
3174 1950 3283 2007 Sed
3305 1948 3450 2006 absit
3474 1956 3534 2003 ut

1928 2064 2029 2114 nos
2054 2056 2337 2113 audiamus
2374 2053 2527 2108 hanc
2554 2063 2744 2106 vocem
2771 2046 3060 2103 exitiosam
3081 2053 3137 2100 et
3167 2039 3531 2113 tremendam.

1923 2152 2059 2209 Nam
2086 2152 2165 2215 si,
2208 2148 2299 2220 qui
2326 2145 2602 2203 dtemones
2642 2140 2930 2213 ejiciehant
2970 2150 3024 2195 et
3067 2136 3377 2208 prephetias
3403 2148 3535 2206 pro-

1929 2240 2193 2308 ferebant,
2226 2236 2479 2309 abnegati
2522 2243 2686 2300 sunt,
2714 2231 2969 2303 quoniam
3003 2229 3167 2284 vitam
3208 2242 3316 2282 non
3367 2226 3538 2284 habe-

1933 2346 2063 2399 bant
2094 2339 2278 2396 verbis
2328 2333 2746 2393 convenientem
2774 2373 2787 2396 ,
2821 2337 3024 2400 quanto
3070 2328 3241 2398 magis
3296 2323 3439 2381 nos?
3474 2322 3539 2379 Et

1933 2428 2230 2504 quomodo,
2266 2427 2464 2498 inquit,
2498 2423 2612 2480 fieri
2643 2431 2819 2494 potest
2852 2429 2909 2476 ut
2940 2417 3029 2490 qui
3055 2416 3368 2489 prophetias
3395 2413 3551 2469 exhi-

1934 2523 2169 2580 buerunt
2196 2564 2211 2587 ,
2240 2529 2296 2575 et
2324 2518 2476 2590 signa
2514 2514 2796 2580 fecerunt,
2841 2520 2898 2568 et
2930 2509 3201 2567 daemonia
3227 2510 3509 2579 ejecerunt
3533 2547 3548 2568 .

1934 2616 2043 2671 sint
2073 2612 2296 2684 negati?
2327 2611 2425 2667 Est
2453 2604 2750 2666 verisimile
2774 2619 2869 2661 eos
2893 2614 3079 2675 postea
3113 2599 3279 2656 fuisse
3304 2606 3546 2654 mutatus

1934 2717 1991 2764 et
2019 2706 2262 2763 evasisse
2291 2702 2466 2759 malos
2491 2717 2506 2755 :
2537 2698 2681 2755 unde
2712 2710 2813 2754 nec
2863 2696 3012 2766 prior
3043 2693 3213 2748 virtus
3240 2691 3349 2747 illis
3388 2686 3549 2761 quid-

1936 2814 2097 2871 quam
2139 2797 2359 2869 profuit.
2400 2794 2517 2851 Non
2546 2792 2721 2849 solum
2772 2789 2920 2846 enim
2946 2786 3416 2856 exordia-oportet
3458 2783 3555 2838 ba-

1937 2890 2070 2946 bere
2098 2889 2357 2961 prmclara
2384 2929 2399 2955 ,
2436 2885 2537 2944 sed
2566 2884 2727 2941 tinem
2770 2882 2934 2939 etiam
2966 2880 3387 2952 prmclariorem.
3419 2877 3554 2934 Nam

1937 2982 2026 3038 dic
2054 2982 2208 3048 mihi,
2232 2997 2414 3037 annon
2442 2991 2630 3037 orator
2652 2986 2833 3049 stupet
2853 2991 2916 3032 ea
2946 2974 3126 3031 facere
3149 2972 3409 3045 ιιι-ποιητῇ
3433 2987 3556 3044 qua:

1941 3083 2068 3129 sunt
2094 3072 2149 3129 in
2178 3073 2286 3130 [ine
2310 3072 2594 3135 orationis,
2630 3081 2687 3126 ut
2714 3084 2837 3123 cum
2874 3068 3062 3138 plausu
3087 3063 3346 3122 recedat?
3376 3078 3558 3120 nonne

1942 3166 2036 3237 qui
2063 3166 2251 3222 urbem
2279 3163 2628 3221 administrat
2656 3203 2671 3231 ,
2701 3162 2771 3217 de
2801 3158 3091 3231 splendido
3119 3157 3557 3214 administratio-

1940 3258 2027 3314 nis
2055 3259 2202 3314 exitu
2231 3272 2416 3313 curam
2444 3254 2628 3328 gerit?
2660 3253 2877 3311 Athleta
2917 3254 2964 3308 si
2993 3268 3102 3307 non
3132 3250 3434 3307 certamina
3465 3262 3558 3305 os-

1942 3348 2130 3405 tendat
2170 3346 2520 3421 prmclariora
2546 3388 2562 3413 ,
2608 3356 2662 3402 et
2691 3345 2757 3401 ad
2790 3346 2954 3401 linem
3003 3358 3177 3415 usque
3207 3343 3427 3409 vincat,
3465 3341 3511 3398 si
3539 3384 3555 3408 .
3590 3410 3591 3415 η

1941 3443 2194 3499 omnibus
2216 3440 2374 3497 vietis
2396 3482 2412 3507 ,
2445 3438 2608 3494 fuerit
2633 3439 2805 3493 victus
2835 3438 2904 3492 ab
2928 3436 3140 3501 ultimo,
3161 3450 3344 3491 annon
3371 3434 3557 3491 omnia

1942 3545 2070 3592 sunt
2089 3533 2141 3591 ei
2165 3533 2370 3589 inutilia
2394 3533 2419 3587 i
2442 3530 2773 3603 gubernator
2792 3530 2837 3584 si
2865 3536 3037 3584 totum
3068 3543 3221 3583 mare
3246 3527 3563 3583 transmise.

1946 3628 2037 3693 rit,
2070 3641 2211 3682 nave
2239 3626 2293 3679 in
2328 3633 2485 3695 portu
2515 3622 2706 3689 fracta,
2732 3635 2912 3677 uoune
2942 3630 3111 3676 totum
3142 3620 3381 3691 priorem
3413 3618 3564 3675 labo-
3599 3640 3604 3659 ι

1952 3737 2067 3777 rem
2096 3718 2316 3776 amisit?
2359 3718 2496 3787 Quid
2525 3731 2657 3772 vero
2688 3714 2970 3772 medicus?
2997 3714 3043 3769 si
3072 3723 3277 3785 mgroto
3302 3728 3333 3768 a
3361 3712 3556 3768 morbo

1945 3814 2209 3881 liberato,
2241 3827 2365 3868 cum
2392 3827 2516 3868 eum
2570 3812 2803 3882 perfecte
2828 3808 2897 3864 sit
2928 3808 3254 3864 liberaturus
3280 3848 3296 3874 ,
3329 3815 3459 3864 tunc
3480 3807 3564 3862 in-

1949 3907 2165 3962 teritum
2215 3905 2403 3961 ail'erat
2422 3947 2438 3972 ,
2467 3919 2645 3960 annon
2696 3912 2865 3958 totum
2896 3901 3169 3973 perdidit?
3210 3900 3286 3956 Ita
3315 3900 3480 3957 etiam
3510 3901 3563 3956 in

1947 3999 2149 4053 virtute
2172 4041 2189 4067 ,
2233 3998 2558 4069 quicumque
2588 4012 2694 4051 non
2727 3994 2882 4051 initio
2924 4000 3344 4064 consequentem
3394 3992 3559 4049 linem

1950 4092 2324 4163 imposuerunt
2369 4100 2874 4159 consonantctuque
2899 4097 2956 4143 et
2976 4095 3389 4159 congruentem,
3409 4086 3571 4157 plane

1950 4186 2242 4256 perierunt.
2293 4183 2455 4240 Tales
2479 4191 2604 4238 sunt
2633 4181 2725 4253 qui
2753 4180 2821 4237 ab
2844 4180 2971 4251 ipsis
2997 4178 3215 4251 quidem
3259 4179 3572 4235 carceribus

1953 4277 2201 4350 prmclari
2226 4275 2625 4349 superbiqueet
2644 4274 2768 4331 elati
2790 4271 3152 4344 prosilierunt,
3182 4281 3368 4341 postea
3384 4280 3571 4327 autem

1951 4368 2199 4426 dissoluti
2225 4368 2509 4441 ignavique
2534 4376 2589 4422 cl
2618 4365 2827 4422 remissi
2856 4366 3106 4419 fuerunt:
3139 4362 3493 4435 quamobrem
3520 4371 3576 4419 et

1954 4462 2182 4534 praemio
2206 4471 2331 4517 sunt
2356 4459 2570 4532 privati,
2598 4470 2651 4515 et
2677 4473 2707 4513 a
2738 4456 2965 4513 Domino
2996 4470 3102 4511 non
3156 4464 3282 4511 sunt
3309 4453 3497 4525 agniti.

2033 4553 2222 4609 Contra
2245 4569 2426 4608 avaros
2454 4564 2501 4607 et
2521 4552 2750 4624 pecunia:
2774 4548 3012 4621 cupidos.
3036 4576 3109 4589 —
3139 4547 3266 4603 limo.
3292 4545 3576 4603 audiamus

1968 4648 2059 4718 qui
2086 4660 2270 4702 amore
2288 4644 2428 4715 capti
2457 4658 2644 4699 sumus
2676 4641 2949 4713 pecuuize;
2978 4655 3043 4695 ea
3072 4650 3156 4696 est
3174 4639 3318 4696 enim
3340 4640 3575 4694 maxima

1963 4739 2222 4810 iniustitia
2246 4754 2259 4791 :
2282 4734 2423 4792 Nam
2450 4736 2603 4791 rudia:
2625 4734 2850 4791 omnium
2874 4734 3126 4789 mutarunt
3149 4742 3222 4787 est
3250 4746 3398 4785 amor
3424 4745 3579 4801 pecu-

1966 4832 2069 4886 nia:
2097 4829 2174 4904 (l.
2194 4828 2327 4884 Tim.
2351 4828 2407 4884 6.
2434 4827 2547 4900 i0).
2577 4828 2877 4884 Audiamus
2892 4826 2985 4897 qui
3004 4837 3139 4896 quas
3165 4823 3465 4881 habeamus
3495 4821 3578 4879 fa-

1962 4926 2192 4983 cultates
2215 4969 2231 4995 ,
2277 4924 2571 4997 ampliores
2608 4923 2855 4980 volumus
2880 4921 3138 4987 efticere;
3170 4918 3478 4986 audiamus,
3525 4927 3582 4975 et

1965 5020 2182 5077 tandem
2220 5032 2501 5075 cessemus
2528 5033 2559 5073 a
2599 5026 2752 5089 plura
2795 5013 3032 5072 habendi
3058 5013 3386 5086 cupiditate,
3418 5028 3490 5070 ne
3517 5028 3581 5070 ea

1978 5128 2099 5184 qua:
2124 5111 2200 5168 illi
2226 5111 2527 5169 audiamus.
2555 5109 2711 5167 Nunc
2735 5110 2852 5166 haec
2880 5106 3164 5166 audiamus
3188 5115 3246 5163 et
3269 5121 3582 5170 caveamus,

1979 5233 2048 5274 ne
2078 5228 2206 5273 tunc
2244 5214 2531 5272 audiamus
2557 5231 2571 5268 :
2600 5225 2747 5270 nunc
2786 5225 2911 5268 cum
2942 5210 3137 5267 timore
3163 5206 3450 5265 audiamus
3475 5246 3494 5277 ,
3523 5220 3594 5263 ne

1982 5323 2109 5365 umc
2141 5323 2207 5364 ea
2252 5305 2537 5363 audiamus
2582 5319 2706 5361 cum
2747 5302 3053 5375 supplicio:
3089 5299 3347 5357 Discedite
3388 5315 3423 5354 ιι
3469 5313 3553 5355 nae
3577 5340 3592 5366 ,

1980 5415 2257 5472 numquam
2311 5398 2431 5455 novi
2473 5414 2562 5453 nos
2602 5397 2821 5469 (Matth.
2849 5397 2902 5452 7.
2931 5395 3026 5468 25)
3050 5437 3067 5462 ,
3109 5408 3180 5449 ne
3209 5401 3342 5449 tunc
3372 5390 3595 5464 quidem

1982 5492 2194 5563 quando
2220 5490 2535 5563 prophetias
2556 5489 2896 5547 exhibebatis
2917 5531 2932 5555 ,
2957 5496 3013 5545 et
3040 5486 3321 5543 daemones
3350 5485 3593 5557 expelle-

1982 5586 2142 5641 batis.
2194 5585 2505 5642 Verisimile
2548 5595 2635 5641 cst
2661 5600 2784 5640 eum
2835 5583 2926 5638 hic
2950 5580 3157 5652 aliquid
3186 5595 3404 5651 quoque
3447 5580 3596 5635 aliud

1980 5679 2363 5745 subindicare,
2398 5694 2594 5749 nempe
2626 5675 2771 5749 quod
2806 5687 2932 5732 tunc
2959 5675 3123 5731 ctiam
3152 5673 3399 5744 improbe
3427 5675 3594 5729 vitam

1981 5773 2277 5830 ducebant:
2300 5772 2454 5832 initio
2476 5783 2658 5831 autem
2681 5774 2842 5830 etiam
2874 5786 2969 5841 per
2994 5768 3244 5843 indignos
3271 5768 3597 5840 operabatur
