4060 6418
592 254 685 313 iii

578 377 769 445 gratia.
797 374 927 431 Nam
952 374 997 431 si
1028 384 1245 445 operata
1271 385 1353 429 est
1375 391 1469 443 per
1496 374 1712 428 Balaam
1741 415 1756 439 ,
1788 376 1956 429 multo
1987 373 2155 445 magis

578 484 674 539 per
711 469 955 541 indignos
983 510 998 536 ,
1032 479 1247 539 propter
1274 482 1371 523 eos
1409 468 1498 537 qui
1530 476 1685 522 erant
1713 465 2058 522 lucrifacturi.
2092 466 2152 522 Si

574 572 755 615 autem
782 570 836 615 et
867 560 1015 631 signa
1043 568 1095 614 et
1121 559 1358 629 prodigia
1400 572 1505 613 non
1539 567 1823 628 potuerunt
1852 556 2082 613 liberare
2122 574 2151 612 a

574 651 873 721 supplicio:
902 649 1070 705 multo
1096 649 1284 718 magis,
1314 649 1525 704 etiamsi
1551 650 1674 719 quis
1701 648 1773 703 sit
1814 648 1866 703 in
1896 646 2153 719 dignitate

575 742 928 808 sacerdotali,
959 741 1166 796 etiamsi
1194 741 1259 794 ad
1290 756 1557 795 summum
1585 740 1847 795 honorem
1889 755 2150 810 pervene-

575 835 681 897 rit,
712 835 920 889 etiamsi
952 834 1018 888 ad
1065 849 1316 888 manuum
1372 833 1769 902 impnsitionem
1816 844 2033 903 operata
2082 834 2154 889 sit

570 926 733 991 gratia
758 968 773 990 ,
812 935 866 981 et
891 925 958 980 ad
989 926 1089 979 alia
1127 926 1301 979 omnia
1342 934 1559 995 propter
1586 939 1683 979 eos
1716 925 1806 1004 qui
1832 933 1991 995 egent
2030 925 2130 981 de-

570 1019 810 1074 fensione
852 1028 907 1074 et
956 1019 1254 1089 patrocinio
1278 1058 1294 1083 ,
1338 1018 1452 1088 ipse
1481 1033 1693 1088 quoque
1717 1017 1897 1073 audiet
1933 1037 1946 1072 :
1978 1017 2147 1073 Num-

566 1126 724 1179 quam
754 1120 807 1166 te
835 1111 979 1175 novi,
1006 1125 1075 1165 ne
1103 1117 1227 1164 tunc
1256 1109 1495 1179 quidem,
1522 1108 1737 1179 quando
1761 1108 1813 1164 in
1841 1118 1893 1164 te
1924 1118 2143 1179 operata

566 1209 649 1254 est
675 1201 867 1269 gratia.
902 1199 1078 1269 Papte,
1105 1209 1298 1270 quanta
1331 1207 1413 1254 est
1442 1198 1550 1255 illic
1577 1199 1698 1253 vita:
1726 1188 1939 1254 munda:
1967 1200 2146 1269 inqui-

566 1292 726 1345 sitio!
758 1290 1031 1361 quomodo
1061 1292 1171 1359 ipsa
1196 1304 1292 1359 per
1319 1304 1377 1344 se
1406 1288 1604 1345 sufficit
1630 1289 1697 1344 ad
1723 1305 1820 1343 nos
1847 1291 1899 1345 in
1925 1305 2143 1360 regnum

565 1382 947 1438 adducendus?
993 1383 1036 1437 si
1078 1382 1215 1436 absit
1242 1391 1422 1437 autem
1446 1423 1464 1448 ,
1493 1382 1663 1436 virum
1682 1381 1867 1461 prodit
1890 1423 1904 1445 ,
1936 1384 2144 1437 etiamsi

567 1475 732 1544 possit
759 1472 1049 1529 ostendere
1080 1472 1224 1528 mille
1250 1473 1399 1543 signa
1429 1480 1483 1527 et
1526 1473 1788 1543 prodigia.
1832 1472 1972 1527 Nihil
1999 1472 2142 1529 enim

564 1566 730 1621 Deum
764 1573 909 1618 tanta
936 1562 1105 1619 afficit
1135 1563 1338 1626 ltctitia,
1370 1573 1565 1635 quanta
1594 1564 1716 1619 vita:
1759 1565 1895 1619 bona
1928 1564 2142 1620 institu-

562 1659 658 1712 tio.
690 1658 752 1714 Si
777 1657 990 1729 diligitis
1019 1672 1127 1721 me,
1161 1656 1370 1726 inquit,
1403 1672 1509 1712 non
1540 1657 1709 1721 dixit,
1748 1658 1908 1729 Signa
1939 1657 2095 1716 facite
2123 1701 2141 1727 ,

562 1748 659 1805 sed
692 1748 855 1819 quid?
900 1747 1143 1801 mandata
1191 1764 1302 1800 mea
1350 1758 1543 1803 servate
1587 1747 1765 1820 (Joan.
1798 1750 1885 1804 14.
1928 1750 2041 1818 15).
2075 1750 2145 1806 Et

560 1853 785 1897 rursus:
820 1839 1021 1893 Amicos
1046 1854 1132 1892 vos
1158 1838 1273 1891 dico
1297 1878 1313 1903 ,
1358 1853 1463 1893 non
1494 1840 1709 1908 quando
1734 1840 1998 1896 daemonia
2027 1841 2143 1911 eje-

558 1932 772 1994 ceritis,
803 1929 898 1985 sed
921 1970 936 1993 ,
967 1930 1012 1985 si
1038 1944 1291 1983 sermones
1315 1944 1451 1983 meos
1485 1930 1797 1984 serraveritis
1828 1926 2020 2001 (Joan.
2049 1932 2137 1988 15.

562 2020 797 2093 10.15).
841 2020 974 2075 Nam
1024 2019 1113 2073 illa
1141 2018 1357 2090 quidem
1386 2028 1509 2074 sunt
1536 2019 1663 2075 doni
1707 2020 1833 2086 Dei;
1888 2020 2003 2077 hare
2047 2037 2136 2078 au.

559 2122 667 2167 tem
699 2120 820 2181 post
846 2110 1046 2165 donum
1080 2108 1172 2164 Dei
1211 2119 1336 2164 sunt
1362 2109 1524 2164 etiam
1550 2111 1717 2165 nostri
1744 2111 1905 2166 studii
1936 2122 1992 2168 et
2019 2112 2141 2167 dili-

556 2204 777 2274 getttiae.
805 2200 1130 2256 Studeamus
1156 2214 1278 2256 esse
1312 2199 1467 2256 amici
1500 2200 1591 2256 Dei
1611 2242 1626 2265 ,
1650 2212 1704 2255 et
1730 2217 1796 2255 ne
1830 2200 2139 2260 manc'amtts

561 2300 785 2358 inimici.
821 2300 946 2358 [hcc
970 2316 1183 2372 semper
1204 2300 1453 2366 dicimus,
1482 2299 1674 2354 horum
1700 2312 1917 2370 semper
1944 2299 2132 2356 admo—

554 2410 748 2451 nemus
776 2402 833 2449 et
872 2394 1118 2463 nosipsos
1142 2402 1196 2449 ct
1237 2408 1367 2459 vos;
1394 2390 1489 2447 sed
1540 2391 1672 2446 nihil
1704 2392 1933 2460 amplius
1962 2391 2135 2447 efﬂet-

554 2504 675 2543 mus
695 2528 711 2551 ,
733 2494 791 2542 et
835 2485 957 2541 ideo
986 2485 1171 2541 timeo.
1203 2484 1269 2540 Et
1298 2484 1494 2540 vellem
1522 2483 1737 2555 quidem
1786 2484 2002 2540 siluisse
2021 2525 2038 2548 ,
2071 2499 2137 2539 ne

556 2580 706 2634 vobis
734 2593 959 2648 augeam
1004 2577 1296 2647 periculum
1321 2593 1335 2628 :
1364 2591 1488 2631 nam
1519 2590 1664 2647 sarpe
1692 2575 1997 2632 audientem
2031 2593 2136 2632 nec

556 2673 635 2728 sic
663 2671 876 2741 quidem
908 2670 1084 2726 facere
1104 2711 1121 2735 ,
1166 2672 1269 2725 hoc
1293 2679 1377 2725 est
1426 2669 1708 2723 Dominum
1740 2669 1953 2725 irritare
1984 2686 1997 2723 :
2041 2670 2136 2723 sed

557 2764 670 2830 ipse
698 2776 909 2833 quoque
944 2760 1108 2815 timeo
1145 2758 1289 2815 aliud
1332 2758 1626 2827 periculum
1656 2758 1892 2822 silentii,
1923 2759 1968 2814 si
2003 2760 2133 2813 ιτιςὶο

560 2863 712 2906 turus
738 2853 839 2906 sim
864 2894 879 2916 ,
909 2865 1031 2906 cum
1060 2849 1209 2905 verbi
1238 2849 1594 2905 ministerium
1623 2851 1688 2903 sit
1720 2852 1851 2904 mihi
1880 2852 2135 2913 commis-

558 2960 702 2998 sum.
736 2942 872 3010 Quid
901 2956 1030 3012 ergo
1060 2940 1317 2996 faciemus
1344 2949 1401 2993 ut
1424 2940 1555 2995 salvi
1580 2939 1787 2993 simus?
1816 2940 2140 3009 incipiamus

558 3052 623 3090 cx
680 3036 874 3089 virtute
918 3035 1132 3099 vivere,
1164 3030 1290 3087 dum
1337 3041 1547 3101 tempus
1590 3029 2140 3087 habemusnirtutes

561 3126 716 3179 nobis
737 3124 1152 3187 distribuamus,
1176 3121 1319 3176 sicut
1352 3121 1734 3191 agriculturam
1761 3123 2011 3193 agricola:
2037 3139 2051 3179 :
2088 3124 2141 3179 in

1270 272 1326 329 5.
1365 269 1640 330 JOANNIS
1674 263 2142 329 CHRYSOSTOMI
2179 262 2491 319 ARCIIIEP.
2530 260 3059 321 CONSTANTlNOP.

3740 258 3839 317 £72

2252 372 2355 428 hoc
2381 387 2565 428 mense
2591 386 2962 443 expugnemus
2992 370 3335 426 maledictum
3362 413 3379 439 ,
3410 374 3814 428 contumeliam
3841 415 3855 437 ,

2251 462 2385 518 iram
2419 464 2665 533 injustam
2691 502 2705 526 ,
2734 473 2788 517 et
2815 461 2972 517 nobis
3000 461 3340 532 imponamus
3370 462 3546 534 legem
3572 505 3588 527 ,
3621 473 3680 517 et
3706 463 3852 517 dica-

2251 570 2403 621 mus,
2435 555 2605 611 llodie
2654 554 2756 610 hoc
2784 565 2929 609 recte
2967 554 3228 610 faciemus
3276 574 3290 609 :
3332 564 3387 611 et
3426 558 3476 610 in
3518 556 3638 610 alio
3668 572 3855 615 menso

2250 662 2349 702 nos
2372 650 2515 718 ipsos
2543 648 2834 702 doceamus
2862 646 3178 715 patientiam
3206 687 3221 713 ,
3249 656 3306 701 et
3334 648 3386 701 in
3412 647 3521 703 alio
3546 648 3718 701 aliam
3745 649 3849 702 vir-

2249 749 2415 796 tutem
2443 782 2459 807 ,
2500 750 2555 794 et
2580 754 2702 795 cum
2729 740 2795 794 ad
2820 738 2977 810 hujus
3006 739 3220 795 virtutis
3252 743 3668 809 pervenerimus
3699 742 3852 795 habi-

2248 841 2359 887 tum
2385 874 2400 898 ,
2445 832 2723 887 veniamus
2743 831 2809 886 ad
2842 832 3017 896 aliam,
3049 830 3186 885 sicut
3222 830 3275 885 in
3302 832 3611 901 disciplinis
3643 847 3707 887 ea
3735 848 3852 900 qua:

2248 934 2376 981 sunt
2405 923 2668 993 acquisita
2696 931 2976 978 servantes
3000 963 3015 985 ,
3058 931 3114 976 et
3152 922 3255 977 alia
3303 933 3676 979 assumentes.
3728 922 3854 978 POst

2248 1016 2393 1071 illam
2423 1014 2703 1071 veniamus
2744 1014 2813 1069 ad
2856 1022 3226 1082 contemptum
3270 1017 3513 1085 pecunia:
3546 1033 3563 1071 :
3612 1015 3849 1086 primum

2247 1122 2437 1163 manus
2478 1106 2851 1162 contineamus
2905 1105 2974 1161 ab
3026 1104 3251 1160 avaritia
3300 1114 3355 1160 ct
3403 1107 3558 1176 plura
3613 1106 3852 1163 habendi

2251 1199 2564 1270 cupiditate,
2593 1207 2649 1253 et
2678 1206 2804 1252 tunc
2835 1197 3092 1252 faciamus
3120 1196 3516 1270 eleemosynam
3545 1217 3561 1253 :
3596 1216 3708 1254 non
3736 1215 3851 1254 om-

2246 1291 2334 1345 nia
2366 1302 2569 1344 temere
2596 1286 3011 1354 confundamus,
3045 1286 3232 1343 iisdem
3262 1288 3509 1344 manibus
3538 1298 3599 1345 et
3633 1291 3849 1361 rapien-

2248 1390 2329 1437 tes
2354 1389 2409 1435 et
2438 1380 2631 1435 dantes
2658 1380 3100 1449 eleemosynam:
3135 1388 3317 1449 postea
3362 1379 3430 1434 ad
3476 1381 3645 1441 aliam
3680 1383 3849 1436 virtu-

2250 1482 2355 1527 tem
2378 1514 2393 1537 ,
2423 1480 2479 1527 et
2507 1471 2577 1526 ab
2608 1470 2697 1526 illa
2726 1468 2791 1524 ad
2817 1470 2997 1523 aliam.
3036 1468 3322 1539 Turpitado
3368 1482 3415 1526 et
3462 1474 3848 1543 stultiloquium

2248 1574 2295 1619 et
2333 1563 2618 1619 scurrilitas
2648 1579 2710 1617 ne
2754 1562 3049 1616 nominetur
3071 1562 3277 1632 quidem
3316 1564 3456 1633 apud
3493 1582 3585 1619 vos
3624 1565 3846 1638 (Ephes.

2248 1654 2301 1709 5.
2364 1653 2442 1724 1).
2503 1652 2628 1707 llmc
2670 1652 2882 1707 interim
2918 1661 3067 1707 recte
3115 1668 3389 1724 geramus.
3439 1638 3559 1709 Noit
3594 1672 3736 1726 opus
3770 1668 3854 1714 est

2248 1754 2462 1813 sumptu
2483 1784 2499 1809 ,
2542 1758 2649 1797 non
2690 1743 2910 1809 labore,
2941 1758 3047 1799 non
3078 1742 3315 1799 sudore:
3343 1744 3542 1801 sufticit
3576 1748 3760 1814 velle,
3798 1759 3852 1807 et

2249 1834 2496 1893 conlecta
2526 1844 2653 1891 sunt
2674 1837 2873 1890 omnia.
2903 1834 3020 1891 Non
3044 1847 3124 1892 cst
3153 1852 3289 1907 opus
3317 1854 3565 1910 magnam
3590 1842 3735 1897 viam
3764 1844 3849 1898 in-

2247 1926 2418 1998 gredi,
2450 1941 2622 1996 neque
2649 1927 2966 1982 immensum
3015 1942 3165 1999 mare
3192 1930 3575 1999 transmittere,
3608 1934 3709 1990 sed
3738 1946 3851 1989 stu-

2242 2018 2384 2071 dium
2420 2018 2676 2075 atlhihere
2711 2031 2765 2075 et
2799 2036 2919 2078 esse
2959 2034 3204 2095 prompto
3233 2038 3285 2080 et
3316 2026 3478 2080 alacri
3522 2028 3713 2082 animo
3736 2067 3751 2091 ,
3782 2035 3839 2081 et

2244 2107 2434 2178 lingua:
2464 2109 2671 2165 frenum
2691 2113 2963 2183 imponere
2988 2126 3172 2172 contra
3195 2118 3522 2188 importnitas
3548 2128 3839 2173 contume-

2244 2198 2360 2252 lias.
2395 2196 2535 2262 lras,
2574 2200 2809 2271 itnpuras
2850 2203 3099 2262 libidines
3120 2248 3134 2270 ,
3161 2206 3381 2262 delicias
3402 2248 3417 2271 ,
3451 2219 3707 2277 sumptus
3750 2206 3836 2261 ni-

2244 2291 2414 2356 mios,
2466 2294 2708 2361 pecuniae
2749 2296 3108 2365 cupiditates,
3144 2299 3374 2369 periuria
3424 2310 3480 2355 et
3521 2300 3835 2369 iuramenta

2242 2380 2453 2436 assidua
2485 2399 2512 2436 a
2546 2395 2723 2439 nostra
2747 2388 3090 2455 expellamns
3118 2390 3318 2444 anima.
3350 2389 3407 2446 Si
3439 2405 3536 2445 nos
3562 2392 3641 2446 sic
3683 2391 3835 2445 cola-

2243 2485 2395 2539 tuus,
2426 2473 2607 2544 spinas
2644 2490 2765 2545 quas
2808 2477 2955 2546 prius
2982 2489 3138 2533 erant
3180 2480 3473 2536 evellentes
3496 2524 3512 2547 ,
3543 2491 3600 2537 et
3642 2494 3834 2536 semen

2243 2564 2458 2619 caeleste
2489 2564 2811 2635 injicieutes,
2842 2551 3141 2638 poterimus
3167 2570 3305 2626 bona
3338 2572 3602 2640 promissa
3632 2585 3835 2626 conse-

2234 2658 2348 2728 qui.
2397 2658 2595 2717 Veniet
2618 2663 2763 2719 enim
2802 2664 3035 2736 agricola
3062 2707 3079 2731 ,
3108 2676 3163 2722 et
3208 2683 3305 2722 nos
3349 2680 3573 2739 reponet
3622 2671 3680 2726 in
3709 2672 3838 2727 bor-

2251 2766 2425 2814 rcum,
2445 2760 2508 2808 .et
2534 2753 2671 2808 bona
2701 2756 2880 2809 omnia
2908 2770 3299 2828 consequemur
3320 2777 3335 2812 :
3360 2776 3480 2829 qua:
3500 2760 3658 2816 detur
3681 2763 3838 2817 nobis

2252 2845 2774 2929 omnibus,obtinere
2797 2887 2813 2913 ,
2843 2850 3015 2918 gratia
3045 2861 3099 2904 et
3132 2851 3457 2923 benignitate
3486 2854 3698 2909 Domini
3732 2872 3837 2911 no-

2252 2935 2350 2988 stri
2379 2932 2736 3009 Jesu'tChristi
2763 2981 2777 3004 ,
2832 2954 2953 2994 cum
3000 2955 3107 3009 quo
3139 2941 3283 2997 Patri
3328 2959 3431 2997 una
3470 2961 3592 3000 cum
3644 2957 3836 3003 sancto

2252 3024 2452 3094 Spiritu
2478 3000 2649 3096 gliiria
2676 3070 2690 3095 ,
2723 3030 3003 3099 imperium
3032 3073 3047 3096 ,
3094 3031 3268 3088 honor
3295 3045 3348 3089 et
3376 3036 3653 3104 adoratio,
3691 3052 3839 3095 nunc

2252 3126 2306 3172 ct
2334 3133 2567 3187 semper,
2593 3129 2649 3175 et
2676 3120 2726 3174 in
2758 3122 2952 3176 uacula
2984 3123 3321 3180 szeculorum.
3352 3128 3544 3183 Amen.

563 3280 3814 3309 ___.________.___________________.__________________________

1957 3356 2305 3419 HOMILIA
2346 3358 2552 3421 XXV.

558 3479 684 3534 Car.
719 3479 801 3535 11.
840 3478 927 3534 17.
965 3478 1095 3532 Fide
1126 3478 1316 3533 obtulit
1342 3480 1597 3533 Abraham
1619 3479 1803 3547 Isaac,
1834 3495 1947 3532 cum
1977 3488 2143 3533 lenta-

628 3580 787 3634 retar,
805 3580 853 3624 et
874 3570 1186 3640 unigenitum
1202 3570 1367 3638 [ilium
1384 3568 1645 3636 oﬂ'erebat,
1664 3570 1715 3623 in
1735 3587 1834 3640 quo
1849 3580 2143 3641 susceperat

629 3662 1040 3729 repromissiones
1060 3676 1078 3714 :
1097 3662 1182 3717 18.
1203 3661 1272 3715 ad
1285 3678 1429 3727 quem
1441 3662 1629 3715 dictum
1645 3672 1729 3717 est
1739 3704 1755 3729 ,
1770 3664 1820 3716 in
1836 3661 1986 3717 Isaac
1999 3679 2146 3717 voea-

632 3752 765 3803 bitur
778 3751 867 3804 tibi
881 3768 1046 3805 semen
1064 3765 1083 3805 :
1100 3751 1184 3808 19.
1202 3752 1453 3806 arbitrans
1468 3753 1604 3824 quod
1614 3763 1660 3808 et
1674 3769 1704 3805 a
1720 3753 1926 3807 mortuis
1940 3753 2144 3808 suscita-

630 3860 684 3897 re
700 3852 871 3912 potens
890 3854 961 3897 est
981 3843 1118 3898 Deus
1140 3859 1161 3898 :
1180 3845 1313 3900 unde
1326 3861 1439 3898 eum
1468 3854 1515 3899 et
1539 3845 1592 3899 in
1613 3846 1906 3915 parabolant
1928 3832 2143 3915 accepit.

635 3936 687 3988 l.
718 3934 795 4004 (α)
822 3934 1024 3991 Revera
1046 3949 1235 4005 magna
1267 3949 1357 3991 res
1382 3944 1473 3991 est
1502 3935 1636 3992 fides
1656 3937 1905 3996 Abralue.
1935 3937 2066 3993 Nam
2089 3938 2141 3993 in

566 4026 733 4081 Abvle
760 4036 815 4081 et
838 4025 950 4080 Noe
979 4035 1033 4081 et
1059 4026 1241 4081 Enoch
1262 4026 1498 4081 solarum
1522 4027 1784 4082 rationum
1806 4036 1921 4083 erat
1946 4042 2140 4099 pugna,

566 4129 620 4172 ct
675 4116 932 4171 humanas
978 4116 1211 4171 rationes
1268 4116 1549 4186 Oportebat
1597 4131 1852 4185 superare
1888 4134 1902 4172 :
1932 4117 2017 4170 hic
2045 4132 2140 4171 an-

570 4219 675 4264 tem
724 4222 831 4261 non
884 4207 1058 4262 solum
1114 4207 1396 4275 oportebat
1447 4222 1703 4276 superare
1752 4207 2012 4262 humanas
2060 4222 2142 4262 ra-

569 4302 761 4362 tinnes,
790 4298 882 4355 sed
907 4299 1064 4355 etiam
1092 4299 1288 4370 aliquid
1315 4298 1547 4367 amplius
1566 4298 1883 4353 ostendere:
1902 4313 2023 4353 nam
2051 4296 2143 4354 Dei

568 4393 706 4446 dicta
736 4391 1045 4446 videbantur
1070 4404 1303 4461 pugnare
1331 4405 1453 4443 cum
1478 4388 1633 4444 dictis
1660 4388 1772 4455 Dei,
1800 4397 1853 4443 et
1881 4387 2014 4444 lides
2044 4402 2143 4458 ραι

568 4482 762 4553 gnabat
805 4494 925 4536 cum
976 4480 1075 4535 fide
1102 4520 1119 4546 ,
1161 4490 1215 4535 et
1258 4480 1432 4547 jussio
1478 4495 1599 4534 cum
1646 4480 2003 4549 promissione
2039 4496 2051 4533 :
2086 4488 2145 4533 ut

570 4572 715 4628 verhi
737 4572 927 4643 gratia,
954 4570 1087 4625 dixit
1116 4588 1129 4624 :
1164 4567 1417 4641 Egredere
1434 4570 1498 4624 de
1526 4580 1660 4624 terra
1689 4570 1812 4625 etde
1838 4570 2146 4641 cognatione

570 4676 677 4731 tua,
702 4676 749 4718 et
773 4663 903 4717 dabo
934 4662 1019 4716 tibi
1043 4673 1225 4716 terram
1244 4662 1375 4715 hanc
1401 4660 1557 4731 (Gen.
1594 4659 1680 4715 12.
1706 4662 1759 4730 1)
1786 4677 1801 4725 ;
1829 4670 1883 4717 et
1910 4677 2016 4717 non
2046 4662 2143 4717 de-

570 4759 649 4813 dit
674 4759 724 4813 ei
766 4756 1115 4812 hereditatem
1147 4756 1197 4809 in
1234 4770 1295 4809 ea
1321 4796 1337 4820 ,
1387 4771 1452 4807 ne
1487 4768 1698 4824 passum
1724 4752 1939 4824 quidem
1969 4753 2140 4825 pedis.

571 4849 733 4903 Vides
757 4846 1030 4916 quomodo
1056 4862 1177 4916 quia
1206 4844 1342 4898 facta
1370 4855 1498 4898 sunt
1529 4845 1831 4914 pugnabant
1856 4860 1977 4899 cum
2014 4860 2144 4916 pro-

572 4937 867 4995 missione?
900 4937 1101 4992 Rursus
1130 4934 1258 4989 dicit
1285 4976 1300 4998 ,
1333 4932 1398 4989 In
1424 4934 1573 4990 Isaac
1592 4936 1847 4990 vocabitur
1867 4936 1955 4989 tibi
1978 4954 2144 4991 semen

571 5033 590 5104 (
607 5036 735 5091 Gen.
755 5029 844 5084 2t.
875 5029 996 5099 12),
1018 5036 1073 5083 et
1097 5025 1361 5082 credidit:
1390 5035 1445 5080 et
1472 5040 1658 5081 rursus
1683 5025 1815 5081 dicit
1839 5068 1854 5092 ,
1886 5025 2140 5083 Sacrifica

572 5121 701 5176 mihi
744 5121 919 5185 hunc,
946 5118 1032 5187 qui
1073 5126 1188 5172 erat
1235 5116 1553 5185 impleturus
1598 5116 1906 5171 universum
1956 5117 2143 5172 orbem

574 5223 730 5267 terra:
758 5225 825 5266 ex
850 5210 1056 5265 semine
1097 5222 1215 5264 suo.
1249 5207 1441 5264 Vidisti
1501 5223 1728 5279 pugnam
1770 5209 2043 5277 iussorum
2090 5219 2146 5266 et

578 5300 994 5375 promissionis?
1021 5298 1191 5355 Jussit
1216 5299 1483 5353 contraria
1516 5297 1796 5369 promissis
1823 5313 1839 5362 ;
1882 5310 1937 5352 et
1973 5313 2145 5367 neque

578 5397 653 5449 sic
692 5393 939 5464 caligavit
973 5393 1151 5462 justus
1175 5432 1190 5453 ,
1237 5406 1409 5462 neque
1436 5390 1570 5446 dixit
1604 5408 1665 5447 se
1692 5405 1813 5447 esse
1839 5390 2144 5460 deceptum.

580 5486 710 5542 Nam
741 5500 837 5538 vos
866 5484 1080 5554 quidem
1106 5524 1123 5549 ,
1171 5482 1381 5553 inquit,
1429 5499 1532 5537 non
1562 5481 1807 5549 poteritis
1840 5481 1940 5536 hoc
1970 5481 2149 5537 dicere

581 5577 723 5644 quod
759 5576 1021 5643 pollicitus
1050 5577 1120 5629 sit
1148 5576 1387 5645 requiem
1409 5616 1423 5634 ,
1453 5582 1506 5628 ct
1532 5573 1738 5629 dederit
1764 5572 2105 5628 afﬂictioncm
2130 5586 2147 5636 ;

650 5672 724 5729 (α)
752 5670 838 5719 llic
871 5668 1101 5729 ingentes
1136 5664 1295 5729 hiatus
1330 5675 1444 5714 sunt
1470 5667 1517 5712 in
1541 5662 1756 5715 (Iulhet't.
1781 5662 1989 5714 Humilia
2020 5665 2155 5724 tige-

587 5726 890 5795 suna‘quinta
914 5726 1041 5793 pene
1066 5735 1161 5777 tota
1184 5726 1363 5775 deficit.

2242 3490 2331 3547 hic
2356 3492 2499 3547 enim
2537 3491 2659 3548 facit
2700 3508 2762 3548 ea
2807 3509 2925 3564 qua:
2964 3505 3049 3550 est
3080 3495 3369 3566 pollicitus.
3399 3497 3726 3563 Quomodo?
3755 3504 3827 3557 In

2243 3584 2456 3648 mundo,
2485 3584 2675 3654 inquit,
2706 3586 3027 3656 nﬁlictionem
3058 3587 3299 3643 habebitis
3336 3588 3532 3659 (Joan.
3562 3593 3651 3648 16.
3679 3594 3751 3650 33
3776 3596 3823 3667 ).

2246 3674 2347 3741 Qui
2370 3692 2471 3729 non
2497 3678 2745 3748 acceperit
2767 3694 2964 3731 crucem
2986 3695 3152 3745 suam,
3181 3691 3228 3734 et
3255 3697 3335 3735 me
3361 3682 3513 3752 fuerit
3537 3695 3779 3754 sequutus
3807 3729 3825 3753 ,

2242 3784 2346 3822 non
2372 3778 2443 3823 est
2472 3784 2552 3823 me
2578 3769 2761 3839 dignus
2786 3769 2806 3839 (
2829 3768 3017 3824 Matth.
3050 3771 3136 3827 10.
3165 3772 3234 3828 38
3260 3772 3302 3842 ).
3335 3772 3436 3840 Qui
3460 3790 3560 3829 non
3584 3776 3694 3830 odit
3713 3779 3829 3832 ani-

2242 3878 2377 3915 mam
2415 3877 2559 3915 suam
2583 3901 2596 3926 ,
2625 3878 2726 3915 non
2755 3864 2970 3916 inveniet
2998 3879 3147 3929 eam;
3175 3872 3230 3919 et
3260 3905 3275 3930 ,
3308 3863 3411 3932 Qui
3440 3882 3541 3920 non
3568 3869 3828 3923 renuntiat

2242 3953 2474 4008 omnibus
2502 3952 2644 4007 bonis
2678 3952 2785 4008 suis
2808 3994 2822 4019 ,
2852 3964 2898 4007 et
2929 3971 3008 4009 me
3033 3955 3261 4024 sequitur
3278 3997 3293 4021 ,
3315 3973 3416 4011 non
3443 3966 3515 4011 est
3544 3975 3624 4013 me
3642 3960 3830 4032 dignus

2245 4043 2396 4113 (Luc.
2422 4045 2507 4100 14.
2538 4043 2691 4101 26.et
2719 4046 2808 4115 '55)
2833 4062 2847 4111 ;
2880 4056 2934 4102 et
2956 4062 3141 4102 rursus
3161 4063 3175 4099 :
3196 4046 3323 4101 Ante
3343 4065 3484 4121 reges
3508 4060 3553 4104 et
3584 4052 3831 4121 prcsides

2242 4135 2496 4189 ducemini
2523 4148 2735 4205 propter
2764 4153 2877 4200 me;
2913 4147 2968 4193 et
2996 4153 3183 4193 rursus
3206 4179 3221 4202 ,
3261 4137 3468 4194 Inimici
3492 4141 3714 4198 hominis
3735 4144 3831 4198 do-

2242 4230 2437 4284 mestici
2458 4231 2567 4303 ejus
2593 4230 2803 4301 (Matth.
2834 4230 2918 4285 10.
2955 4232 3023 4287 18
3048 4240 3092 4286 et
3114 4231 3182 4288 36
3207 4232 3247 4302 ).
3270 4232 3339 4287 Et
3358 4232 3578 4289 afllictio
3607 4234 3694 4289 hic
3722 4245 3829 4304 est,

2243 4322 2394 4391 quies
2420 4331 2596 4375 autem
2626 4330 2681 4377 et
2709 4321 2956 4377 remissio
2983 4322 3093 4376 illic
3118 4330 3202 4378 est
3229 4363 3245 4388 ,
3293 4339 3490 4393 nempe
3517 4326 3569 4379 in
3600 4326 3709 4381 vita
3742 4325 3829 4381 fu-

2246 4420 2382 4465 tura.
2434 4408 2492 4464 In
2539 4410 2807 4465 Abraham
2854 4420 3035 4467 autem
3074 4421 3263 4468 contra
3295 4397 3625 4482 :jubebatur
3652 4416 3831 4475 facere

2244 4502 2511 4558 contraria
2540 4501 2988 4571 promissionihus
3010 4543 3026 4569 ,
3057 4512 3113 4559 et
3140 4518 3209 4559 ne
3235 4504 3315 4559 sic
3334 4503 3552 4574 quidem
3584 4508 3831 4565 turbatus

2246 4605 2326 4651 est
2351 4610 2524 4667 neque
2548 4594 2829 4664 caligavit,
2863 4610 3038 4664 neque
3068 4595 3401 4651 existimavit
3428 4611 3491 4652 se
3517 4612 3641 4653 esse
3661 4597 3829 4656 dece-

2246 4694 2391 4756 ptum
2418 4704 2432 4740 :
2460 4698 2554 4739 vos
2574 4692 2755 4739 autem
2784 4682 2919 4738 nihil
2942 4686 3223 4741 sustinetis
3248 4685 3392 4757 quod
3422 4687 3495 4741 sit
3514 4698 3670 4744 extra
3702 4705 3838 4760 pro-

2245 4778 2554 4835 missionem
2588 4817 2605 4841 ,
2658 4785 2715 4832 et
2770 4776 3081 4831 turbamini.
3137 4778 3233 4832 llle
3301 4778 3507 4835 audivit
3559 4783 3831 4840 contraria

2247 4870 2527 4940 promissis
2554 4868 2623 4923 ab
2646 4884 2713 4926 eo
2743 4868 2861 4939 ipso
2888 4870 2977 4941 qui
3005 4878 3125 4925 erat
3145 4871 3411 4940 pollicitus
3437 4915 3455 4941 ,
3489 4884 3545 4931 et
3578 4892 3685 4931 non
3715 4888 3832 4934 tur-

2246 4961 2508 5025 babatur,
2556 4960 2653 5016 sed
2695 4975 2757 5016 ea
2812 4958 3045 5015 faciebat
3088 4970 3357 5032 tamquam
3405 4966 3829 5023 convenientia:

2251 5060 2404 5109 erant
2431 5050 2573 5107 enim
2595 5042 2965 5107 convenientia
2993 5068 3007 5105 :
3039 5053 3306 5107 contraria
3341 5054 3555 5124 quidem
3584 5055 3836 5114 humanis

2250 5162 2565 5229 rationibus,
2591 5159 2964 5217 convenientia
2989 5168 3169 5214 autem
3192 5173 3259 5215 ex
3291 5156 3395 5213 fide
3419 5200 3435 5215 .
3468 5165 3525 5215 et
3544 5158 3840 5229 quomodo,

2255 5258 2367 5328 ipse
2382 5255 2674 5326 Apostolus
2698 5268 2795 5309 nos
2824 5252 3006 5308 docuit
3029 5293 3044 5317 ,
3076 5251 3263 5306 dicens
3292 5268 3308 5303 :
3340 5249 3609 5304 Arbitrum
3628 5251 3769 5321 quod
3794 5260 3841 5305 et

2251 5365 2284 5402 a
2309 5348 2518 5402 mortuis
2546 5346 2790 5400 suscitare
2820 5354 2995 5414 potens
3019 5354 3092 5397 est
3119 5341 3273 5397 Deus.
3299 5340 3355 5397 Id
3378 5349 3495 5397 est:
3518 5340 3596 5396 Ex
3625 5340 3837 5409 eadem,

2254 5441 2454 5510 inquit,
2488 5436 2590 5493 fide
2610 5452 2711 5508 qua
2742 5434 2969 5491 credidit
2999 5433 3141 5505 quod
3168 5433 3467 5489 donaturus
3495 5442 3642 5489 esset
3669 5433 3837 5488 lilium

2252 5531 2340 5603 qui
2373 5544 2476 5584 non
2498 5539 2634 5594 etat,
2663 5542 2727 5583 ex
2753 5526 2941 5582 eadem
2970 5527 3131 5581 etiam
3158 5534 3427 5580 mortuum
3457 5525 3839 5580 suscitaturum

2253 5640 2371 5679 csse
2394 5664 2408 5687 ,
2440 5633 2491 5677 et
2524 5636 2837 5692 persuasum
2868 5618 3054 5673 habuit
3095 5616 3237 5686 quod
3261 5626 3548 5673 mactatum
3576 5628 3694 5671 erat
3719 5632 3838 5671 sus-

2254 5728 2525 5775 mtatnt'us.
2552 5715 2679 5772 Erat
2716 5714 2853 5771 enim
2888 5728 3036 5784 teque
3058 5711 3299 5779 dubium,
3320 5710 3575 5776 humana,
3600 5710 3838 5779 inquam,
