4060 6412
601 340 705 398 175

596 467 974 541 γεγηρακυίας
1013 464 1104 520 καὶ
1138 460 1410 533 ἀχρήστου
1437 462 1536 534 ἤδη
1598 464 1974 534 γεγενημένης
2028 461 2164 529 πρὸς

597 553 941 611 παιδοποιίαν
968 552 1150 605 δοῦναι
1185 546 1415 611 παιδίον,
1449 549 1542 600 καὶ
1573 546 1980 617 σφαγιασθέντα
2037 548 2166 600 ἀνα-

600 644 799 711 στῆσαι
814 654 825 665 ⁸
848 635 1120 704 ἀλλ’δμως
1134 628 1380 683 ἐπείθετο
1400 645 1413 657 ⁸
1430 630 1789 700 προωδοποίει
1803 632 1911 701 γάρ
1930 633 1963 699 ή
1984 630 2165 690 πίστις

596 728 628 792 ή
661 710 1007 794 παρελθοῦσα
1054 718 1166 777 τοῖς
1219 712 1526 784 μέλλουσιν.
1562 710 1769 779 ’Ἄλλως
1787 715 1843 768 δέ
1887 714 1982 768 καὶ
2008 716 2037 767 6
2069 712 2168 783 μὲν

598 806 745 875 ἐώρα
762 804 825 857 τὰ
843 799 1055 872 χρηστά
1069 798 1281 868 πρῶτα,
1296 814 1325 849 τ
1337 796 1366 849 ἀ
1380 796 1435 850 δέ
1453 797 1691 869 δυσχερῆ
1715 798 1840 851 ύστε
1851 813 1920 868 ρα
1937 796 2071 867 πρὸς
2089 794 2169 866 τῷ

598 889 765 958 γήρα.
789 885 976 953 Ὑμεῖς
1004 881 1060 933 δέ
1076 879 1409 944 τούναντίον,
1434 880 1590 949 φησὶ,
1610 879 1676 934 τά
1713 881 1814 950 μὲν
1851 878 2157 949 σκυθρωπά

599 972 811 1043 πρῶτα,
843 967 911 1020 τὰ
933 966 988 1019 δέ
1019 964 1232 1035 χρηστά
1260 964 1566 1043 τελευταῖα.
1621 963 1794 1016 Τοῦτο
1841 961 1979 1031 πρὸς
2041 961 2168 1043 τοῑξς

598 1039 778 1119 λέγειν
802 1044 1138 1117 τολμῶντας,
1170 1042 1254 1095 ὅτι
1286 1041 1441 1096 Μετὰ
1463 1041 1692 1095 θάνατον
1744 1044 1876 1113 ἡμῖν
1903 1039 2169 1108 ἐπηγγεί-

597 1135 728 1188 λατο
752 1133 820 1185 τά
842 1128 1044 1198 ἀγαθὰ,
1069 1128 1350 1197 ἠπάτησεν
1372 1125 1501 1187 ἴσως
1530 1126 1699 1195 ἡμᾶς.
1732 1124 2020 1177 Δείκνυσιν
2043 1163 2057 1185 ,
2088 1124 2169 1176 δτι

600 1219 693 1270 καὶ
720 1217 784 1269 ἐκ
812 1210 1023 1281 νεκρῶν
1046 1208 1282 1279 ἐγείρειν
1311 1208 1533 1270 δυνατὸς
1559 1209 1587 1258 6
1620 1208 1752 1271 Θεός
1777 1226 1790 1239 ⁸
1818 1210 1867 1260 εἰ
1893 1207 1951 1260 δέ
1982 1208 2077 1260 καὶ
2107 1207 2171 1258 ἐκ

601 1298 753 1371 ἴω]
776 1295 988 1367 νεκρῶν
1019 1290 1256 1361 ἐγείρειν
1290 1291 1551 1354 δυνατὸςδ
1568 1291 1722 1357 Θεὸς,
1747 1292 1967 1355 πάντως
1993 1291 2170 1344 πάντα

600 1381 888 1438 ἀποδώσει.
938 1378 1000 1431 Εἰ
1042 1373 1383 1445 δέιἋϐραάμ
1426 1374 1715 1427 ἐπίστευσε
1754 1375 1860 1444 πρὸ
1901 1373 2172 1427 τοσούτων

603 1466 760 1528 ἐτῶν,
809 1464 892 1515 ὅτι
924 1458 1150 1520 δυνατὸς
1164 1459 1229 1509 ἐκ
1258 1457 1468 1527 νεκρῶν
1505 1456 1957 1527 ἐγείρεινόΘεὸς,
1992 1453 2173 1525 πολλῷ

605 1547 804 1617 μᾶλλον
846 1546 1009 1614 ἡμεῖς
1043 1539 1322 1593 πιστεύειν
1353 1540 1660 1608 ὀφείλομεν.
1705 1541 1871 1611 Ὀρᾷς
1900 1540 2003 1601 ὅτι,
2036 1540 2173 1609 ὅπερ

602 1632 772 1701 ἔφθην
796 1628 985 1689 εἰπὼν,
1019 1622 1171 1677 οῦπω
1216 1620 1511 1690 εἰσῆλθενδ
1542 1621 1791 1684 θάνατος,
1827 1623 1920 1674 καὶ
1969 1621 2172 1685 εὐθέως

602 1715 799 1774 αὖτοὺς
852 1712 933 1773 εἰς
958 1708 1061 1778 τὴν
1097 1706 1197 1774 τῆς
1250 1705 1600 1767 ἀναστάσεως
1660 1705 1909 1758 εἵλκυσεν
1960 1703 2173 1764 ἐλπίδα,

603 1800 697 1852 καὶ
731 1797 811 1857 εἰς
834 1790 1103 1861 τοσαύτην
1135 1787 1510 1857 πληροφορίαν
1536 1789 1764 1858 ήγαγεν,
1806 1788 1881 1851 ὡς
1910 1789 2006 1842 καὶ
2036 1804 2175 1855 σφα-

602 1880 814 1949 γιάζειν
835 1876 962 1937 τοὺς
1024 1871 1234 1925 ἐαυτῶν
1276 1871 1429 1932 υίοὺς
1480 1870 1895 1940 κελευομένους,
1952 1872 2050 1923 καὶ
2079 1870 2174 1937 ἀφ’

604 1959 680 2017 ῶν
715 1959 1061 2029 προσεδόκων
1082 1954 1388 2024 ἐμπλήσειν
1421 1952 1521 2023 τήν
1564 1954 1915 2023 οἰκουμένην,
1941 1953 2177 2022 ἑτοίμως

603 2048 827 2107 τούτους
887 2039 1228 2111 προσάγεινς
1291 2036 1399 2090 Kal
1461 2036 1649 2105 ἕτερον
1693 2036 1751 2089 δὲ
1796 2036 2068 2089 δείκνυσιν
2093 2037 2178 2088 ἐν-

604 2128 775 2181 ταῦθα
788 2124 873 2177 διὰ
892 2122 983 2176 τοῦ
1002 2121 1193 2184 εἰπεῖν,
1212 2117 1548 2186 Ἐπείραζεν
1562 2121 1594 2171 ὀ
1612 2118 1755 2183 Θεὸς
1777 2118 1882 2172 τὸν
1900 2117 2174 2187 Ἀϐραάμ.

605 2213 671 2264 Τί
697 2206 838 2274 ούν;
894 2208 992 2259 οὐκ
1048 2205 1166 2273 ᾔδει
1222 2204 1251 2255 6
1299 2203 1434 2264 Θεὸς
1492 2202 1575 2254 δτι
1631 2205 1883 2270 γενναῖος
1949 2197 2018 2273 ἦν
2085 2201 2180 2254 καὶ

606 2296 824 2364 δόκιμος
850 2294 878 2344 6
908 2290 1047 2359 ἀνήρ
1073 2306 1086 2353 ;
1117 2285 1330 2355 Σφόδρα
1360 2302 1444 2352 γε.
1482 2284 1639 2346 Τίνος
1668 2280 1761 2337 οὖν
1808 2285 1995 2337 ἕνεκεν
2027 2283 2179 2337 ἐπεί-

617 2378 776 2447 ραζεν
824 2372 1080 2432 αὐτὸν,εἰ
1126 2369 1241 2439 ᾔδει
1276 2385 1291 2433 ;
1323 2369 1437 2438 Οὐχ
1486 2368 1573 2420 ἵνα
1626 2370 1788 2431 αὐτὸς
1836 2366 2008 2439 μάθῃ,
2064 2367 2180 2420 ἀλλ’

612 2464 699 2514 ἵνα
754 2460 867 2522 τοῖς
916 2454 1101 2516 ἄλλοις
1142 2451 1327 2522 δείξῃ,
1365 2454 1459 2504 καὶ¹
1512 2452 1818 2521 κατάδηλον
1875 2449 2039 2503 αὑτοῦ
2083 2448 2181 2520 τὴν

610 2542 860 2613 ἀνδρείαν
908 2540 1043 2592 πᾶσι
1088 2537 1429 2605 καταστήσῃ.
1464 2536 1571 2587 Kal
1617 2534 1890 2588 δείκνυσιν
1950 2532 2183 2588 ἐνταῦθα

610 2628 705 2681 καὶ
756 2624 866 2678 τῶν
931 2620 1259 2692 πειρασμῶν
1318 2619 1417 2687 τὴν
1468 2618 1650 2671 αἰτίαν
1675 2658 1692 2682 ,
1754 2619 1845 2673 ῖνα
1897 2616 1972 2689 μή
2030 2617 2185 2686 νομί-

609 2711 808 2775 ζωσιν,
854 2706 929 2768 ὡς
962 2701 1520 2772 ἐγκαταλελειμμένοι
1570 2701 1745 2755 ταῦτα
1774 2702 2029 2772 πάσχειν.
2071 2701 2186 2753 Ἐν.

609 2790 785 2844 ταῦθα
823 2789 923 2859 μὲν
973 2786 1085 2855 γὰρ
1136 2786 1232 2839 καὶ
1289 2786 1507 2856 ἀνάγκη
1557 2785 1941 2857 πειράζεσθαι,
2001 2784 2089 2837 διά
2123 2781 2185 2835 τὸ

611 2875 840 2937 πολλοὺς
875 2873 1023 2942 ἔχειν
1050 2870 1178 2933 τοὺς
1204 2870 1532 2933 ἐλαύνοντας
1548 2871 1644 2923 καὶ
1661 2871 1785 2933 τοὺς
1807 2868 2186 2923 ἐπιϐουλεύον-

611 2973 709 3017 τας
738 2971 752 2985 ⁸
785 2955 900 3005 ἐκεῖ
928 2952 985 3005 δέ
1016 2950 1147 3003 ποία
1174 2949 1388 3018 ἀνάγκη
1409 2945 1476 3019 ἦν
1505 2950 1629 3011 τοὺς
1679 2950 1780 3002 οὐκ
1826 2949 1986 3011 δντας
2038 2946 2185 3017 αὐτῷ

612 3036 954 3108 πειρασμοὺς
974 3036 1207 3087 ἐπινοεῖν
1232 3027 1432 3097 ςυῦτος
1456 3034 1639 3085 τοίνυν
1660 3034 1687 3086 6
1704 3033 2011 3103 πειρασμὸς
2026 3031 2185 3101 δῆλος

609 3120 679 3192 ἦν
693 3124 774 3175 δτι
804 3117 968 3174 αὑτοῦ
989 3117 1416 3185 προστάττοντος
1436 3116 1663 3185 ἐγίνετο.
1694 3116 1759 3170 Ol
1796 3117 1893 3187 μὲν
1921 3113 2014 3170 οῦν
2036 3116 2186 3170 ἄλλοι

615 3203 1029 3275 συγχωροῦντος
1060 3200 1228 3255 αὑτοῦ
1266 3200 1604 3263 συνέϐαινον,
1631 3192 1786 3263 οὗτος
1815 3201 1873 3253 δέ
1897 3200 1992 3255 καὶ
2016 3218 2186 3270 προσ-

612 3290 919 3349 τάττοντος.
955 3284 1018 3338 Εἰ
1053 3284 1230 3338 τοίνυν
1253 3282 1397 3337 οὕτω
1429 3284 1690 3354 δοκίμους
1722 3285 1789 3339 τὰ
1825 3283 1935 3337 τῶν
1994 3302 2188 3356 πειρα-

614 3370 767 3441 σμῶν
793 3369 960 3433 ποιεῖ,
980 3367 1055 3431 ὡς
1072 3368 1168 3419 καὶ
1194 3366 1269 3437 μὴ
1299 3366 1467 3436 οὔσης
1501 3368 1677 3430 αἰτίας
1698 3366 1791 3419 τὸν
1816 3366 1949 3421 Θεὸν
1975 3369 2184 3439 γυμνά-

613 3455 729 3519 ζειν
755 3454 882 3515 τοὺς
910 3450 1104 3505 ἐαυτοῦ
1148 3449 1388 3520 ἀθλητάς
1415 3466 1427 3481 ⁸
1460 3451 1640 3520 πο).λῷ
1671 3452 1878 3522 μᾶλλον
1911 3453 2061 3523 ήμᾶς
2095 3453 2189 3523 φέ-

617 3554 731 3607 ρειν
782 3534 965 3587 πάντα
1017 3532 1124 3604 χρὴ
1183 3535 1468 3601 γενναίως.
1519 3535 1904 3605 Ἐμφαντικῶς
1944 3535 2003 3588 δέ
2034 3532 2187 3591 εἶπεν

614 3618 869 3684 ἐνταῦθα,
892 3619 973 3671 ὅτι
999 3619 1205 3671 Πίστει
1227 3618 1642 3687 προσενήνοχε
1670 3620 1775 3671 τὸν
1802 3620 2032 3685 Ἰσαὰκ,
2060 3636 2187 3676 πει-

609 3701 929 3774 ραζόμενος
952 3718 966 3731 ⁸
1011 3700 1240 3769 οὐδεμία
1268 3700 1378 3771 γὰρ
1399 3700 1533 3771 άλλη
1560 3702 1709 3754 αἰτία
1732 3698 1799 3773 ἦν
1815 3705 2190 3775 προσαγωγῆς

615 3788 647 3854 ἢ
677 3784 835 3854 αὓτη.
886 3778 1018 3835 Εἶτα
1071 3781 1425 3852 ἐπεξέρχεται
1456 3782 1536 3853 τῷ
1571 3784 1824 3853 νοήματι.
1881 3786 1996 3839 Ούκ
2049 3786 2186 3857 ἔχει,

615 3868 803 3937 φησὶν,
836 3867 1031 3929 εἰπεῖν,
1064 3866 1148 3919 ὃτι
1171 3865 1266 3918 xa‘l
1298 3864 1457 3918 ἄλλον
1486 3862 1635 3936 εἶχεν
1670 3866 1805 3930 υίὸν,
1838 3867 1935 3920 καὶ
1959 3868 2020 3932 ἐξ
2040 3868 2185 3922 ἐκεί-

614 3970 707 4003 νου
740 3950 1046 4021 προσεδόκα
1070 3948 1169 4020 τὴν
1204 3949 1539 4016 ἐπαγγελίαν
1565 3949 2026 4022 πληρωθήσεσθαι
2046 3991 2061 4015 ,
2093 3952 2189 4006 καὶ

618 4034 709 4087 διά
739 4032 902 4087 τοῦτο
940 4032 1161 4105 θαρρῶν
1192 4022 1381 4084 τοῦτον
1420 4033 1783 4103 προσήνεγκε.
1820 4034 1930 4088 Καὶ
1962 4035 2069 4088 τὸν
2086 4053 2189 4104 μο-

614 4116 855 4183 νογενῆ,
872 4118 1028 4187 φησὶ,
1059 4116 1435 4184 προσέφερεν
1462 4119 1495 4169 ὀ
1526 4114 1634 4180 τὰς
1657 4117 2020 4188 ἐπαγγελίας
2043 4119 2187 4173 ἀνα-

615 4199 960 4269 δεξάμενος.
992 4199 1057 4251 Τί
1090 4199 1270 4267 λέγεις
1312 4199 1575 4270 μονογενῆ
1607 4217 1623 4266 ;
1656 4201 1711 4254 τί
1743 4198 1837 4256 οὖν
1858 4203 1887 4255 6
1930 4203 2187 4273 Ἰσμαήλ;

617 4282 781 4335 πόθεν
810 4278 911 4351 ἧνς
937 4281 1220 4349 Μονογενῆ
1257 4279 1404 4348 λέγω
1422 4321 1436 4346 ,
1465 4284 1650 4350 φησὶν,
1696 4284 1819 4337 ὅσον
1846 4286 1926 4346 είς
1951 4284 2043 4338 τὸν
2092 4285 2190 4355 τῆς

616 4365 950 4433 ἐπαγγελίας
979 4360 1137 4432 λόγον
1158 4380 1172 4393 ⁸
1199 4364 1289 4417 διά
1313 4364 1423 4435 γάρ
1448 4364 1606 4419 τοῦτο
1636 4365 1997 4436 προσέθηκεν,
2020 4367 2190 4421 εἰπὼν

615 4444 922 4515 Μονογενῆ
945 4456 987 4510 ⁸,
1011 4445 1226 4509 δεικνὺς
1246 4446 1328 4499 ὅτι
1357 4445 1445 4499 διά
1474 4445 1665 4501 τοῦτον
1693 4448 1790 4501 xal
1812 4446 1961 4516 λέγει
1987 4464 2001 4478 ⁸
2034 4450 2191 4518 Πρὸς

616 4532 691 4584 ὃν
745 4529 1049 4597 ἐλαλήθη,
1104 4530 1187 4583 ὅτι
1240 4530 1345 4584 Ἐν
1383 4530 1583 4585 Ἰσαὰκ
1644 4532 2020 4599 κληθήσεταί
2090 4550 2189 4587 σοι

616 4613 870 4683 σπέρμα,
916 4614 1215 4677 τουτέστιν,
1249 4612 1309 4677 ἐξ
1332 4612 1519 4666 αὑτοῦ.
1566 4616 1729 4684 Ὁρᾷς
1772 4616 1888 4678 πῶς
1919 4614 2190 4686 θαυμάζει

615 4698 679 4750 τὸ
708 4700 861 4767 παρά
916 4697 1011 4750 τοῦ
1066 4698 1408 4767 πατριάρχου
1466 4697 1781 4767 γινὸμενον;
1819 4700 1921 4754 Ἔν
1955 4700 2184 4767 Ἰσαὰκ,

616 4780 838 4850 ήκουσε,
875 4779 1246 4847 κληθήσεταί
1296 4793 1397 4834 σοι
1439 4779 1697 4850 σπέρμα,
1748 4782 1844 4835 καὶ
1882 4784 2191 4856 προσέφερε

618 4864 851 4933 σφάγιον
873 4863 965 4916 τὸν
1006 4864 1139 4915 υίόν.
1169 4860 1319 4924 Εἶτα,
1352 4864 1440 4918 ἶνα
1468 4866 1541 4934 μή
1575 4880 1662 4928 τις
1687 4865 1909 4939 νομίσῃ,
1939 4868 2021 4920 δτι
2047 4869 2187 4923 ἀπο-

616 4947 777 5013 γνοὺς
804 4946 963 5000 τοῦτο
990 4946 1187 5005 ἐποίει,
1222 4948 1315 4998 καὶ
1338 4945 1427 4999 διὰ
1451 4948 1545 5000 τοῦ
1600 4950 2023 5019 προστάγματος
2069 4952 2192 5005 τού-

615 5048 711 5086 του
744 5030 843 5100 τὴν
881 5031 1067 5084 πίστιν
1094 5029 1350 5096 ἐξέϐαλεν
1386 5031 1631 5103 ἐκείνην,
1663 5032 1801 5086 ἀλλά
2017 5035 2187 5109 μάθῃ.

616 5116 698 5167 ὅτι
726 5113 895 5177 δντως
928 5114 1024 5169 καὶ
1054 5114 1215 5167 τοῦτο
1246 5114 1478 5179 πίστεως
1498 5111 1588 5186 ἦν,
1618 5118 1785 5186 φησιν
1812 5119 1895 5172 ὅτι
1927 5120 2191 5190 κάκείνην

616 5195 731 5265 εἶχε
745 5198 841 5267 τὴν
871 5198 1074 5263 πίστιν,
1108 5200 1365 5267 καίτοιγε
1393 5198 1655 5255 δοκοῦσαν
1682 5202 1857 5275 ταύτῃ
1882 5204 2151 5274 μάχεσθαι
2170 5222 2186 5237 ⁸

616 5280 732 5333 ἀλλ’
770 5282 869 5334 ούκ
903 5282 1175 5351 ἐμάχετο·
1208 5282 1271 5335 ού
1318 5282 1428 5354 γὰρ
1483 5283 1773 5355 λογισμοῖς
1824 5286 2189 5357 ἀνθρωπίνοις

616 5364 841 5434 ἐμέτρει
868 5364 963 5417 τοῦ
982 5364 1115 5419 Θεοῦ
1141 5366 1237 5435 τὴν
1266 5366 1517 5437 δύναμιν,
1550 5368 1688 5421 ἀλλά
1705 5372 1771 5441 τῇ
1796 5371 1974 5425 πίστει
2013 5374 2190 5427 πάντα

618 5448 913 5519 ἐπέτρεπε.
944 5449 1039 5502 Διὸ
1066 5449 1188 5503 οὐδέ
1208 5450 1446 5505 δέδοικεν
1497 5454 1693 5520 εἰπεῖν,
1712 5455 1795 5508 ὃτι
1825 5455 1937 5509 Καὶ
1987 5456 2056 5509 ἐκ
2089 5474 2189 5511 νει-

679 5700 978 5783 {Muunnﬂs
1010 5710 1215 5783 leg_'L_«e‘
1244 5712 1440 5765 videtur
1475 5718 1549 5764 διὰ
1592 5720 1679 5782 γὰρ
1712 5718 1854 5770 τοῦτο
1882 5721 2025 5770 εἰπὼν
2058 5737 2185 5783 μονο-

619 5774 747 5831 γενῆ,
769 5774 1055 5831 προσέθηκεν
1089 5774 1267 5823 Ἰσαάκ.

1302 338 1359 393 S.
1399 335 2204 393 JOANNlS-CIIRYSOSTOMI
2261 335 2575 393 ARCHIEP.
2616 334 3160 393 CONSTANTINOP.

3748 333 3850 390 I76

2274 458 2434 529 κρῶν
2458 462 2711 531 ἐγείρειν
2730 460 2988 527 δυνατὸς
3008 462 3041 513 ὁ
3056 461 3221 526 Θεός.
3243 458 3425 513 Ὅθεν
3450 457 3639 513 αὐτὸν
3658 460 3757 514 καί
3779 461 3852 514 ἐν

2272 543 2590 613 παραϐολῇ
2620 545 2965 613 ἐκομίσατο,
2987 543 3294 608 τουτέστιν,
3312 544 3371 595 ἐν
3388 541 3851 612 ύποδείγματι,ἐν

2272 628 2350 697 τῷ
2381 630 2541 699 κριῷ,
2575 629 2730 698 φησί.
2762 628 2887 691 Πῶς
2911 644 2925 691 ;
2950 626 3055 680 Τοῦ
3088 627 3197 700 γὰρ
3228 625 3383 697 κριοῦ
3407 626 3851 694 σφαγιασθέντος

2273 708 2425 775 οὗτος
2454 712 2635 781 ἐσώθη
2655 728 2669 744 ⁸
2701 712 2842 765 ῶστε
2871 709 2963 765 διὰ
2987 709 3085 764 τοῦ
3116 710 3272 781 κριοῦ
3294 710 3455 763 αὑτὸν
3482 708 3699 767 ἐλαϐεν,
3729 708 3855 763 ἀντὶ

2274 794 2465 848 τούτου
2495 794 2702 865 σφάξας
2721 796 2951 849 ἐκεῖνον.
3015 792 3202 847 Ταῦτα
3232 792 3287 845 δέ
3313 793 3473 846 τύποι
3494 792 3639 852 τινές
3668 786 3813 861 ἦσαν
3836 805 3848 819 ·

2275 879 2507 933 ἐνταῦθα
2544 878 2656 948 γὰρ
2679 880 2708 933 6
2730 877 2857 941 Υίός
2890 880 3006 931 ἐστι
3038 876 3132 930 τοῦ
3162 875 3302 930 Θεοῦ
3333 879 3361 930 6
3391 873 3849 945 σφαγιαζόμενος.

2276 962 2386 1013 Καὶ
2414 960 2515 1014 θέα
2549 978 2639 1031 μοι
2668 960 2768 1030 τὴν
2794 958 3229 1029 φιλανθρωπίαν,
3258 961 3361 1027 ὅση
3384 955 3451 1027 ἦν
3473 974 3487 987 ⁸
3521 958 3715 1026 ἐπειδὴ
3745 956 3855 1027 γάρ

2280 1044 2493 1113 μεγάλη
2520 1061 2605 1106 τις
2631 1042 2822 1113 ἔμελλε
2872 1042 3112 1096 δίδοσθαι
3147 1042 3310 1111 χάρις
3366 1044 3477 1102 τοῖς
3514 1039 3852 1109 ἀνθρώποις,

2279 1127 2600 1198 βουλόμενος
2626 1126 2700 1197 μὴ
2730 1125 2912 1197 χάριτι
2942 1124 3072 1178 αὐτὸ
3123 1124 3366 1194 ποιῆσαι,
3394 1124 3509 1176 ἀλλ’
3534 1123 3613 1186 ὼς
3642 1120 3858 1191 ὀφειλέ-

2275 1226 2394 1279 της,
2424 1198 2841 1278 παρασκευάζει
2874 1208 3090 1279 πρῶτον
3130 1206 3418 1278 ἄνθρωπον
3446 1206 3540 1258 τὸν
3590 1205 3710 1257 υίὸν
3765 1203 3857 1256 τὸν

2278 1291 2473 1345 ἐαυτοῦ
2504 1290 2785 1345 ἐπιδοῦναι
2817 1292 2956 1361 ὑπὲρ
2988 1289 3085 1342 τοῦ
3110 1290 3535 1361 προστάγματος
3565 1286 3663 1341 τοῦ
3694 1284 3859 1351 Θεοῦ,

2279 1377 2366 1429 ἵνα
2397 1375 2561 1445 μηδὲν
2600 1375 2728 1446 δόξῃ
2787 1376 2931 1446 μέγα
2960 1376 3166 1436 ποιεῖν,
3200 1375 3292 1427 τὸν
3322 1373 3519 1427 ἐαυτοῦ
3582 1370 3861 1432 ἐπιδιδοὺς

2280 1458 2429 1522 Υἰὸν,
2463 1457 2515 1510 εῐ
2544 1473 2608 1525 γε
2637 1456 2925 1529 ἄνθρωπος
2949 1456 3055 1526 πρὸ
3086 1456 3250 1509 αὐτοῦ
3280 1456 3440 1509 τοῦτο
3462 1454 3747 1525 ἐποίησεν,
3772 1452 3862 1505 ἶνα

2283 1540 2360 1610 μὴ
2389 1540 2572 1610 χάριτι
2619 1540 2778 1609 μόνον
2834 1540 3067 1610 νομισθῇ
3118 1540 3275 1593 τοῦτο
3310 1540 3513 1606 ποιεῖν,
3573 1537 3713 1590 ἀλλὰ
3767 1535 3864 1589 καὶ

2279 1625 2489 1695 ὀφειλῇ.
2526 1624 2632 1688 Οὓς
2661 1625 2768 1696 γὰρ
2798 1624 2865 1678 ἂν
2894 1625 3160 1695 φιλῶμεν,
3189 1625 3281 1677 καὶ
3311 1623 3473 1676 τοῦτο
3492 1623 3681 1684 αὐτοῖς
3704 1618 3865 1693 χαρίο

2281 1708 2470 1773 ζεσθαι
2491 1707 2903 1778 βουλόμεθαιτὸ
2934 1708 3110 1761 δοκεῖν
3148 1710 3277 1778 παρ’
3304 1706 3487 1760 αὐτῶν
3513 1724 3563 1760 τι
3592 1706 3867 1776 πρότερον

2280 1792 2548 1856 λαϐόντας
2583 1792 2797 1864 μικρὸν,
2829 1793 3001 1855 οὕτως
3034 1793 3221 1855 αὐτοῖς
3252 1790 3315 1844 τὸ
3348 1794 3460 1844 πᾶν
3483 1790 3687 1844 διδόναι
3716 1806 3732 1819 ⁸
3769 1787 3867 1841 καὶ

2282 1874 2618 1946 καυχώμεθα
2651 1876 2745 1929 ἐπὶ
2768 1878 2834 1946 τῇ
2855 1874 3021 1946 λήψει
3054 1874 3255 1945 μᾶλλον
3285 1874 3318 1944 ἢ
3344 1873 3439 1927 ἐπὶ
3462 1876 3530 1943 τῇ
3562 1872 3735 1934 δόσει,
3770 1871 3868 1923 καὶ

2282 1960 2341 2012 οὐ
2376 1958 2628 2029 λέγομεν,
2661 1958 2792 2013 Τόδε
2827 1956 3113 2027 ἐδώκαμεν
3138 1957 3309 2027 αὐτῷ,
3337 1956 3475 2010 ἀλλά
3507 1956 3641 2010 Τόδε
3676 1954 3870 2008 ἐλάϐο-

2287 2060 2389 2114 μεν
2414 2044 2548 2111 παρ’
2574 2041 2763 2096 αὐτοῦ.
2797 2042 2978 2097 Ὅθεν
3006 2040 3216 2107 αὐτὸν,
3248 2040 3406 2110 φησί,
3447 2040 3547 2094 καὶ
3573 2040 3645 2093 ἐν
3676 2051 3870 2106 παρα-

2285 2124 2435 2193 ϐολῇ
2458 2126 2801 2195 ἐκομίσατο,
2819 2124 3119 2193 τουτέστιν,
3144 2123 3221 2187 ὡς
3240 2124 3298 2175 ἐν
3325 2123 3613 2192 αἰνίγματι
3635 2139 3650 2153 ⁸
3674 2120 3869 2190 ῶσπερ

2285 2210 2395 2280 γὰρ
2446 2208 2733 2278 παραϐολὴ
2767 2202 2836 2278 ἦν
2857 2210 2886 2261 6
2912 2207 3065 2277 κριὸς
3117 2206 3211 2260 τοῦ
3248 2206 3440 2260 Ἰσαάκ
3469 2221 3488 2241 ⁸
3518 2205 3553 2277 ἦ
3579 2206 3656 2267 ὡς
3679 2204 3740 2257 ἐν
3788 2202 3872 2273 τῷ

2286 2292 2725 2372 τύπῳ-Ἐπειδὴ
2756 2291 2865 2362 γὰρ
2890 2291 3196 2372 ἀπήρτιστο
3228 2289 3451 2372 ήθυσία
3479 2290 3577 2372 καὶ
3620 2287 3873 2372 ἕσφμκτο

2286 2367 2316 2417 6
2357 2359 2543 2417 Ἰσαὰκ
2574 2366 2639 2431 τῇ
2671 2359 3023 2433 προαιρέσει,
3046 2361 3134 2415 διὰ
3172 2359 3335 2415 τοῦτο
3380 2361 3545 2415 αὑτὸν
3579 2359 3873 2431 χαρίζεται

2287 2440 2364 2514 τῷ
2399 2447 2601 2517 πατριά
2610 2461 2733 2518 ρχῃ.

2362 2612 2428 2684 β’.
2459 2613 2627 2687 Ὁρᾷς
2666 2616 2791 2670 ὅτιὸ
2820 2615 2908 2670 ἀεὶ
2936 2616 3277 2687 λέγω,τοῦτο
3316 2617 3411 2671 καὶ
3447 2615 3543 2670 νῦν
3556 2616 3873 2684 δείκνυται;

2292 2699 2460 2752 Ὅταν
2482 2700 2592 2771 γὰρ
2618 2702 3063 2773 παραστήσωμεν
3091 2702 3250 2773 ήμῶν
3280 2702 3379 2774 τὴν
3401 2702 3643 2756 διάνοιαν
3675 2702 3869 2773 ἀπηρ-

2289 2783 2574 2853 τισμένην,
2614 2785 2706 2838 καὶ
2734 2783 3000 2854 δείξωμεν
3030 2785 3118 2839 ὅτι
3149 2786 3509 2857 ύπερορῶμεν
3534 2784 3643 2839 τῶν
3666 2785 3877 2857 γηΐνων

2292 2866 2655 2935 πραγμάτων,
2678 2867 2801 2920 τότε
2827 2869 2961 2938 ήμῖν
2998 2868 3090 2921 καὶ
3122 2868 3189 2922 τά
3210 2871 3375 2939 γήῖνα
3404 2868 3709 2941 χαρίζεται,
3738 2868 3878 2939 πρό-

2291 2964 2447 3018 τερον
2476 2947 2640 3021 δέοοῦ,
2671 2949 2755 3001 ἵνα
2794 2949 2871 3021 μὴ
2901 2949 2963 3003 τὸ
3004 2950 3190 3005 λαϐεῖν
3232 2951 3694 3023 προσδεδεμένους
3724 2952 3879 3021 ἡμᾶς

2292 3031 2475 3093 αὐτοῖς
2506 3030 2585 3083 ἐτι
2625 3032 2925 3104 προσδήσῃ.
2978 3033 3176 3100 Λῦσον,
3218 3035 3374 3106 φησὶ,
3420 3034 3619 3089 σαυτὸν
3652 3035 3877 3105 πρῶτον

2292 3115 2391 3184 τῆς
2414 3114 2691 3179 δουλείας,
2728 3118 2821 3170 καὶ
2856 3119 2980 3172 τότε
3010 3118 3172 3183 λάϐε,
3213 3119 3300 3173 ἵνα
3334 3120 3531 3190 μηκέτι
3564 3111 3641 3182 ῶς
3688 3119 3879 3183 δοῦλος

2292 3198 2483 3270 λάϐῃς,
2526 3200 2638 3252 ἀλλ’
2668 3200 2745 3263 ῶς
2783 3201 3050 3270 δεσπότης
3076 3218 3089 3231 ⁸
3140 3204 3558 3275 καταφρόνησον
3596 3203 3834 3258 πλούτου
3858 3245 3876 3269 ,

2294 3283 2519 3355 καίηέσῃ
2547 3282 2805 3347 πλούσιος
2830 3301 2844 3315 ⁸
2881 3285 3299 3356 καταφρόνησον
3337 3285 3517 3356 δόξης,
3549 3287 3643 3339 καὶ
3666 3287 3767 3358 ἔσῃ
3787 3285 3879 3339 ἐν·

2292 3367 2441 3431 δοξος
2466 3384 2478 3397 ⁸
2518 3368 2932 3440 καταφρόνησον
2954 3368 3061 3438 τῆς
3079 3370 3352 3440 τιμωρίας
3372 3370 3481 3423 τῶν
3512 3370 3744 3440 ἐχθρῶν,
3784 3372 3879 3425 καὶ

2293 3452 2417 3504 τότε
2460 3452 2630 3522 αὐτῆς
2670 3452 2959 3524 ἐπιτεύξῃ·
3012 3454 3433 3525 καταφρόνησον
3468 3453 3731 3520 ἀνέσεως,
3782 3456 3880 3509 καὶ

2294 3534 2416 3586 τότε
2452 3534 2620 3605 αὐτὴν
2642 3534 2786 3606 λήψῃ
2811 3553 2824 3567 ⁸
2860 3536 2948 3589 ῖνα
2974 3534 3156 3589 λαϐὼν
3174 3575 3190 3599 ,
3224 3537 3297 3607 μὴ
3326 3536 3401 3600 ὡς
3426 3536 3647 3608 δέσμιος
3680 3537 3876 3610 λάϐῃς,

2296 3614 2450 3689 ιεσο]
2481 3618 2611 3688 μηδέ
2637 3617 2712 3681 ὡς
2749 3618 2971 3685 δοῦλος,
3005 3619 3120 3672 ἀλλ’
3152 3618 3227 3683 ὡς
3260 3619 3570 3690 ἐλεύθερος.
3604 3620 3880 3692 Καθάπερ

2296 3701 2403 3771 γὰρ
2431 3702 2523 3753 ἐπὶ
2548 3701 2658 3755 τῶν
2686 3702 2909 3755 παιδίων
2935 3702 3043 3756 τῶν
3074 3702 3308 3774 μικρῶν,
3340 3705 3473 3757 ὅταν
3498 3704 3599 3775 μέν
3628 3704 3877 3777 ἐπιθυμῇ

2294 3783 2356 3836 τὸ
2389 3783 2599 3837 παιδίον
2637 3785 2905 3840 παιδικῶν
2937 3786 3290 3857 ἀθυρμάτων,
3323 3788 3460 3856 μετὰ
3483 3786 3681 3857 πολλῆς
3715 3805 3879 3848 σπου-

2295 3866 2392 3935 δῆς
2416 3866 2602 3919 ἐκεῖνα
2620 3867 2958 3938 κρύπτομεν,
2984 3863 3098 3923 οἷον
3122 3871 3360 3939 σφαῖραν
3383 3870 3477 3923 καὶ
3506 3870 3610 3925 ὅσα
3624 3872 3877 3937 τοιαῦτα,

2296 3949 2382 4002 ῖνα
2418 3948 2493 4019 μὴ
2528 3949 2883 4019 ἐμποδίζηται
2916 3951 3023 4004 τῶν
3046 3952 3362 4019 ἀναγκαίων
3387 3969 3402 3983 ⁸
3442 3953 3572 4007 ὅταν
3598 3953 3655 4008 δέ
3694 3956 3879 4011 αὐτῶν

2297 4033 2685 4104 καταφρονήσῃ
2726 4033 2821 4085 καὶ
2856 4035 3051 4104 μηκέτι
3076 4036 3536 4107 ἐπιθυμῇ,άδεῶς
3567 4037 3752 4091 αὐτῶν
3787 4058 3881 4109 μεθ

2296 4115 2615 4184 ταδιδόαμεν
2635 4156 2649 4181 ,
2681 4116 2884 4181 ειδότες
2918 4119 2994 4181 ὡς
3026 4119 3254 4188 οὐδεμία
3294 4120 3467 4191 βλάϐη
3506 4120 3698 4175 λοιπὸν
3722 4124 3880 4194 αὐτῷ

2297 4198 2547 4252 ἐντεῦθεν
2610 4201 2860 4269 γίνεται,
2908 4202 3009 4273 τῆς
3075 4202 3372 4273 ἐπῖθυμίας
3426 4205 3642 4275 ἐκείνης
3690 4207 3879 4263 οὐκέτι

2301 4282 2593 4353 ἰσχυούσης
2633 4287 2945 4353 ἀπαγαγεῖν
2986 4286 3151 4340 αὑτὸν
3186 4288 3294 4341 τῶν
3341 4289 3695 4356 ἀναγκαίων·
3732 4291 3882 4347 οὕτω

2298 4367 2391 4419 καὶ
2436 4368 2464 4419 6
2497 4367 2652 4432 Θεὸς,
2680 4368 2810 4421 ὅταν
2849 4370 2935 4443 ῐδῃ
2975 4371 3175 4443 μηκέτι
3216 4372 3621 4443 ἐπιθυμοῦντας
3653 4375 3768 4430 τῶν
3796 4379 3883 4431 ἐν-

2296 4449 2490 4514 ταῦθα,
2537 4450 2724 4505 λοιπὸν
2772 4453 3001 4523 ἀφίησιν
3044 4455 3231 4520 αὐτοῖς
3264 4456 3604 4528 κεχρῆσθαι·
3646 4458 3725 4522 ὡς
3768 4460 3882 4533 γὰρ

2296 4534 2571 4607 ἐλεύθεροι
2612 4537 2706 4591 καὶ
2743 4538 2936 4608 ἄνδρες
2978 4539 3120 4593 αὐτὰ
3162 4538 3379 4612 ἔχομεν,
3410 4542 3510 4613 οὐχ
3548 4543 3624 4606 ῶς
3661 4545 3879 4609 παῖδες.

2300 4618 2425 4671 Ὀτι
2478 4618 2610 4689 γὰρ,
2661 4618 2758 4673 ἐὰν
2806 4624 3233 4695 καταφρονήσῃς
3276 4625 3379 4693 τῆς
3436 4625 3709 4696 τιμωρίας
3766 4630 3881 4683 τῶν

2297 4700 2530 4772 ἐχθρῶν,
2589 4702 2713 4755 τότε
2764 4703 3049 4778 ἐπιτεύξῃ,
3093 4708 3258 4761 ἄκουε
3311 4708 3367 4761 τί
3417 4723 3585 4778 φησιν
3641 4724 3655 4737 ⁸
3731 4710 3882 4765 Ἐὰν

2297 4781 2477 4850 πεινᾷ
2506 4786 2540 4838 ό
2560 4784 2774 4854 ἐχθρός
2802 4800 2941 4853 σου,
2971 4787 3190 4859 ψώμιζε
3210 4792 3417 4845 αὐτόν’
3441 4790 3549 4855 ἐὰν
3570 4790 3739 4859 διψᾷ,
3769 4794 3881 4847 πό-

2297 4866 2425 4927 τιζε
2455 4868 2661 4923 αὐτόν·
2698 4868 2795 4923 καὶ
2826 4872 3112 4942 ἐπήγαγε⁸
3153 4872 3333 4928 Τοῦτο
3369 4873 3481 4943 γὰρ
3522 4874 3742 4940 ποιῶν,
3777 4875 3885 4930 ἆν-

2298 4953 2527 5019 θρακας
2568 4953 2758 5021 πυρὸς
2799 4957 3131 5025 σωρεύσεις
3164 4958 3264 5012 ἐπὶ
3298 4956 3417 5026 τήν
3454 4959 3736 5029 κεφαλὴν
3766 4964 3880 5017 αὐ-

2298 5032 2427 5088 τοῦ.
2462 5034 2570 5088 Kal
2594 5035 2777 5101 πάλιν,
2803 5040 2885 5092 ὅτι
2917 5040 3014 5094 ἐὰν
3040 5042 3462 5113 καταφρονήσῃς
3488 5042 3583 5096 τοῦ
3615 5043 3878 5110 πλούτου,

2302 5116 2424 5169 τότε
2464 5118 2631 5171 αὐτοῦ
2670 5122 2951 5194 ἐπιτεύξῃ,
2991 5125 3159 5177 άκουε
3182 5124 3276 5178 τοῦ
3306 5125 3545 5196 Χριστοῦ
3587 5126 3841 5194 λέγοντος
3867 5144 3883 5159 ⁸

2301 5201 2423 5251 Οὐκ
2439 5198 2612 5253 ἐστιν
2640 5201 2709 5268 ὃς
2736 5203 2932 5274 ἀφῆκε
2957 5208 3203 5275 πατέρα,
3234 5208 3273 5277 ἧ
3324 5210 3571 5278 μητέρα,
3595 5210 3633 5277 ἢ
3660 5212 3885 5279 οἰκίαν,

2296 5279 2337 5348 ἢ
2359 5281 2686 5351 ἀδελφοὺς,
2718 5284 2787 5351 ὃς
2805 5288 2942 5358 οὐχί
2965 5290 3569 5348 ἑκατονταπλασίονα
3594 5292 3880 5361 λήψεται,

2297 5364 2396 5417 καί
2448 5362 2601 5433 ζωὴν
2658 5368 2903 5425 αἰώνιον
2955 5374 3421 5445 κληρονομήσει.
3481 5378 3595 5431 Kal
3640 5378 3725 5431 ὅτι
3783 5379 3880 5433 ἐάν

2296 5452 2723 5523 καταφρονήσῃς
2764 5454 2942 5525 δόξης,
2988 5458 3111 5511 τότε
3154 5460 3328 5530 αὐτῆς
3382 5460 3665 5530 ἐπιτεύξῃ,
3719 5462 3883 5517 ἄκουε

2296 5534 2462 5586 αὑτοῦ
2512 5535 2675 5589 πάλιν
2711 5537 2805 5591 τοῦ
2841 5541 3080 5611 Χριστοῦ
3131 5543 3381 5612 λέγοντος
3408 5561 3423 5575 ⁸
3470 5545 3537 5599 '0
3587 5546 3782 5599 θέλων
3818 5548 3885 5602 ἐν

2295 5615 2439 5683 ὑμῖν
2484 5617 2714 5685 εφῶτος
2760 5618 2934 5688 εἴναι,
2977 5626 3135 5680 ἔστω
3176 5626 3343 5695 ὑμῶν
3395 5627 3681 5695 διάκονος
3717 5647 3732 5661 ⁸
3784 5633 3881 5684 καὶ

2296 5698 2481 5762 πάλιν,
2560 5702 2663 5767 Ὃς
2724 5705 2837 5773 γὰρ
2895 5708 2973 5760 ἂν
3019 5710 3359 5780 ταπεινώσῃ
3406 5712 3647 5781 ἑαυτὸν,
3704 5710 3885 5779 οὗττς

2297 5782 2704 5851 ὑψωθήσεται.
2753 5789 2819 5841 Τί
2859 5790 3083 5861 λέγεις;
3131 5794 3226 5849 ἐὰν
3270 5798 3477 5849 ποτίσω
3520 5795 3612 5850 τὸν
3664 5796 3862 5867 ἐχθρὸν
