4060 6402
163 389 273 447 173

159 495 396 556 ratione,
425 496 479 543 et
518 501 582 541 ex
612 482 834 538 matrice
864 486 1110 535 emortua
1136 474 1399 544 senioque
1428 468 1677 527 confecta
1708 476 1765 524 et

157 586 229 640 ad
264 584 563 640 liberorum
602 573 1033 648 procreationem
1069 567 1181 640 ja'm
1218 566 1376 637 plane
1413 563 1585 619 inutili
1634 561 1763 617 dare

78 676 93 749 ξ
163 678 340 734 tilium
365 717 380 740 ,
412 684 467 729 et
493 671 758 727 suscitare
783 666 1022 722 occisum
1058 679 1071 717 :
1099 670 1337 714 attamen
1361 657 1411 711 id
1441 670 1763 728 persuasum

160 769 354 826 habuit
373 786 390 837 ;
419 780 541 822 nam
554 778 673 834 qum
693 765 1043 831 prmcesserat
1064 753 1199 809 ﬁdes
1219 748 1480 806 adfutura
1497 746 1765 804 credenda

162 866 306 917 viam
332 856 575 931 parmat.
605 851 855 923 Alioquin
882 857 1062 903 autem
1088 844 1304 901 videbat
1325 842 1417 899 ille
1444 842 1585 895 bona
1618 840 1765 931 prio-

161 968 224 1009 ra
249 994 264 1018 ,
312 919 538 1005 nmlesta
569 919 763 1001 autem.
783 940 1084 1012 posteriora
1124 945 1180 992 et
1226 936 1279 990 in
1310 940 1610 989 senectute.
1652 919 1765 985 Vos

161 1054 347 1099 autem
374 1082 391 1107 ,
416 1038 623 1110 inquit,
651 1046 841 1092 contra
877 1050 891 1086 :
925 1029 1153 1086 molesta
1175 1026 1389 1082 habetis
1410 1024 1621 1095 prima;
1645 1034 1767 1091 qua:

160 1147 347 1192 autem
381 1135 520 1189 bona
547 1138 693 1196 sunt,
723 1125 936 1182 ultima.
968 1121 1083 1199 iloc
1107 1120 1173 1176 ad
1202 1133 1301 1176 eos
1322 1115 1649 1190 qui.audent
1678 1113 1765 1168 di-

160 1245 288 1287 cere
314 1245 331 1285 :
366 1227 495 1284 Post
524 1231 752 1279 mortem
783 1217 1031 1291 promisit
1061 1215 1217 1271 nobis
1246 1213 1420 1278 bona;
1446 1225 1545 1265 nos
1574 1208 1769 1264 fortas-

160 1340 224 1380 se
250 1323 487 1391 decepit.
521 1316 776 1374 Ostendit
794 1312 937 1384 quod
962 1311 1125 1366 etiam
1146 1322 1215 1363 ex
1245 1305 1475 1362 mortuis
1505 1304 1769 1359 suscitare

165 1423 361 1486 potens
378 1422 465 1468 est
494 1410 636 1465 Deus
660 1424 675 1462 :
706 1406 751 1461 si
773 1415 952 1459 autem
971 1416 1035 1455 ex
1060 1398 1290 1454 mortuis
1309 1396 1571 1452 suscitare
1594 1400 1771 1464 potest

163 1485 330 1568 Deus,
358 1500 582 1557 omnino
609 1496 798 1553 reddet
823 1492 1025 1549 omnia.
1052 1490 1107 1548 Si
1138 1498 1317 1544 autem
1345 1485 1619 1542 Abraham
1641 1492 1770 1539 ante

166 1608 247 1654 tot
280 1610 458 1650 annos
495 1590 725 1648 credidit
774 1585 917 1660 quod
971 1586 1115 1641 Deus
1165 1584 1234 1638 sit
1266 1590 1459 1652 potens
1505 1579 1769 1635 suscitare

162 1707 231 1747 ex
261 1687 494 1745 mortuis
524 1704 538 1740 :
568 1683 740 1739 multo
781 1679 950 1751 magis
992 1692 1090 1733 nos
1135 1675 1188 1731 id
1230 1674 1491 1730 debemus
1519 1671 1766 1728 credere.

169 1782 334 1839 Vides
353 1777 522 1852 quod,
556 1778 693 1832 sicut
716 1774 864 1845 prius
889 1770 1037 1836 dixi,
1067 1782 1217 1823 mors
1246 1766 1487 1822 nondum
1522 1763 1765 1830 intravit,

164 1886 222 1931 rt
246 1889 345 1932 eos
372 1871 555 1928 statim
578 1866 740 1923 traxit
762 1864 815 1920 in
842 1877 993 1935 spem
1022 1858 1457 1926 resurrectionis,
1478 1864 1536 1912 et
1564 1855 1631 1909 ad
1661 1863 1769 1909 tam

164 1979 374 2025 certam
404 1962 632 2019 deduxit
673 1955 1086 2031 persuasionem
1112 1993 1129 2020 ,
1180 1961 1241 2007 ut
1269 1951 1434 2006 etiam
1475 1949 1610 2020 iussi
1642 1942 1772 2003 suo's

167 2069 410 2117 mactare
434 2056 599 2120 filios,
628 2068 693 2109 ex
724 2050 921 2122 quibus
943 2044 1336 2119 exspectabant
1365 2058 1426 2100 se
1452 2042 1773 2113 impleturos

166 2152 358 2207 orbem
391 2156 552 2204 terra:
572 2188 588 2212 ,
615 2142 682 2198 ad
714 2142 764 2197 id
793 2139 1099 2196 faciendum
1136 2135 1308 2208 parati
1340 2134 1573 2191 essent?
1603 2132 1770 2188 Aliud

167 2254 385 2313 quoilue
436 2236 524 2292 hic
575 2233 813 2291 ostendit
861 2246 959 2303 per
1008 2232 1111 2285 hoc
1160 2226 1303 2299 quod
1351 2226 1509 2293 dixit,
1540 2224 1775 2281 Tentavit

168 2335 311 2393 Deus
340 2330 622 2388 Abraham.
666 2326 807 2397 Quid
852 2325 1024 2382 vero?
1060 2322 1417 2379 nesciebatne
1471 2321 1617 2377 Deus
1644 2335 1770 2377 eum

166 2443 293 2485 esse
341 2428 518 2481 virum
558 2422 753 2478 fortem
798 2429 854 2476 et
891 2417 1175 2490 probum?
1219 2414 1439 2477 Sciebat
1468 2423 1636 2471 certe.
1662 2412 1774 2469 Cur

170 2535 303 2593 ergo
328 2534 452 2577 eum
488 2515 752 2580 tentabat,
784 2513 830 2569 si
857 2511 1105 2569 sciebat?
1141 2509 1259 2566 Non
1288 2518 1347 2565 ut
1368 2512 1485 2581 ipse
1513 2508 1771 2577 disceret,

170 2613 267 2671 sed
300 2622 359 2667 ut
382 2610 505 2666 aliis
535 2605 885 2670 ostenderet,
915 2612 969 2659 et
991 2603 1248 2659 onmibus
1278 2604 1620 2658 manifestam
1651 2602 1773 2673 eius

174 2704 430 2762 redderet
455 2700 635 2772 magni
660 2697 827 2754 animi
853 2696 1129 2752 virtutem.
1157 2693 1227 2749 Et
1248 2692 1341 2750 hic
1388 2693 1550 2749 etiam
1582 2703 1771 2750 osten-

164 2785 249 2841 dit
278 2800 497 2841 causam
522 2784 902 2848 teutationum,
922 2794 989 2834 ne
1011 2779 1388 2835 existimarent
1416 2790 1475 2831 se
1500 2786 1774 2842 tamquam

166 2894 197 2933 a
234 2876 353 2935 Deo
375 2876 667 2933 derelictos
706 2875 825 2930 haec
872 2873 1002 2943 pati.
1045 2871 1181 2927 Nam
1228 2870 1317 2926 hic
1354 2868 1574 2940 quidem
1605 2867 1773 2922 etiam

168 2985 401 3028 necesse
424 2978 509 3026 est
538 2969 756 3031 tentari.
788 2966 933 3038 quod
956 2965 1111 3033 multi
1134 2964 1244 3018 sint
1268 2962 1359 3032 qui
1385 2966 1777 3031 persequuntur

167 3073 229 3118 et
257 3062 350 3131 qui
378 3059 702 3115 insidiantur
732 3075 745 3111 :
781 3058 891 3112 illic
929 3065 1110 3111 autem
1154 3068 1277 3124 qua:
1301 3059 1420 3107 erat
1446 3050 1498 3106 ei
1532 3048 1779 3106 πειτδεί-

172 3163 257 3207 tas
290 3167 382 3208 eas
407 3166 529 3221 qum
566 3165 675 3205 non
704 3157 858 3206 erant
878 3147 1184 3219 excogitare
1210 3140 1578 3200 tentationes?
1602 3142 1782 3213 Atque

175 3247 526 3320 perspicuum
552 3243 766 3314 quidem
792 3251 897 3307 est,
946 3238 1089 3312 quod
1134 3237 1251 3293 lucc
1288 3237 1511 3291 tentatio
1535 3232 1695 3290 flebat
1718 3246 1785 3290 eo

168 3340 419 3411 iubente.
460 3335 529 3392 Et
556 3337 677 3393 alia:
717 3334 931 3407 quidem
961 3332 1162 3389 liebant
1186 3346 1253 3388 eo
1274 3329 1638 3401 permittente,
1668 3328 1786 3383 haec

176 3446 361 3490 autent
392 3433 554 3488 etiam
575 3430 821 3501 iubente.
853 3426 910 3484 Si
934 3440 1066 3498 ergo
1095 3424 1232 3480 adeo
1256 3422 1513 3495 probatos
1540 3421 1787 3479 efllciunt

181 3525 534 3587 tentationes,
569 3530 626 3575 ιιι
654 3520 867 3576 etiamsi
899 3534 1006 3574 non
1037 3516 1110 3571 sit
1138 3530 1298 3573 causa
1324 3556 1341 3584 ,
1368 3515 1509 3570 Deus
1538 3528 1666 3569 suos
1692 3527 1788 3569 ex-

177 3626 365 3676 erceat
390 3614 643 3679 athletas,
677 3612 849 3668 multo
874 3610 1044 3680 magis
1065 3623 1167 3665 nos
1196 3609 1375 3663 omnia
1400 3615 1617 3679 oportet
1645 3605 1789 3663 ferre

179 3709 414 3766 fortiter.
442 3707 580 3764 Cum
613 3720 806 3777 magna
826 3713 1009 3759 autem
1042 3700 1289 3791 emphasi
1323 3699 1411 3755 hic
1440 3699 1619 3765 dixit,
1656 3697 1790 3753 Fide

178 3802 364 3857 obtulit
386 3797 566 3866 Isaac,
587 3813 704 3852 rum
722 3804 1005 3851 tentaretur
1031 3810 1051 3849 :
1076 3789 1223 3849 nulla
1250 3793 1394 3848 enim
1422 3799 1540 3847 erat
1569 3790 1675 3846 alia
1701 3789 1788 3846 of-

182 3890 397 3948 ferendi
433 3903 599 3947 causa
629 3902 790 3959 quam
823 3887 957 3942 haec.
1008 3884 1215 3941 Deinde
1241 3882 1567 3940 sententiam
1601 3896 1788 3953 perse-

180 3982 390 4054 quitur.
412 3979 532 4037 Non
563 3989 817 4050 poterat,
867 3976 1081 4048 inquit,
1122 3974 1393 4046 quispiam
1425 3973 1611 4031 dicere
1641 3972 1787 4045 quod

182 4076 354 4132 alium
399 4072 628 4129 haberet
658 4071 825 4128 lilium
854 4110 871 4137 ,
914 4078 970 4125 et
998 4076 1345 4139 exspectaret
1374 4066 1492 4123 fore
1521 4075 1581 4122 ut
1604 4080 1669 4122 ex
1699 4066 1790 4131 illo

185 4167 509 4238 impleretur
534 4164 848 4236 promissio,
875 4171 932 4219 et
955 4160 1080 4217 ideo
1110 4160 1453 4217 confidenter
1478 4174 1603 4216 eam
1628 4159 1789 4215 obtu-

187 4260 333 4315 lerit.
367 4256 437 4312 Et
458 4257 798 4329 unigenitum,
823 4255 1015 4327 inquii,
1031 4252 1198 4323 ﬁlium
1226 4250 1487 4319 offerebat,
1512 4251 1599 4323 qui
1624 4266 1796 4307 susce-

188 4360 332 4423 perat
353 4348 735 4421 promissiones.
754 4346 896 4416 Quid
921 4346 1058 4402 dicis
1085 4344 1457 4416 unigenitum?
1485 4342 1611 4415 quid
1641 4357 1795 4410 vero,

190 4441 389 4499 lsmacl
415 4440 684 4497 uudcnam
712 4440 869 4496 erat?
899 4438 1248 4510 Unigenitum
1277 4436 1422 4505 dico,
1440 4437 1635 4508 inquit,
1650 4423 1795 4508 quod

192 4532 392 4588 attinet
436 4530 505 4587 ad
557 4531 824 4587 rationem
876 4528 1299 4601 promissionis:
1329 4537 1613 4599 propterea
1653 4528 1799 4583 enim

191 4638 321 4679 cum
350 4621 601 4690 dixisset,
630 4621 982 4694 Unigenitmn,
1011 4619 1255 4687 addidit,
1288 4627 1351 4674 ut
1378 4617 1631 4676 ostendat
1653 4617 1801 4690 quod

194 4722 425 4786 propter
451 4712 600 4770 hunc
625 4712 774 4769 dicat
806 4730 820 4767 :
847 4714 930 4767 Ad
970 4728 1121 4783 quem
1169 4711 1365 4767 dictum
1402 4720 1478 4767 est
1510 4727 1529 4765 :
1555 4709 1623 4765 In
1647 4709 1803 4766 Isaac

194 4806 459 4862 vocabitur
488 4805 578 4861 tibi
593 4822 781 4872 semen,
814 4804 917 4861 hoc
944 4813 1045 4871 est,
1075 4818 1142 4860 ex
1175 4803 1314 4873 ipso.
1340 4802 1503 4859 Vides
1523 4801 1803 4875 quomodo

195 4900 500 4958 admiretur
527 4899 673 4969 quod
700 4899 902 4955 factum
947 4906 1033 4955 est
1065 4912 1098 4953 a
1126 4896 1433 4969 patriarcha
1460 4896 1485 4951 ?
1514 4896 1583 4951 In
1606 4895 1761 4951 Isaac
1784 4937 1803 4966 ,

197 4991 399 5049 audivit
427 5031 444 5057 ,
476 4990 741 5045 vocabitur
770 4989 860 5045 tibi
888 5006 1063 5045 nmen
1091 5030 1106 5054 ,
1135 4996 1192 5045 et
1219 4988 1483 5045 oll‘erebat
1507 4987 1675 5043 lilium
1702 4987 1805 5043 ho-

199 5089 383 5143 stiam.
414 5083 621 5141 Deinde
666 5099 736 5140 ne
781 5084 1131 5139 existimaret
1154 5082 1459 5155 quispiam,
1498 5080 1643 5154 quod
1682 5096 1807 5138 cum

200 5179 554 5248 desperasset
581 5176 685 5233 hoc
712 5176 859 5242 facit,
893 5186 946 5232 et
977 5190 1077 5247 per
1105 5174 1209 5231 hoc
1233 5174 1444 5245 iussum
1473 5173 1622 5229 illam
1648 5172 1808 5244 eiecit

205 5271 391 5338 iidem,
418 5268 516 5326 sed
540 5268 779 5325 disceret
802 5267 947 5339 quod
970 5282 1162 5323 revera
1190 5266 1296 5323 hoc
1316 5281 1536 5338 quoque
1556 5265 1630 5321 sit
1657 5264 1809 5335 ﬁdei,

205 5363 344 5420 dicit
370 5362 514 5432 quod
541 5361 687 5417 illam
723 5376 940 5433 quoque
966 5359 1201 5418 habebat
1228 5357 1388 5415 [idem
1418 5400 1435 5426 ,
1472 5372 1803 5430 quamquam

205 5472 332 5513 cum
356 5453 461 5511 hac
495 5454 767 5511 videretur
786 5467 1059 5526 pugnare;
1094 5450 1190 5507 sed
1232 5467 1340 5506 non
1382 5449 1680 5521 pugnabat:
1702 5464 1811 5505 non

209 5545 356 5604 enim
373 5546 624 5601 immanis
652 5545 949 5601 rationibus
969 5543 1291 5599 metiebatur
1310 5541 1403 5598 Dei
1422 5541 1696 5607 virtutem,
1715 5540 1813 5597 sed

207 5639 391 5692 omnia
421 5636 918 5708 permittebatfitlei.
946 5635 1097 5691 Unde
1128 5650 1232 5689 non
1262 5644 1345 5689 est
1369 5634 1572 5689 veritus
1592 5631 1775 5687 dicere
1793 5673 1809 5696 ,

204 5724 350 5799 quod
375 5727 540 5783 etiam
558 5742 623 5781 cx
638 5725 865 5805 mortuis
887 5726 1151 5781 suscitare
1164 5732 1357 5795 potens
1372 5732 1458 5778 est
1477 5720 1638 5777 Deus.
1660 5717 1814 5776 Unde

208 5834 333 5875 eum
355 5827 412 5874 et
440 5820 492 5875 in
514 5819 822 5891 parabolam
841 5818 1071 5890 accepit,
1104 5816 1207 5873 hoc
1228 5826 1332 5885 cst,
1360 5816 1413 5874 in
1437 5814 1687 5874 exemplo
1713 5833 1725 5867 :
1760 5814 1811 5870 in

979 376 1043 432 ΙΝ
1085 368 1303 432 EPIST.
1346 369 1446 427 AD"
1478 360 1842 425 llEBREOS.
1886 358 2143 419 C\P.Xl.
2187 356 2420 414 HOMIL.
2468 352 2639 411 XXV.

1867 473 2062 540 ariete,
2092 470 2286 542 inquit.
2319 462 2650 537 Quomodo?
2675 459 2861 516 Ariete
2886 456 3035 514 enim
3055 495 3071 521 ,
3105 450 3281 524 inquit
3307 490 3324 518 ,
3353 464 3467 505 ma-

1868 573 2015 621 ctato
2047 606 2063 633 ,
2094 564 2184 619 hic
2218 561 2321 617 fuit
2362 556 2564 635 salvus.
2593 551 2958 621 Quamobrem
2988 546 3200 618 accepit
3229 559 3355 601 eum
3379 557 3479 613 per

1866 656 2118 720 arietant,
2147 661 2208 710 ut
2232 652 2321 724 qui
2346 649 2491 706 hunc
2510 642 2615 718 pro
2643 645 2737 700 illo
2768 642 3111 724 "iactaverit.
3139 638 3266 693 Haec
3292 643 3477 690 autem

1870 757 2025 804 erant
2050 719 2266 818 quidam
2298 736 2412 816 typi
2439 757 2456 796 :
2486 738 2575 795 hic
2592 735 2736 794 enim
2757 746 2842 791 est
2866 719 3037 790 Filius
3065 731 3157 786 Dei
3189 736 3475 785 mactatus.

1870 839 1998 896 Mihi
2049 849 2228 894 autem
2281 834 2565 907 considera
2614 837 2814 900 quanta
2858 827 2933 882 sit
2972 824 3295 894 benignitas.
3343 818 3479 877 Nam

1872 932 2128 1003 quoniam
2162 926 2470 984 hominibus
2494 921 2743 994 quaedam
2774 933 2968 989 magna
2992 924 3113 973 erat
3146 913 3324 970 danda
3354 927 3481 983 gra-

3357 343 3466 401 ηι

1877 1023 1970 1089 tia,
1992 1023 2183 1078 volens
2211 1019 2265 1076 id
2290 1034 2399 1074 non
2429 1017 2608 1073 facere
2633 1029 2702 1071 ex
2729 1012 2926 1084 gratia,
2953 1008 3049 1066 sed
3079 1017 3355 1084 tamquam
3381 1004 3482 1060 de-

1874 1114 2017 1169 bitor
2045 1153 2062 1180 ,
2100 1112 2269 1169 efficit
2296 1109 2531 1181 primum
2572 1117 2631 1162 ut
2667 1106 2830 1159 homo
2868 1102 2965 1159 det
2989 1115 3148 1156 suum
3181 1098 3352 1155 ﬁlium
3384 1113 3483 1170 pro

1874 1207 2078 1278 placito
2124 1204 2217 1261 Dei
2249 1244 2265 1271 ,
2307 1210 2368 1259 ut
2397 1200 2529 1256 nihil
2555 1198 2830 1254 videretur
2856 1208 3108 1265 magnum
3138 1192 3313 1247 facere
3340 1190 3480 1246 dans

1879 1299 2073 1355 Filium
2096 1312 2277 1364 suum,
2309 1292 2581 1366 siquidem
2610 1300 2737 1346 ante
2766 1303 2891 1345 eum
2920 1287 3086 1342 homo
3106 1284 3210 1341 hoc
3237 1283 3389 1351 fecit,
3414 1298 3486 1339 ne

1882 1390 2286 1447 existimaretur
2314 1387 2417 1442 hoc
2445 1386 2626 1442 facere
2649 1398 2719 1439 ex
2747 1380 2920 1454 gratia
2950 1378 3128 1434 solum
3149 1418 3165 1444 ,
3196 1375 3292 1433 sed
3319 1375 3484 1432 etiam

1882 1497 1950 1537 ex
1992 1479 2198 1535 debito.
2226 1478 2359 1533 Nam
2388 1489 2523 1547 quos
2548 1473 2843 1545 diligimus,
2866 1470 2972 1526 hoc
2996 1482 3210 1540 quoque
3237 1467 3490 1522 volumus

1880 1574 1960 1630 eis
1980 1572 2203 1637 donare,
2241 1577 2301 1624 ut
2320 1568 2599 1623 videamur
2611 1564 2681 1621 ab
2700 1565 2765 1619 iis
2783 1564 2931 1634 prius
2946 1559 3266 1631 consequuti
3287 1556 3493 1630 aliquid

1882 1666 2134 1735 exiguum
2160 1704 2175 1730 ,
2224 1661 2305 1717 sic
2362 1660 2441 1716 eis
2483 1667 2656 1714 totum
2685 1656 2862 1722 dare;
2891 1663 2948 1710 et
2986 1654 3157 1725 magis
3198 1651 3494 1723 gloriemur

1885 1755 2028 1829 quod
2059 1752 2452 1825 acceperimus,
2469 1764 2630 1822 quam
2652 1748 2796 1820 quod
2825 1746 3172 1810 dederimus;
3197 1752 3254 1800 et
3273 1758 3381 1798 non
3412 1741 3498 1797 di-

1887 1851 2085 1913 cimus,
2118 1846 2232 1902 Hoc
2257 1845 2306 1901 ei
2336 1842 2608 1907 dedimus,
2636 1840 2754 1907 sed,
2782 1838 2897 1895 Hoc
2920 1838 2990 1893 ab
3016 1838 3135 1908 ipso
3155 1834 3490 1906 accepimus.

1892 1940 2041 1997 Unde
2065 1947 2115 1995 et
2138 1954 2287 2004 eum,
2320 1934 2528 2007 inquit,
2559 1933 2755 2006 accepit
2802 1932 2858 1986 in
2894 1930 3144 2002 parabola
3169 1971 3186 1996 ,
3230 1929 3338 1985 hoc
3362 1936 3449 1985 est
3477 1968 3496 1995 ,

1892 2044 2166 2105 tamquam
2197 2031 2252 2086 in
2280 2029 2569 2100 aenigmate
2602 2044 2617 2081 :
2648 2034 2767 2082 erat
2803 2024 2951 2080 enim
2993 2023 3139 2078 aries
3194 2022 3361 2078 veluti
3393 2036 3495 2092 pa-

1893 2127 2077 2183 rabola
2119 2133 2214 2179 aut
2263 2119 2563 2178 similitudo
2598 2119 2751 2175 Isaae
2782 2134 2796 2173 :
2824 2125 2916 2172 aut
2953 2115 3119 2173 veluti
3168 2114 3222 2170 in
3266 2122 3395 2188 typo
3433 2128 3501 2170 ac

1887 2219 2076 2291 ﬁgura.
2121 2216 2255 2273 Nam
2317 2216 2581 2289 quoniam
2632 2213 2917 2269 voluntate
2974 2209 3143 2267 animi
3198 2209 3499 2281 perfectum

1887 2311 2058 2367 fuerat
2088 2310 2416 2368 sacrificium
2457 2318 2513 2366 et
2552 2308 2767 2365 occisus
2807 2304 2996 2375 lsaac,
3036 2311 3342 2376 propterea
3368 2316 3497 2360 eam

1892 2403 2057 2459 donat
2089 2401 2430 2474 patriarchas.

1955 2488 2011 2550 Ξ.
2046 2494 2209 2551 Vides
2237 2493 2342 2549 hoc
2384 2506 2526 2550 nunc
2554 2505 2769 2565 quoque
2798 2486 3055 2557 ostendi,
3080 2486 3227 2560 quod
3268 2502 3493 2559 semper

1886 2587 2041 2645 dico?
2067 2587 2203 2643 Cum
2227 2588 2370 2644 enim
2400 2596 2637 2642 mentem
2669 2592 2912 2641 nostram
2943 2583 3355 2640 exhibuerimus
3378 2597 3503 2654 per-

1888 2678 2106 2748 lectam,
2134 2688 2191 2736 et
2219 2677 2621 2734 ostenderimus
2648 2691 2752 2733 nos
2780 2690 2870 2733 res
2892 2684 3140 2732 terrenas
3174 2674 3460 2746 despicere
3481 2715 3506 2744 ,.

1891 2782 2021 2828 tunc
2040 2786 2259 2843 quoque
2288 2771 2448 2827 nobis
2474 2769 2642 2825 donat
2666 2783 2757 2824 res
2781 2777 3033 2824 terrenas
3058 2808 3072 2830 .
3101 2775 3158 2823 et
3187 2782 3293 2823 non
3324 2774 3452 2822 ante
3475 2806 3496 2834 ,

1892 2880 1965 2922 ne
2010 2873 2292 2936 acceptum
2338 2863 2544 2919 donum
2593 2876 2693 2918 nos
2745 2869 2979 2917 terrems
3025 2859 3284 2937 alligatos.
3329 2856 3505 2929 magis

1894 2960 2077 3015 adhuc
2105 2958 2308 3030 alliget.
2337 2957 2500 3014 Solve
2535 2965 2609 3022 te,
2655 2954 2858 3026 inquit,
2886 2946 3119 3026 primum
3149 2967 3182 3007 a
3212 2952 3503 3017 servitute.

1889 3062 1946 3109 et
1972 3062 2100 3108 tunc
2142 3051 2368 3121 accipe,
2399 3060 2459 3105 ut
2500 3064 2609 3105 non
2663 3045 2897 3117 amplius
2938 3044 3175 3116 accipias
3222 3052 3499 3115 tamquam

1895 3157 2087 3200 servus
2111 3184 2127 3212 ,
2156 3141 2251 3199 sed
2281 3151 2554 3212 tamquam
2593 3138 2848 3194 dominus
2877 3154 2891 3191 :
2923 3135 3143 3207 despice
3168 3134 3420 3199 divitias,
3446 3142 3505 3191 et

1893 3237 2003 3293 eris
2029 3234 2217 3299 dives;
2237 3232 2459 3304 despice
2480 3231 2735 3304 gloriam,
2754 3238 2811 3285 et
2826 3226 2937 3284 eris
2956 3227 3257 3300 gloriosus;
3282 3225 3507 3296 despice

1893 3328 2153 3384 ultionem
2185 3326 2529 3381 inimicorum
2550 3366 2566 3391 ,
2606 3331 2664 3379 et
2709 3331 2836 3377 tunc
2866 3336 2986 3378 eam
3017 3320 3362 3392 assequeris;
3408 3320 3507 3377 de-

1892 3420 2042 3489 spice
2065 3419 2302 3490 quietem
2324 3426 2379 3474 et
2397 3416 2800 3479 remissionem,
2827 3424 2884 3470 et
2914 3421 3045 3469 tunc
3069 3428 3189 3468 eam
3217 3413 3453 3483 ac¢ipies
3486 3429 3501 3467 :

1894 3520 1954 3567 nt
1972 3526 2093 3568 cum
2116 3509 2412 3581 acceperis,
2436 3522 2544 3563 non
2570 3519 2844 3580 tamquam
2864 3505 3077 3562 vinctus
3104 3520 3224 3562 eam
3242 3506 3502 3575 accipias.

1895 3618 2072 3674 neque
2102 3611 2373 3674 tamquam
2410 3614 2601 3657 servus
2627 3640 2643 3668 ,
2690 3598 2788 3655 sed
2832 3607 3107 3669 tamquam
3155 3597 3315 3653 liber.
3350 3597 3510 3653 Sicut

1894 3696 2039 3752 enim
2072 3698 2122 3750 in
2151 3694 2331 3766 parvis
2360 3692 2565 3765 pueris,
2592 3692 2812 3763 quando
2830 3706 2966 3763 puer
2981 3691 3202 3763 quidem
3231 3691 3509 3749 desiderat

1898 3789 2104 3845 ludicra
2136 3787 2362 3859 puerilia
2387 3829 2403 3854 ,
2438 3801 2671 3858 propere
2715 3785 3010 3841 admodum
3058 3800 3123 3842 ea
3170 3786 3511 3842 occultamus

1899 3892 1959 3939 ut
1983 3881 2202 3954 globum
2243 3890 2299 3936 et
2336 3890 2533 3936 czetera
2584 3878 2892 3949 huiusmodi
2919 3920 2935 3945 ,
2986 3893 3056 3936 ne
3111 3878 3438 3949 impediatur
3476 3893 3511 3935 a

1898 3974 2223 4032 necessariis
2254 3991 2269 4027 :
2298 3971 2515 4044 quando
2541 3980 2726 4027 autem
2753 3985 2818 4026 ea
2843 3968 3077 4041 despicit
3104 4009 3122 4035 ,
3166 3976 3223 4025 et
3253 3984 3361 4024 non
3389 3984 3512 4023 am-

1899 4068 2044 4140 plius
2067 4079 2133 4120 ea
2158 4063 2454 4130 desiderat,
2492 4062 2597 4133 ipsi
2623 4076 2689 4117 ea
2718 4076 2914 4117 secure
2942 4060 3305 4132 impertimur,
3336 4070 3395 4116 ut
3418 4062 3513 4131 qui

1903 4162 2141 4219 sciamus
2177 4161 2307 4218 inde
2347 4158 2555 4216 nullam
2599 4157 2863 4228 deinceps
2886 4153 2939 4211 ei
2968 4168 3091 4210 esse
3118 4166 3349 4216 noxam,
3394 4164 3521 4206 cum

1906 4253 2039 4311 illud
2064 4252 2395 4310 desiderium
2428 4264 2536 4306 non
2563 4248 2801 4319 amplius
2830 4245 3005 4319 possit
3030 4260 3156 4300 eum
3189 4242 3463 4298 abducere
3486 4255 3522 4299 a

1909 4344 2240 4401 necessariis
2274 4361 2289 4397 :
2318 4342 2394 4398 ita
2434 4342 2582 4397 Deus
2613 4353 2833 4411 quoque
2874 4352 2999 4392 cum
3042 4335 3244 4391 viderit
3283 4348 3383 4389 nos
3411 4348 3519 4389 non

1906 4436 2140 4507 amplius
2166 4449 2366 4505 cupere
2394 4448 2516 4505 quae
2547 4431 2634 4488 hic
2658 4439 2807 4496 sunt,
2839 4438 2967 4484 tunc
2992 4427 3124 4484 sinit
3151 4441 3252 4482 nos
3280 4426 3361 4482 eis
3388 4427 3466 4481 uti
3500 4440 3517 4483 :

1908 4542 1973 4582 ea
1998 4526 2143 4582 enim
2172 4525 2435 4581 habemus
2462 4534 2737 4594 tamquam
2775 4519 2932 4577 liberi
2963 4528 3020 4575 et
3058 4517 3160 4574 viri
3186 4561 3199 4585 ,
3243 4533 3351 4574 non
3383 4528 3525 4574 tam-

1908 4632 2069 4690 quam
2096 4616 2269 4687 pueri.
2296 4615 2431 4671 Nam
2455 4613 2623 4687 quod,
2645 4613 2691 4669 si
2717 4611 3113 4683 contempseris
3140 4611 3397 4666 ultionem
3428 4624 3521 4665 su-

1911 4726 2063 4768 mere
2090 4709 2160 4767 de
2187 4709 2443 4777 inimicis,
2476 4718 2605 4765 tunc
2632 4707 2941 4778 assequeris
2963 4746 2980 4773 ,
3012 4703 3137 4760 audi
3165 4702 3292 4775 quid
3324 4702 3472 4758 dicat
3502 4718 3518 4758 :

1912 4804 1975 4862 Si
2001 4805 2160 4860 esurit
2190 4812 2308 4859 tuus
2332 4803 2602 4869 inimicus,
2629 4802 2742 4856 ciba
2781 4801 2931 4855 illum
2958 4816 2977 4855 :
3005 4798 3052 4854 si
3080 4798 3221 4863 sitit,
3252 4796 3321 4850 da
3347 4796 3395 4849 ei
3419 4811 3520 4867 po.

1912 4905 2017 4952 tum
2035 4913 2055 4964 ;
2083 4905 2138 4953 et
2160 4894 2460 4965 subiunxit.
2490 4892 2607 4949 Hoc
2626 4894 2759 4949 enim
2782 4892 2997 4964 faciem,
3018 4905 3261 4961 congeras
3278 4888 3525 4943 carbones

1910 5003 2067 5056 super
2090 4994 2246 5057 caput
2271 4986 2383 5057 ejus
2413 4984 2592 5054 (Rom.
2624 4983 2712 5040 12.
2760 4982 2878 5055 20).
2912 4981 2981 5037 Et
3018 4995 3210 5037 rursus
3253 4978 3402 5051 quod
3424 5020 3439 5045 ,
3472 4977 3522 5034 si

1910 5077 2231 5151 despexeris
2264 5076 2504 5144 divitias,
2538 5084 2667 5132 tunc
2696 5090 2789 5131 cas
2824 5073 3136 5145 assequeris
3156 5114 3173 5140 ,
3203 5071 3331 5127 audi
3357 5069 3524 5127 Chri-

1908 5183 2053 5230 stum
2081 5174 2355 5230 dicentcm
2384 5188 2401 5227 :
2433 5171 2618 5227 Omnis
2639 5171 2730 5242 qui
2754 5168 3019 5240 reliquerit
3049 5176 3265 5237 patrem,
3294 5174 3385 5220 aut
3412 5182 3525 5219 ma-

1909 5276 2059 5336 trem,
2090 5277 2179 5322 aut
2206 5267 2417 5322 domum
2441 5306 2457 5333 ,
2486 5273 2576 5318 aut
2604 5268 2816 5334 fratres,
2848 5261 3148 5332 centuplum
3190 5258 3441 5327 accipiet,
3475 5264 3525 5310 et

1908 5362 2066 5415 vitam
2089 5368 2337 5415 (sternam
2363 5356 2643 5427 possidebit
2672 5352 2896 5424 (blattis.
2920 5352 3011 5409 i9.
3037 5348 3156 5420 29).
3188 5349 3256 5406 Et
3280 5348 3449 5420 quod,
3476 5347 3525 5404 si

1908 5452 2227 5524 despexeris
2252 5449 2506 5521 gloriam,
2530 5455 2662 5503 tunc
2685 5461 2807 5503 eam
2832 5442 3165 5515 assequeris,
3192 5440 3319 5496 audi
3344 5440 3525 5511 ipsum

1909 5557 2099 5598 rursus
2114 5541 2389 5598 Christum
2412 5538 2707 5604 dicentem,
2736 5536 2837 5605 Qui
2862 5536 2970 5591 vult
2998 5535 3131 5589 inter
3159 5548 3247 5587 eos
3276 5547 3383 5587 esse
3411 5531 3525 5602 pri-

1910 5651 2045 5702 mus,
2072 5634 2137 5689 sit
2161 5642 2323 5689 vester
2345 5632 2597 5697 minister;
2624 5640 2680 5686 et
2701 5642 2911 5695 rursus,
2939 5626 3044 5695 Qui
3071 5642 3127 5681 se
3154 5624 3523 5689 huntiliaoerit,

1908 5726 2219 5783 cxaltabitur
2265 5724 2496 5797 (Matth.
2550 5722 2643 5779 20.
2674 5720 2770 5778 26.
2811 5730 2860 5776 et
2890 5719 2983 5776 25.
3026 5716 3143 5789 η).
3182 5716 3322 5787 Quid
3352 5715 3525 5772 dicis?

1909 5822 1955 5878 si
1975 5820 2045 5878 do
2069 5829 2259 5892 putum
2294 5819 2519 5877 inimico
2544 5860 2559 5887 ,
2593 5826 2724 5874 tunc
2766 5830 2891 5873 cum
2932 5812 3137 5886 punio?
3165 5812 3209 5868 si
3236 5810 3524 5868 facultates
