4060 6404
615 348 719 406 178

612 443 891 504 dimisero.
926 448 1054 495 tunc
1080 452 1174 507 ero
1188 436 1469 494 excelsus?
1488 436 1532 489 si
1558 449 1646 490 me
1669 432 2043 495 bumiliavero,
2068 440 2194 485 tunc

611 533 933 591 essitabor?
958 532 1205 597 Maxime,
1228 529 1442 600 inquit:
1474 543 1537 584 ea
1568 536 1652 583 est
1679 527 1823 583 enim
1854 540 1973 582 mea
2000 533 2195 597 poten-

613 626 705 692 tia,
739 633 797 680 ut
826 625 1093 680 contraria
1124 622 1389 693 praebeam
1417 636 1513 691 per
1541 620 1807 675 contraria
1839 635 1854 673 :
1887 632 2005 673 sum
2038 618 2192 673 locu-

608 718 725 787 ples
749 726 803 773 et
826 715 893 772 ad
933 730 1022 772 res
1050 712 1284 785 agendas
1326 712 1500 768 solers
1530 728 1544 768 :
1573 725 1642 766 ne
1668 710 1859 765 timeas
1892 725 1907 762 :
1938 708 2190 763 volunta-

610 818 718 864 tem
760 823 930 864 meam
962 808 1206 876 sequitur
1244 820 1425 861 rerum
1456 814 1678 871 natura,
1724 817 1829 857 non
1857 816 1958 871 ego
1995 815 2191 870 sequor

607 910 851 955 naturam
896 914 1043 970 :ego
1084 898 1263 953 omnia
1306 911 1536 967 operor,
1588 909 1693 949 non
1735 894 1805 948 ab
1854 893 1959 948 illis
2006 906 2187 964 agor:

607 992 953 1062 qusinobrem
976 1004 1077 1060 ego
1102 1004 1195 1045 eas
1218 1002 1434 1059 possum
1466 995 1825 1043 transmutare
1843 992 1899 1039 et
1921 982 2186 1038 transfero

606 1100 773 1142 mare.
801 1083 866 1139 Et
895 1083 1022 1154 quid
1068 1082 1305 1148 miraris,
1334 1080 1380 1135 si
1409 1079 1577 1134 in‘his
1612 1078 1669 1132 ﬁt
1698 1076 1841 1133 tale?
1880 1076 1983 1131 hoc
2008 1075 2184 1147 ipsum

605 1175 747 1233 enim
780 1173 1023 1230 invenies
1052 1173 1213 1228 etiam
1240 1172 1293 1225 in
1316 1170 1436 1224 aliis
1465 1166 1735 1223 omnibus.

679 1264 779 1332 Qui
799 1264 1105 1318 contumelia
1148 1260 1299 1332 ajﬁcit
1319 1300 1335 1324 ,
1366 1260 1478 1329 ipse
1512 1256 1819 1311 contumelia
1843 1256 2079 1326 afﬁcitur.
2114 1285 2184 1297 —

604 1354 661 1411 Si
694 1355 941 1426 injuriam
974 1352 1159 1417 facias,
1196 1350 1420 1406 allectus
1458 1362 1519 1405 es
1562 1348 1753 1419 injuria
1791 1363 1811 1401 :
1844 1348 1891 1403 si
1933 1346 2074 1411 facta
2100 1354 2184 1403 est

605 1452 698 1507 tibi
727 1452 919 1519 injuria
945 1492 961 1516 ,
1010 1459 1134 1506 tunc
1177 1465 1282 1504 non
1327 1464 1386 1505 es
1432 1448 1625 1517 injuria
1655 1448 1878 1503 allectus
1907 1463 1922 1500 :
1955 1446 1999 1501 si
2039 1446 2181 1501 ultus

603 1544 933 1608 fueris;tunc
957 1558 1063 1598 non
1090 1550 1170 1597 est
1198 1541 1339 1595 ultus
1362 1581 1379 1608 ,
1407 1539 1501 1595 sed
1536 1538 1763 1609 teipsum
1796 1552 1855 1593 es
1884 1537 2045 1591 uitus.
2082 1536 2184 1602 Qui

601 1634 769 1694 enim,
795 1633 966 1703 inquit
988 1675 1004 1699 ,
1046 1632 1213 1704 diligit
1256 1632 1608 1699 iniquitatem,
1651 1629 1758 1682 odit
1786 1628 2010 1682 animam
2038 1642 2183 1683 suam

604 1723 765 1798 (Prov
811 1724 900 1781 29.
948 1723 1065 1796 24).
1101 1722 1266 1780 Vides
1307 1724 1447 1794 quod
1492 1737 1596 1777 non
1626 1722 1815 1790 injuria
1844 1718 2044 1783 aflicis,
2087 1719 2180 1774 sed

604 1816 797 1885 injuria
827 1816 1050 1873 aliectus
1092 1816 1191 1872 es?
1236 1816 1523 1885 Propterea
1565 1813 1695 1869 dicit
1736 1814 1897 1869 etiam
1937 1811 2131 1867 Paulus
2165 1828 2181 1865 :

606 1906 781 1972 Quare
820 1924 921 1963 non
967 1909 1129 1977 magis
1168 1906 1409 1978 iujuriam
1451 1905 1680 1973 accipitis
1722 1903 1798 1977 (Ι.
1830 1903 1951 1958 Cor.
1990 1901 2043 1959 6.
2088 1897 2186 1973 7)?

603 1996 797 2053 Vidisti
834 1998 977 2068 quod
1004 1996 1108 2054 hoc
1131 2013 1236 2052 non
1263 1998 1334 2052 sit
1358 1995 1549 2067 injuria
1577 1994 1758 2051 sflici?
1785 1994 2012 2065 Quando
2048 2009 2187 2051 con-

604 2087 817 2143 tumelia
839 2086 1104 2153 aﬁ‘eceris,
1129 2096 1257 2142 tunc
1282 2084 1505 2142 slfectus
1530 2101 1590 2142 es
1614 2086 1959 2142 contumelia.
1993 2084 2061 2140 Et
2082 2083 2187 2141 hoc

601 2192 670 2234 ex
702 2185 849 2247 parte
873 2178 1050 2233 sciunt
1076 2176 1228 2232 multi
1267 2196 1283 2234 :
1313 2187 1371 2232 ut
1417 2176 1633 2248 quando
1676 2175 1863 2231 dicunt
1906 2176 2047 2232 inter
2078 2189 2181 2231 se:

603 2266 739 2324 Hine
768 2266 1146 2331 discedamus,
1190 2283 1258 2323 ne
1304 2267 1537 2337 teipsum
1582 2264 1787 2321 afﬁcias
1833 2265 2181 2321 contumelia.

602 2358 1003 2427 Quamobrem?
1031 2357 1294 2427 Quoniam
1340 2359 1564 2414 multum
1597 2358 1822 2415 interest
1848 2359 1986 2413 inter
2008 2368 2059 2413 te
2082 2400 2097 2425 ,
2127 2366 2184 2413 et

602 2450 797 2506 illum:
841 2464 962 2505 nam
1009 2452 1451 2520 quantiscumque
1492 2449 1738 2505 aﬂeceris
1782 2449 2122 2505 contumeliis
2147 2450 2187 2516 ,'

599 2539 694 2595 ille
715 2538 939 2610 gloriam
965 2540 1254 2595 existimat.
1291 2539 1401 2594 Hoc
1431 2541 1483 2594 in
1514 2539 1763 2595 omnibus
1787 2540 2103 2609 cogitemus,
2125 2548 2183 2597 et

599 2629 938 2687 contumeliis
988 2630 1265 2687 evadimus
1313 2633 1638 2702 superiores.
1694 2631 2018 2701 Quomodo?
2062 2633 2179 2706 Ego

599 2722 721 2778 dico
751 2742 764 2776 :
796 2722 851 2778 Si
873 2731 956 2779 est
982 2723 1135 2778 nobis
1166 2738 1339 2795 pugna
1366 2724 1622 2781 adversus
1646 2740 1769 2779 eum
1798 2725 1968 2795 ipsum
1986 2726 2180 2795 quiest

598 2812 815 2867 indutus
862 2827 1095 2882 purpura
1122 2854 1140 2879 ,
1185 2828 1309 2869 cum
1349 2814 1671 2869 contumelia
1718 2830 1842 2871 eum
1887 2815 2176 2885 ofﬁcimus,

598 2904 971 2959 existimamus
1011 2919 1109 2959 nos
1150 2906 1297 2974 ipsos
1344 2906 1542 2975 injuria
1588 2905 1848 2962 afﬁcere:
1882 2922 2006 2963 nam
2057 2906 2178 2963 ideo

599 2994 745 3065 digni
762 3009 944 3050 sumus
972 2996 1061 3065 qui
1086 2996 1283 3065 probro
1297 2996 1615 3054 afﬁciantur.
1635 2997 1771 3066 Quid
1790 2998 1945 3064 dicis,
1968 3000 2178 3070 quaeso?

597 3102 720 3143 cum
751 3087 826 3142 sis
850 3087 984 3143 civis
1010 3087 1287 3155 caelorum,
1312 3096 1370 3143 et
1394 3103 1680 3158 supernam
1712 3088 1913 3146 habeas
1942 3089 2181 3160 philoso-

598 3179 802 3249 phiam,
831 3194 953 3235 cum
976 3194 1041 3234 eo
1069 3181 1158 3250 qui
1186 3195 1272 3236 res
1299 3189 1540 3236 terrenas
1558 3193 1736 3237 mente
1757 3184 1940 3251 agitat,
1968 3184 2179 3253 probris

599 3269 825 3338 teipsutu
873 3269 1123 3340 appetis?
1171 3268 1303 3325 Nam
1349 3272 1556 3326 etiamsi
1605 3273 1859 3337 pecunias
1905 3274 2179 3345 possideat

596 3358 1034 3426 innumerabiles,
1066 3367 1119 3413 et
1147 3359 1218 3413 sit
1246 3361 1299 3414 in
1328 3361 1627 3431 principatu
1649 3374 1705 3418 et
1732 3373 2014 3434 potestate,
2042 3380 2177 3421 non-

595 3449 722 3504 dum
753 3460 927 3504 tamen
958 3450 1059 3504 scit
1095 3450 1292 3505 bonum
1338 3462 1509 3507 tuum.
1557 3451 1677 3508 Noli
1709 3453 1936 3524 teipsum
1976 3464 2168 3511 contu-

596 3538 752 3595 melia
775 3538 1011 3607 afﬁcere,
1033 3540 1177 3596 illum
1206 3540 1445 3601 alliciens
1468 3544 1793 3599 contumelia
1824 3561 1838 3599 :
1872 3544 1967 3599 tibi
1990 3553 2171 3615 parce,

594 3644 701 3684 non
730 3629 803 3685 illi
836 3647 851 3685 :
880 3631 1108 3699 telpsum
1138 3630 1365 3698 honora,
1399 3648 1504 3687 non
1538 3634 1707 3689 illum.
1740 3635 1930 3691 Annon
1958 3645 2042 3692 est
2070 3638 2171 3692 hu-

588 3720 823 3791 jusmodi
853 3720 1188 3791 proverbium
1220 3740 1234 3776 :
1262 3722 1363 3792 Qui
1388 3725 1637 3792 honorat,
1660 3726 1895 3799 seipsum
1917 3726 2166 3784 honorat.

591 3815 661 3870 Et
700 3814 893 3869 merito
925 3831 938 3869 :
967 3829 1073 3869 non
1101 3820 1245 3871 enim
1294 3816 1443 3871 illum
1485 3816 1733 3881 honorat.
1783 3819 1879 3875 sed
1909 3820 2169 3889 seipsum.

591 3904 730 3961 Audi
757 3904 1040 3975 quemdam
1067 3907 1362 3975 sapientem
1391 3906 1655 3967 dicentem
1688 3927 1704 3969 :
1731 3908 1843 3964 Fac
1865 3912 2052 3966 anima
2071 3921 2171 3967 tua

590 3995 831 4048 honorem
868 3996 1023 4062 juxta
1053 3996 1165 4067 ejus
1190 3996 1490 4069 dignitatem
1520 4001 1538 4068 (
1563 4000 1724 4055 Eccli.
1758 4002 1847 4057 10.
1876 4002 1937 4058 3i
1952 4003 1991 4073 ).
2029 4002 2168 4070 Quid

588 4093 695 4147 cst,
727 4080 890 4142 Juxta
918 4086 1028 4154 ejus
1069 4086 1364 4154 dignitatem
1382 4088 1407 4140 .’
1430 4088 1487 4144 Si
1518 4105 1611 4157 per
1638 4091 1917 4145 avaritiam
1949 4091 2169 4147 frauda-

602 4170 697 4231 vit,
726 4176 783 4224 tu
814 4184 891 4224 ne.
918 4168 1167 4236 frsudes;
1210 4172 1255 4226 si
1299 4171 1476 4229 slfecit
1500 4176 1851 4243 contumelia,
1889 4194 1958 4234 ne
1983 4190 2179 4236 contu-

601 4260 757 4314 melia
785 4258 1006 4314 anicias.
1036 4260 1132 4312 Dic
1159 4262 1309 4327 mihi,
1340 4279 1545 4334 qumso,
1572 4266 1616 4320 si
1636 4266 1754 4336 quis
1781 4283 1981 4341 pauper
2006 4271 2175 4329 lutum

596 4349 778 4419 jacens
822 4364 855 4405 e
896 4362 989 4404 tua
1019 4350 1137 4407 aula
1183 4354 1484 4424 acciperet,
1515 4371 1639 4410 num
1654 4369 1927 4428 propterea
1945 4376 2067 4418 eum
2083 4379 2179 4421 vo-

599 4454 751 4496 cares
781 4440 833 4494 in
864 4439 1163 4509 judicium?
1192 4442 1555 4515 Nequaquam.
1591 4448 1809 4517 Quare?
1845 4450 1922 4507 Ne
1948 4462 2000 4509 te
2027 4468 2158 4509 con-

598 4529 813 4584 tumelia
842 4528 1064 4596 afﬁcias,
1092 4547 1159 4588 ne
1187 4540 1239 4587 te
1262 4547 1453 4590 omnes
1481 4535 1859 4593 condcmnent.
1894 4539 2006 4597 iloc
2032 4558 2175 4600 nunc

595 4633 810 4690 quoque
833 4618 888 4675 ﬁt
919 4638 934 4675 :
963 4620 1120 4677 dives
1147 4623 1291 4678 enim
1318 4633 1398 4680 est
1424 4640 1625 4697 panper
1643 4670 1658 4693 ,
1687 4638 1743 4683 et
1762 4645 1867 4699 quo
1888 4641 1971 4687 est
1989 4633 2171 4702 ditior,

593 4729 662 4770 eo
690 4714 858 4786 magis
888 4730 1010 4771 vera
1037 4716 1245 4772 laborat
1274 4728 1604 4788 paupertate.
1636 4720 1829 4777 Lutum
1849 4734 1933 4779 est
1956 4740 2169 4795 aurum,

595 4803 649 4859 in
673 4804 793 4860 aula
817 4805 1028 4875 jacens,
1056 4820 1161 4862 non
1190 4809 1335 4863 domi
1360 4818 1462 4863 tute
1482 4811 1644 4867 situm
1679 4831 1692 4869 :
1718 4814 1906 4869 celum
1924 4816 2065 4872 enim
2089 4827 2174 4875 est

596 4892 792 4951 domus
812 4903 919 4950 tua.
938 4895 993 4953 Si
1018 4905 1295 4967 propterea
1320 4913 1449 4969 ergo
1479 4901 1621 4957 litem
1652 4918 1867 4960 moveas
1896 4913 1950 4962 et
1970 4906 2174 4977 judicio

596 4985 910 5053 contendas,
928 5001 1110 5044 annon
1134 4995 1185 5044 te
1202 4988 1629 5048 condemnabunt
1647 4996 1861 5065 superni
1881 4997 2024 5053 cives
2039 4998 2063 5052 ?
2077 5014 2174 5056 au-

595 5090 700 5131 non
721 5076 936 5146 ejicient
960 5091 1011 5136 te
1031 5098 1061 5135 e
1083 5095 1177 5136 sua
1201 5082 1389 5152 patria,
1413 5083 1581 5153 quies
1606 5085 1739 5141 adeo
1773 5086 2010 5156 humilis,
2034 5090 2171 5149 adeo

590 5164 715 5220 vilis
743 5176 797 5222 et
831 5169 1067 5237 abjectus
1087 5212 1103 5237 ,
1133 5179 1189 5226 ut
1219 5187 1316 5243 pro
1341 5174 1551 5231 modico
1580 5174 1690 5231 luto
1734 5177 1867 5234 velis
1893 5185 2171 5251 pugnare?

590 5255 723 5313 Nam
764 5257 811 5312 si
843 5259 1073 5317 mundus
1118 5274 1260 5319 esset
1304 5274 1441 5329 tuus.
1488 5265 1683 5324 deinde
1710 5272 2026 5341 sumpsisset
2063 5274 2168 5331 ali-

589 5348 709 5417 quis
738 5354 879 5414 eum,
914 5352 1151 5407 converti
1180 5355 1349 5425 magis
1372 5366 1664 5428 Oporteret.

657 5440 711 5496 5.
740 5441 926 5498 Nescis
952 5444 1094 5512 quod
1125 5444 1174 5501 si
1204 5446 1385 5503 decies
1411 5452 1654 5520 posueris
1680 5452 1865 5510 orbem
1888 5463 2046 5513 terra:
2066 5500 2081 5525 ,
2111 5470 2167 5517 et

589 5530 793 5587 centies
819 5542 874 5588 et
901 5533 1083 5590 decies
1114 5535 1307 5593 millies
1326 5578 1342 5604 ,
1366 5548 1420 5595 et
1445 5541 1527 5596 bis
1563 5550 1768 5598 tantum
1794 5584 1808 5607 ,
1839 5560 1911 5602 ne
1933 5557 2016 5603 est
2042 5550 2166 5620 qui-

584 5622 707 5678 dem
732 5624 799 5678 ad
820 5628 1094 5683 minimam
1114 5638 1319 5698 partem
1342 5630 1602 5688 bonorum
1624 5650 1744 5706 qua:
1766 5646 1890 5693 sunt
1914 5638 1966 5692 in
1992 5640 2165 5696 caelis?

585 5712 687 5781 Qui
715 5731 844 5786 ergo
867 5733 927 5773 ea
955 5734 1073 5789 quae
1104 5719 1191 5777 hic
1215 5731 1339 5779 sunt
1364 5723 1623 5794 miratur,
1661 5727 1747 5784 illa
1778 5728 1943 5787 allicit
1968 5743 2159 5791 contu-

1346 343 1405 401 8.
1442 337 1719 399 ιοιιΝΝιε
1754 327 2228 396 ειιιιῑεοετοιιι
2264 325 2582 385 ARCHIEP.
2624 326 3152 387 CONSTANTINOP.

2302 430 2485 497 melis,
2513 429 2777 501 siquidem
2808 428 2926 485 haec
2945 428 3103 500 digna
3130 425 3403 495 existimat
3425 426 3478 484 in
3503 440 3627 497 qua
3654 425 3889 483 studium

2299 519 2576 587 conferat,
2604 535 2725 591 qua:
2764 519 2833 575 ab
2868 520 2973 574 illis
2999 528 3151 574 tanto
3187 518 3389 575 distant
3416 514 3704 582 intervallo
3736 534 3751 571 :
3783 517 3892 572 imo

2300 630 2429 673 vero
2471 628 2570 669 nec
2611 612 2805 684 poterit
2851 611 3067 683 quidem
3114 612 3203 667 illa
3254 609 3506 666 admirari
3551 628 3567 664 :
3615 606 3890 680 quomodo

2301 707 2469 772 enim,
2498 721 2618 763 cum
2646 705 2715 761 ad
2746 704 2861 759 bzec
2886 702 3275 774 obstupescens
3302 701 3515 758 inhics?
3546 701 3889 757 Dissccemus

2295 798 2379 853 vel
2402 811 2525 853 sero
2546 795 2779 860 tandem,
2811 808 3017 866 quaeso,
3052 792 3207 849 funes
3232 802 3284 849 et
3306 793 3523 863 laqueos
3551 809 3568 847 :
3597 792 3717 847 haec
3742 790 3885 846 enim

2295 874 2419 943 sunt
2451 901 2536 943 res
2563 894 2809 942 terrenae.
2855 885 3115 953 Quamdiu
3156 884 3557 940 incurvabimur
3594 882 3886 939 deorsum?

2294 977 2551 1052 quamdiu
2576 991 2677 1033 nos
2703 978 2840 1033 alter
2869 977 3022 1032 alteri
3066 976 3440 1032 insidiabimur
3463 980 3490 1041 ,'
3509 976 3650 1032 sicut
3676 974 3808 1031 fera
3831 984 3886 1031 et

2292 1070 2435 1127 sicut
2471 1071 2684 1141 pisces?
2712 1070 2823 1126 lmo
2850 1085 2976 1127 vero
3005 1069 3133 1126 ferte
3163 1056 3270 1125 non
3302 1078 3491 1142 parant
3516 1069 3621 1126 sibi
3647 1069 3878 1126 invicem

2287 1158 2532 1225 insidias,
2582 1158 2677 1214 sed
2720 1159 2783 1213 iis
2821 1173 2941 1228 qua:
2985 1167 3112 1213 sunt
3148 1159 3344 1214 diversi
3369 1161 3585 1229 generis
3614 1178 3631 1218 :
3662 1172 3876 1231 utputs,

2286 1263 2445 1305 ursus
2475 1262 2656 1303 ursum
2693 1262 2797 1302 non
2825 1246 3107 1303 confestim
3136 1248 3415 1311 interimit,
3447 1264 3624 1320 neque
3647 1264 3881 1320 serpens

2286 1340 2355 1394 de
2382 1337 2560 1395 medio
2584 1338 2722 1394 tollit
2754 1347 3060 1409 serpentem
3085 1378 3102 1404 ,
3135 1348 3195 1394 ut
3222 1339 3313 1410 qui
3343 1349 3654 1397 revereatur
3680 1355 3881 1413 cogna-

2286 1429 2485 1485 tionem
2517 1443 2533 1482 :
2562 1437 2620 1483 tu
2647 1436 2826 1484 autem
2867 1443 2993 1484 eum
3029 1429 3121 1500 qui
3166 1438 3251 1484 est
3296 1428 3535 1499 ejusdem
3571 1432 3795 1503 generis
3825 1440 3882 1488 et

2285 1535 2407 1576 cum
2437 1535 2544 1591 quo
2558 1521 2679 1590 jura
2710 1519 2875 1581 habes
2896 1519 3329 1588 innumerabilia,
3356 1522 3761 1592 cognationem,
3791 1537 3877 1577 ra-

2288 1611 2489 1667 tionem
2514 1651 2529 1676 ,
2561 1610 2653 1667 Dei
2693 1609 3054 1681 cognitionem
3076 1650 3094 1678 ,
3125 1612 3235 1666 vim
3266 1620 3473 1669 naturae
3501 1620 3559 1667 et
3591 1613 3697 1669 alia
3724 1614 3883 1668 innu-

2286 1716 2457 1769 mera,
2483 1708 2545 1757 et.
2562 1701 2649 1771 qui
2678 1709 2764 1756 est
2789 1700 3033 1770 ejusdem
3061 1711 3264 1757 naturae
3296 1697 3565 1777 particeps
3586 1745 3602 1769 ,
3634 1704 3882 1776 periuris,

2287 1800 2343 1846 et
2370 1790 2423 1845 in
2449 1790 2588 1845 mala
2615 1790 2788 1860 injicis
2826 1791 3257 1848 innumerabilia.
3304 1791 3443 1859 Quid
3473 1802 3585 1848 tum
3628 1795 3811 1861 enim,
3837 1796 3883 1851 si

2286 1880 2518 1953 gladium
2549 1896 2656 1937 non
2682 1882 2881 1953 adigis,
2925 1896 3100 1953 neque
3139 1883 3194 1939 in
3218 1883 3417 1940 collum
3448 1883 3730 1942 dexteram
3777 1887 3881 1941 im-

2287 1973 2797 2045 mergisialia/lacis
2819 1973 2923 2029 hoc
2946 1974 3210 2058 graviora,
3236 1974 3287 2030 in
3313 1985 3603 2049 perpetuas
3629 1977 3885 2049 injiciens

2287 2064 2582 2122 molestias.
2608 2064 2740 2120 Nam
2771 2064 2816 2119 si
2845 2064 2946 2120 hoc
2975 2064 3215 2131 fecisses,
3239 2067 3529 2125 liberasses
3557 2083 3685 2124 eum
3718 2083 3749 2124 a
3781 2068 3886 2125 sol-

2289 2155 2601 2212 licitudine:
2636 2170 2777 2212 nunc
2804 2165 2984 2212 autem
3007 2155 3181 2226 injicis
3203 2156 3254 2212 in
3285 2156 3504 2225 famem,
3537 2160 3883 2226 servitutem,

2288 2246 2631 2318 aegritudines
2654 2256 2709 2303 et
2730 2246 2893 2302 multa
2918 2256 3159 2317 peccata.
3180 2247 3307 2305 Haec
3322 2247 3466 2315 dico,
3495 2260 3549 2306 et
3568 2266 3680 2307 non
3700 2265 3885 2308 cessa-

2288 2338 2359 2393 bo
2396 2337 2609 2402 dicere,
2639 2351 2746 2393 non
2791 2352 2889 2392 vos
2926 2337 3155 2393 incitans
3196 2336 3265 2395 ad
3305 2340 3511 2396 credam
3554 2340 3882 2405 faciendam,

2288 2443 2461 2501 neque
2483 2428 2777 2483 adhortans
2798 2438 2856 2482 ut
2879 2427 2947 2483 ad
2974 2429 3169 2486 malum
3193 2429 3284 2485 illo
3304 2431 3484 2487 minus
3509 2433 3762 2501 veniatis,
3785 2433 3887 2492 sed

2288 2536 2358 2576 ne
2380 2517 2664 2575 conﬁdatis
2696 2528 2966 2589 tamquam
3005 2534 3194 2588 ptenas
3223 2535 3330 2577 non
3356 2522 3476 2579 sitis
3502 2522 3679 2580 daturi
3709 2539 3726 2579 :
3755 2538 3883 2580 nam

2291 2610 2392 2680 Qui
2440 2612 2622 2665 victum
2664 2611 2845 2664 adimit
2891 2611 3123 2679 precium
3168 2621 3216 2668 et
3260 2629 3443 2684 panem
3466 2655 3482 2683 ,
3534 2617 3722 2671 occidit
3766 2632 3884 2672 nos

2289 2701 2475 2773 (Eccli.
2519 2702 2610 2758 δι.
2654 2701 2771 2771 ιι).
2800 2700 3186 2760 Contineamus
3216 2705 3431 2762 tandem
3462 2708 3602 2779 apud
3635 2723 3741 2766 nos
3767 2725 3885 2766 ms-

2288 2808 2411 2860 nus,
2435 2808 2654 2865 quaeso;
2676 2794 2784 2849 imo
2805 2809 2932 2849 vero
2952 2810 3060 2850 non
3084 2796 3479 2865 contineamus,
3501 2798 3598 2856 sed
3619 2814 3714 2857 eas
3735 2810 3885 2858 recte

2287 2883 2661 2950 extendamus,
2691 2897 2798 2937 non
2829 2882 2896 2938 ad
2924 2883 3073 2954 plura
3102 2885 3425 2956 acquirenda
3452 2902 3550 2960 per
3572 2891 3881 2958 avaritiam,

2287 2974 2383 3031 sed
2420 2974 2485 3029 ad
2514 2974 2912 3046 eleemosynam
2947 2990 3060 3031 :ne
3100 2974 3397 3035 habeamus
3438 2993 3657 3036 manum
3704 2980 3881 3039 infru-

2288 3076 2563 3134 ctuosam,
2599 3082 2696 3123 nec
2738 3068 2942 3123 aridam
2976 3085 2996 3125 :
3019 3084 3142 3125 nam
3181 3086 3304 3142 qum
3345 3087 3453 3128 non
3494 3070 3621 3129 facit
3660 3074 3883 3145 quidem

2288 3158 2708 3231 eleemosynam,
2735 3166 2819 3213 est
2848 3157 2997 3215 arida
3030 3178 3045 3215 :
3078 3176 3198 3229 quae
3217 3171 3398 3218 autem
3426 3163 3591 3219 etiam
3614 3164 3766 3235 plura
3794 3180 3889 3223 ac-

2287 3250 2455 3322 quirit
2478 3265 2575 3319 per
2596 3249 2896 3315 avaritiam,
2919 3258 3003 3307 est
3022 3252 3348 3309 exsecranda
3372 3262 3428 3310 et
3452 3254 3688 3327 impura.
3707 3255 3884 3314 Nemo

2288 3339 2532 3398 comedat
2559 3354 2681 3394 cum
2709 3340 3261 3409 ejusmodimanibus;
3288 3354 3372 3400 est
3394 3345 3538 3401 enim
3555 3349 3883 3405 contumelia

2287 3445 2472 3488 eorum
2498 3431 2588 3501 qui
2614 3441 2739 3488 sunt
2760 3432 2954 3487 vocati.
2978 3431 3131 3499 Nam,
3153 3432 3241 3492 dic
3270 3450 3478 3507 quaeso,
3528 3437 3575 3493 si
3602 3440 3725 3509 quis
3757 3454 3881 3496 cum

2294 3545 2394 3585 nos
2406 3536 2647 3586 curasset
2662 3527 2979 3584 accumbere
2996 3542 3162 3599 super
3176 3535 3389 3600 tapetes
3412 3538 3467 3586 et
3491 3531 3656 3588 molle
3670 3541 3887 3607 stragu-

2292 3621 2401 3679 lum
2435 3629 2492 3677 et
2530 3635 2662 3676 auro
2702 3620 2933 3677 intextas
2954 3630 3134 3678 vestes
3153 3622 3321 3678 lineas
3338 3623 3391 3678 in
3422 3622 3585 3680 domo
3611 3639 3807 3697 magna
3827 3638 3886 3685 et
3998 3614 4001 3617 ’

2290 3711 2588 3785 splendida,
2605 3726 2956 3783 magnamque
2979 3721 3034 3769 et
3054 3713 3276 3769 multam
3299 3712 3622 3772 famulorum
3660 3718 3884 3777 adstare

2289 3802 2535 3876 jussisset
2575 3802 2989 3871 multitudinem,
3031 3804 3227 3863 deinde
3256 3820 3497 3865 mensam
3541 3822 3787 3880 parasset
3807 3828 3880 3870 ex

2288 3911 2419 3952 auro
2439 3905 2493 3954 et
2511 3908 2754 3969 argento,
2782 3904 2838 3953 et
2857 3896 3040 3953 multis
3062 3896 3334 3969 implesset
3355 3901 3621 3973 lautiaque
3646 3911 3705 3961 et
3728 3918 3886 3961 sum-

2289 3990 2495 4061 ptuosis
2523 4004 2684 4044 omne
2708 4004 2877 4060 genus
2904 3990 3060 4057 cibis,
3088 4004 3189 4046 nos
3218 4005 3434 4063 cogeret
3458 3995 3752 4053 comedere
3785 4014 3804 4050 :
3830 3999 3881 4055 si

2285 4084 2461 4139 solum
2487 4083 2751 4139 ferremus
2772 4097 2895 4139 eum
2923 4097 3083 4141 emno
3107 4098 3300 4141 manus
3327 4098 3613 4158 ungentem
3641 4098 3701 4146 et
3731 4098 3880 4147 ster-

2285 4189 2415 4231 core
2453 4175 2688 4249 humano
2710 4216 2727 4241 ,
2764 4184 2819 4231 et
2855 4176 2927 4231 ita
2972 4175 3130 4230 simul
3172 4177 3615 4245 accumbentem;
3663 4178 3881 4238 hancne

2279 4280 2500 4337 pinnam
2526 4254 2814 4323 sustineret
2837 4266 3121 4339 quispiam,
3144 4278 3198 4325 et
3222 4284 3330 4325 non
3356 4268 3496 4327 hanc
3514 4286 3631 4329 rem
3650 4271 3881 4331 duceret

2284 4372 2405 4413 esse
2431 4357 2844 4414 contumeliam?
2866 4356 3095 4415 Duceret
3138 4374 3302 4425 sane,
3334 4362 3557 4432 opinor,
3588 4372 3645 4418 et
3687 4366 3876 4423 statim

2285 4450 2539 4507 resilirct.
2584 4448 2737 4507 Nunc
2764 4461 2944 4507 autem
2989 4466 3096 4508 non
3135 4453 3287 4510 vides
3316 4470 3511 4513 manus
3552 4472 3685 4513 vero
3712 4473 3878 4517 ceno

2282 4542 2562 4614 oppletas,
2589 4552 2750 4614 atque
2786 4543 2924 4600 adeo
2955 4544 3097 4617 ipsos
3134 4547 3297 4602 etiam
3335 4547 3517 4615 cibos,
3554 4558 3606 4606 et
3641 4564 3751 4606 non
3785 4565 3876 4609 ro-

2281 4635 2415 4701 silis,
2443 4650 2550 4690 non
2576 4636 2959 4705 reprehendis;
2978 4637 3072 4693 sed
3100 4637 3147 4694 si
3173 4639 3246 4695 sit
3273 4637 3491 4709 quidem
3519 4639 3573 4696 in
3601 4651 3873 4712 potestate

2280 4734 2334 4780 et
2360 4726 2711 4793 auctoritate,
2751 4742 2864 4783 rem
2913 4742 3160 4799 magnam
3201 4744 3325 4787 esse
3362 4731 3577 4797 statuis,
3622 4742 3681 4788 et
3724 4744 3870 4791 tuam

2281 4815 2461 4887 perdis
2488 4818 2720 4874 animam
2741 4860 2757 4885 ,
2785 4834 3012 4875 vesceos
3042 4819 3259 4877 talibus.
3286 4820 3489 4891 Quovis
3521 4824 3668 4879 enim
3707 4840 3870 4883 cmuo

2280 4910 2429 4980 pejor
2449 4919 2535 4965 est
2547 4911 2767 4966 avaritia
2788 4928 2802 4976 ;
2825 4912 3057 4968 animam
3075 4915 3219 4969 enim
3242 4914 3505 4984 inquinat,
3520 4931 3628 4973 non
3644 4933 3865 4991 corpus,

2275 5012 2331 5057 et
2354 5001 2519 5064 efﬁcit
2546 5014 2603 5058 ut
2632 5003 2926 5062 difﬁciliter
2946 5005 3117 5077 possit
3138 5006 3267 5062 elui.
3292 5006 3373 5063 Tu
3394 5023 3526 5079 ergo
3554 5008 3745 5068 videns
3766 5011 3872 5070 hoc

2274 5108 2433 5149 coeno
2456 5093 2671 5166 quidem
2702 5095 2893 5151 illitum
2921 5112 3044 5152 eum
3072 5100 3162 5169 qui
3192 5099 3481 5165 accumbit,
3507 5110 3564 5156 et
3589 5118 3786 5160 manus
3813 5114 3871 5163 et

2273 5187 2504 5253 oculos,
2553 5187 2774 5246 domum
2825 5204 3043 5262 quoque
3089 5199 3145 5246 et
3194 5206 3436 5249 mensam
3486 5208 3554 5250 eo
3600 5196 3865 5267 repletam

2273 5278 2627 5350 (stercoribus
2648 5281 2818 5349 enim,
2841 5290 2897 5338 et
2922 5282 2967 5337 si
2990 5282 3118 5353 quid
3145 5293 3227 5339 est
3256 5283 3341 5342 bis
3364 5285 3717 5357 immundius,
3738 5302 3871 5349 sunt

2273 5373 2348 5429 illi
2373 5373 2476 5430 cibi
2504 5374 2813 5443 spurciores
2833 5384 2888 5431 et
2909 5375 3324 5449 obsceniores),
3354 5380 3425 5434 ita
3453 5378 3687 5437 afﬁceris
3710 5385 3865 5455 quasi

2274 5464 2597 5533 honoratus,
2639 5476 2695 5523 et
2739 5475 3009 5539 tamquam
3054 5468 3267 5527 futurus
3302 5471 3356 5527 in
3398 5471 3639 5530 deliciis?
3674 5485 3730 5532 et
3762 5492 3863 5535 nec

2272 5558 2491 5615 Paulum
2520 5560 2736 5632 quidem
2766 5562 2999 5629 vereris,
3030 5578 3121 5632 qui
3149 5563 3217 5619 ad
3251 5579 3492 5622 mensam
3519 5566 3860 5638 Graecorum,

2270 5650 2313 5705 si
2340 5651 2585 5719 velimus,
2620 5652 2754 5708 citra
2799 5653 3240 5725 impedimentum
3287 5656 3443 5713 nobis
3475 5660 3736 5728 permittit
3764 5677 3861 5717 ac-

2270 5743 2482 5813 cedere,
2510 5744 2577 5803 ad
2629 5760 2909 5805 avarorum
2947 5756 3125 5806 autem
3171 5758 3229 5807 ct
3277 5764 3463 5807 eorum
3506 5753 3597 5823 qui
3648 5752 3862 5813 damnis
