4060 6402
650 348 751 404 I77

650 461 958 523 διάκεισαι,
1006 459 1099 527 κειιῖῐ
1144 459 1221 523 ὥς
1273 459 1484 530 μέλλων
1518 460 1765 531 τρυφᾷν;
1818 460 1914 513 καὶ
1966 457 2086 511 οὐδὲ
2127 456 2222 508 τὸν

650 541 865 597 Παῦλον
906 542 1171 606 δέδοικας,
1221 544 1302 605 εἰς
1358 543 1456 610 μέν
1517 541 1786 612 Ἐλλήνων
1824 539 2129 611 τράπεζαν,
2173 538 2222 590 εί

631 626 996 697 βουλοίμεθα,
1020 626 1311 691 ἀκωλύτως
1336 626 1725 697 συγχωροῦντα
1750 626 2024 688 ἀπελθεῖν,
2060 624 2141 686 εἰς
2168 622 2226 675 δὲ

649 711 751 772 τὰς
784 709 891 762 τῶν
921 708 1261 762 πλεονεκτῶν
1286 710 1407 763 οὐδὲ
1435 710 1794 779 βουλομένους
1822 708 2033 773 ἐῶντα;
2084 706 2226 759 Ἐὰν

650 794 762 862 γάρ
782 809 872 857 τις
900 790 1163 860 ἀδελφὸς
1187 793 1640 863 ὀνομαζόμενος,
1662 789 1702 865 ᾖ
1725 834 1740 857 ,
1774 794 1927 863 φησί,
1967 792 2191 858 πόρνος
2206 806 2222 819 ·

652 878 881 947 ἀδελφὺν
906 878 1139 933 ἐνταῦθα
1160 880 1336 948 λέγων
1366 882 1544 935 πάντα
1572 882 1665 934 τὸν
1694 881 1883 935 πιστὸν
1920 879 2133 943 ἁπλῶς,
2162 878 2225 931 οὐ

652 964 743 1015 τὸν
785 962 1106 1031 μονάζοντα.
1141 965 1205 1017 Τί
1246 966 1355 1034 γάρ
1402 968 1521 1019 ἐστι
1553 966 1613 1018 τὸ
1656 964 1843 1018 ποιοῦν
1872 965 1971 1033 τὴν
1999 962 2229 1031 ἀδελφό-

652 1061 823 1115 τητα;
867 1046 929 1098 τὸ
958 1046 1183 1119 λουτρὸν
1222 1051 1322 1119 τῆς
1358 1048 1810 1116 παλιγγενεσίας,
1847 1047 1908 1100 τὸ
1937 1046 2229 1115 δυνηθῆναι

654 1127 887 1181 καλέσαι
925 1129 1142 1201 Πατέρα
1176 1131 1439 1184 τὸνθεόν.
1482 1131 1645 1183 Ὠστε
1672 1131 1701 1182 ὁ
1746 1132 1847 1199 μέν
1885 1128 2229 1198 κατηχούμε-

654 1228 762 1275 νος,
790 1202 897 1264 κᾶν
927 1210 1213 1286 μοναχδςῇ
1242 1255 1255 1276 ,
1280 1217 1379 1267 οὐκ
1413 1214 1637 1283 ἀδελφός
1661 1226 1707 1255 ι’
1741 1216 1768 1267 ό
1789 1214 1844 1266 δέ
1872 1213 2061 1275 πιστὸς
2081 1250 2094 1275 ,
2126 1211 2231 1265 κάν

654 1296 924 1365 κοσμικδς
1018 1338 1031 1360 ,
1063 1298 1288 1365 ἀδελφός
1320 1300 1487 1351 ἐστιν.
1519 1298 1592 1351 Et
1622 1315 1732 1363 τις,
1752 1296 1938 1366 φησὶν.
1968 1294 2231 1363 ἁδελφὸς

657 1374 1111 1450 ὀνομαζόμενος.
1144 1381 1281 1435 Οὐδὲ
1318 1380 1427 1451 γὰρ
1462 1382 1607 1451 ίχνος
1640 1382 1759 1434 τότε
1789 1379 2111 1451 μονάζοντος
2139 1374 2229 1449 ἦν,

657 1463 794 1518 ἀλλά
834 1466 1010 1518 πάντα
1053 1464 1188 1535 πρὸς
1232 1468 1533 1535 κοσμικοὺς
1576 1464 1847 1532 διελέγετο
1886 1465 1914 1516 ό
1961 1462 2233 1532 μακάριος

660 1541 831 1609 οὗτος.
872 1546 1015 1601 Ἐάν
1037 1566 1147 1615 τις,
1180 1550 1365 1619 φησὶν,
1396 1549 1661 1617 ἀδελφὸς
1687 1547 2119 1617 ὀνομαζόμενος
2138 1586 2153 1608 ,
2192 1540 2235 1617 ᾗ

659 1632 903 1697 πόρνος,
944 1631 982 1699 ἢ
1029 1634 1428 1699 πλεονέκτης.
1470 1633 1509 1701 ἢ
1541 1633 1839 1698 μέθυσος.
1872 1631 1951 1696 τῷ
1988 1632 2234 1697 τοιούτῳ

652 1714 809 1782 μηδὲ
832 1717 1199 1770 συνεσθίειν.
1232 1717 1373 1770 Ἀλλ’
1390 1717 1489 1770 οὐκ
1510 1717 1603 1769 ἐπὶ
1621 1716 1727 1769 τῶν
1756 1716 2024 1785 Ἐλλήνων
2038 1714 2230 1779 οὕτως,

659 1790 797 1850 ἀλλά
824 1800 875 1851 τί
898 1815 912 1863 ;
932 1798 1064 1852 Ἐάν
1088 1816 1178 1865 τις
1201 1797 1357 1868 ὑμᾶς
1383 1799 1613 1867 καλέσῃ
1645 1798 1765 1852 τῶν
1784 1800 2083 1859 ἀπίστων,
2108 1800 2232 1861 τοὺς

662 1880 929 1950 ’Έλληνας
959 1881 1149 1949 λέγων.
1188 1882 1287 1934 καὶ
1340 1881 1553 1949 θέλητε
1586 1883 1964 1949 πορεύεσθαι,
1998 1878 2121 1937 πᾶν
2166 1880 2233 1933 τὸ

659 1961 1127 2031 παρατιθέμενον
1151 1964 1289 2032 ὑμῖν
1308 1965 1562 2018 ἐσθίετε.
1603 1964 1744 2018 Ἐὰν
1766 1964 1834 2019 δέ
1855 1982 1947 2031 τις
1965 1962 2232 2032 ἀδελφὸς

660 2044 1106 2114 ὀνομαζόμενος,
1136 2041 1198 2119 ᾖ,
1232 2048 1385 2117 φησὶ,
1412 2046 1695 2116 μέθυσος.

729 2211 788 2265 δ’.
824 2211 1019 2278 Βαδαὶ,
1050 2212 1190 2283 πόση
1222 2213 1255 2283 ἡ
1287 2213 1579 2284 ἀκρίϐειαι
1621 2216 1782 2285 ἡμεῖς
1808 2214 1865 2268 δὲ
1887 2214 1948 2268 οὐ
1979 2213 2141 2285 μόνον
2168 2213 2231 2267 οὐ

659 2293 931 2366 φεύγομεν
949 2296 1075 2359 τοὺς
1103 2296 1389 2363 μεθύσους,
1442 2296 1577 2350 ἀλλά
1602 2297 1696 2351 καὶ
1716 2298 2069 2369 ἀπερχόμεθα
2096 2296 2233 2366 πρὸς

659 2380 875 2442 αὐτοὺς,
911 2377 1344 2448 μεθέξοντεςτῶν
1370 2380 1499 2449 παρ’
1527 2380 1725 2435 αὐτῶν.
1757 2382 1855 2434 Διά
1872 2381 2030 2434 τοῦτο
2053 2380 2232 2433 πάντα

658 2461 771 2515 ἀνω
794 2464 887 2516 καὶ
902 2463 1053 2516 κάτω
1076 2462 1388 2533 γεγένηται,
1414 2464 1595 2516 πάντα
1629 2463 1959 2533 συγκέχυται
1980 2465 2075 2516 καὶ
2099 2466 2232 2517 ἀνα-

655 2546 959 2616 τέτραπται
1002 2547 1096 2599 καὶ
1124 2545 1420 2599 ἀπόλωλεν.
1454 2545 1587 2599 Εἰπὲ
1616 2547 1725 2616 γάρ
1758 2564 1869 2617 μοι,
1899 2549 1947 2600 εί
1983 2547 2232 2601 καλέσειέ

660 2628 720 2678 σέ
751 2644 834 2691 τις
874 2627 981 2681 τῶν
1016 2629 1273 2681 τοιούτων
1303 2630 1397 2683 ἐπὶ
1426 2629 1671 2682 ἐστίασιν
1699 2630 2132 2701 ἡτοιμασμένην,
2171 2630 2232 2683 σέ

655 2710 747 2763 τὸν
777 2710 988 2781 πένητα
1021 2712 1120 2765 καί
1147 2712 1337 2783 εὐτελῆ
1387 2710 1767 2782 νομιζόμενον,
1818 2708 1939 2766 εἶτα
1976 2713 2231 2768 ἀκούσειε

652 2797 808 2866 παρὰ
834 2794 928 2847 σοῦ
952 2796 1033 2849 ὅτι
1055 2795 1241 2865 ἐπειδὴ
1276 2797 1384 2850 ἀπὸ
1412 2796 1730 2860 πλεονεξίας
1754 2796 1871 2849 ἐστὶ
1899 2796 1971 2850 τά
1999 2814 2233 2868 παρατι-

657 2877 880 2946 θέμενα,
908 2878 1007 2931 οὐκ
1037 2877 1296 2948 ἀνέξομαι
1328 2879 1577 2948 μολύνειν
1622 2879 1722 2951 τὴν
1755 2878 1998 2948 ἐμαυτοῦ
2026 2879 2229 2950 ψυχὴν,

656 2964 757 3015 οὐκ
772 2960 837 3016 ἀν
856 2963 1051 3034 ᾐδέσθη
1072 2982 1089 3026 ;
1107 2964 1209 3018 οὐκ
1236 2964 1301 3017 ἀν
1317 2964 1590 3035 ἐνετράπη
1612 2982 1626 3029 ;
1647 2966 1745 3019 οὐκ
1760 2966 1826 3020 ἀν
1843 2965 2189 3037 κατῃσχύνθη
2214 2983 2231 3035 ;

660 3044 810 3117 [235]
842 3045 1013 3099 Τοῦτο
1038 3046 1197 3117 μόνον
1234 3046 1417 3101 ίκανὸν
1446 3042 1513 3119 ἦν
1542 3048 1851 3119 διορθῶσαι,
1885 3050 1983 3103 καὶ
2011 3050 2235 3120 ποιῆσαι

721 3175 959 3247 I‘Cglb".
984 3176 1111 3225 ὥστε
1148 3179 1189 3247 δ-
1219 3177 1300 3239 μὲν
1346 3177 1565 3241 μοναχὸς,
1588 3178 1645 3226 ἀν
1679 3178 2032 3245 κατηχούμενος
2074 3178 2125 3242 ἦ,
2148 3180 2237 3229 οὐκ

656 3239 873 3300 ἀδελφός,
895 3239 1061 3287 minus
1090 3244 1247 3288 recte.

1329 345 1387 402 S.
1423 343 1708 403 JOANNIS
1746 337 2235 400 CHRYSOSTOMI
2276 336 2595 395 ARCHIEP.
2632 334 3167 394 CONSTANTINOP.

3807 331 3909 387 I78

2324 452 2607 507 ταλανίσαι
2635 452 2734 522 μὲν
2762 452 2855 505 ἐπὶ
2885 451 2964 521 τῷ
2995 450 3213 520 πλούτῳ
3246 448 3441 503 ἐαυτὸν
3464 488 3481 515 ,
3519 448 3810 520 θαυμάσαι
3852 448 3907 500 δέ

2325 536 2417 589 ἐπὶ
2452 538 2518 607 τῇ
2555 535 2716 606 πενίᾳ
2748 552 2827 596 σε,
2868 536 2921 587 εί
2954 552 3019 602 γε
3053 534 3203 604 ἐώρα
3232 533 3425 587 ἐαυτὸν
3456 533 3596 601 μεςά
3638 530 3910 598 τοσαύτης

2327 620 2563 689 σπουδῆς
2577 609 3086 695 καταφρονούμενον
3103 617 3254 688 παρά
3272 615 3390 670 σοῦ.
3421 615 3583 669 Ἀλλά
3599 616 3911 684 γεγόναμεν

2324 704 2500 759 δοῦλοι
2529 701 2855 772 ἀνθρώπων,
2902 702 3003 755 οὐκ
3043 698 3161 756 οἴδα
3184 700 3372 765 πόθεν,
3420 700 3518 754 τοῦ
3551 699 3775 753 Παύλου
3798 698 3913 752 ἀνω

2327 788 2420 841 καὶ
2454 786 2603 840 κάτω
2627 786 2876 857 βοῶντος·
2915 786 3011 853 Μὴ
3042 786 3286 855 γίνεσθε
3320 784 3530 838 δοῦλοι
3558 782 3909 850 ἀνθρώπων.

2328 874 2499 929 Πόθεν
2513 869 2609 928 οῦν
2629 875 2932 942 γεγόναμεν
2949 871 3125 925 δοῦλοι
3144 872 3241 925 ἀνθ
3251 870 3450 942 ρώπων
3469 889 3484 939 ;
3531 870 3757 941 Ἐπειδὴ
3778 869 3913 940 πρό-

2327 980 2483 1035 τερον
2520 963 2759 1034 γαστρὸς
2780 961 3083 1031 ἐγενόμεθα
3124 960 3303 1014 δοῦλοι
3336 961 3433 1013 καὶ
3478 960 3784 1031 χρημάτων
3815 958 3913 1012 καὶ

2328 1050 2487 1119 δόξης
2519 1050 2616 1104 καὶ
2660 1049 2769 1102 τῶν
2818 1048 2995 1102 ἀλλων
3023 1048 3280 1101 ἀπάντων
3305 1063 3318 1076 ο
3364 1045 3767 1116 προεδώκαμεν
3810 1044 3913 1115 τὴν

2330 1133 2663 1202 ἐλευθερίαν,
2699 1134 2766 1202 ἢν
2809 1132 3106 1203 ἐχαρίσατο
3153 1132 3284 1201 ἡμῖν
3322 1130 3352 1181 ό
3397 1128 3655 1198 Χριστός.
3709 1127 3777 1180 Τί
3819 1124 3915 1181 οὖν

2333 1216 2481 1287 μένει
2517 1216 2608 1268 τὸν
2658 1215 2950 1285 γενόμενον
2984 1213 3193 1277 δοῦλον,
3234 1212 3357 1266 εἰπέ
3388 1228 3519 1282 μοι;
3579 1210 3785 1263 ’Δκουε
3819 1209 3917 1263 τοῦ

2330 1297 2568 1369 Χριστοῦ
2598 1298 2865 1365 λέγοντος·
2910 1298 2971 1350 '0
2994 1295 3214 1362 δοῦλος
3250 1298 3322 1349 οὐ
3338 1294 3507 1365 μένει
3544 1291 3612 1346 ὲν
3638 1291 3715 1359 τῇ
3754 1292 3920 1359 οίκιᾳ

2330 1385 2416 1446 είς
2466 1382 2572 1434 τόν
2623 1375 2830 1435 αἰῶνα.
2875 1380 3063 1449 Ἔχεις
3115 1379 3393 1446 ἀπόφασιν
3467 1375 3777 1447 αὐτοτελῆ,
3836 1377 3919 1430 ὅτι

2332 1464 2587 1518 οὐδέποτε
2642 1465 2719 1527 εἰς
2779 1461 3058 1532 βασιλείαν
3109 1461 3459 1531 εἰσέρχεται·
3515 1467 3550 1536 ἡ
3602 1465 3714 1535 γὰρ
3769 1460 3920 1514 οίκία

2332 1546 2489 1601 τοῦτό
2512 1550 2681 1601 ἐστιν.
2722 1547 2823 1600 Ἕν
2855 1545 2963 1616 γάρ
3016 1543 3089 1612 τῇ
3121 1546 3299 1612 οίκίᾳ,
3346 1546 3502 1617 φησὶ,
3542 1546 3654 1601 τοῦ
3684 1542 3921 1612 Πατρός

2330 1649 2448 1701 μου
2473 1630 2651 1699 μοναί
2681 1630 2908 1683 πολλαί
2922 1630 3099 1682 εἰσιν.
3144 1628 3202 1680 ’0
3228 1628 3409 1681 τοίνυν
3442 1629 3631 1694 δοῦλος
3663 1629 3725 1682 οὐ
3767 1628 3921 1698 μένει

2335 1716 2394 1768 ἐν
2424 1718 2491 1785 τῇ
2512 1715 2659 1785 οἰκίᾳ
2706 1715 2789 1775 είς
2820 1712 2913 1765 τὸν
2944 1712 3117 1765 αἰῶνα
3137 1727 3151 1743 ο
3184 1711 3370 1765 δοῦλον
3394 1704 3603 1766 ἐκεῖνον
3643 1712 3797 1779 λέγει
3828 1709 3922 1763 τὸν

2332 1799 2433 1869 τῆς
2469 1795 2745 1868 ἁμαρτίας
2802 1794 2987 1848 δοῦλον
3018 1810 3032 1825 ·
3087 1794 3116 1846 ό
3151 1794 3211 1847 δέ
3253 1794 3326 1864 μὴ
3366 1795 3546 1864 μένων
3580 1797 3639 1849 ἐν
3665 1798 3733 1865 τῇ
3773 1794 3925 1864 οἰκίᾳ

2333 1884 2414 1945 εἰς
2447 1882 2537 1935 τὸν
2583 1880 2777 1943 αἰῶνα,
2825 1880 2884 1933 ἐν
2931 1880 2997 1949 τῇ
3030 1878 3226 1950 γεέννῃ
3261 1879 3412 1946 μένει
3452 1880 3536 1941 εἰς
3582 1879 3679 1933 τὸν
3720 1878 3922 1939 αἰῶνα,

2333 1964 2629 2034 οὐδαμόθεν
2644 1963 2783 2034 ἔχων
2812 1961 3192 2033 παραμυθίαν.
3225 1960 3389 2015 Ἀλλά
3407 1962 3515 2031 γὰρ
3545 1964 3629 2026 εἰς
3658 1960 3924 2015 τοσοῦτον

2334 2049 2534 2110 κακίας
2594 2048 2663 2100 τά
2718 2046 3025 2117 πράγματα
3076 2040 3263 2115 ἦλθεν,
3293 2045 3369 2109 ὡς
3407 2044 3505 2099 καὶ
3544 2044 3925 2115 ἐλεημοσύνας

2333 2134 2533 2196 αὐτοὺς
2583 2131 2693 2185 ἀπὺ
2742 2130 2953 2183 τούτων
2993 2131 3191 2192 ποιεῖν,
3239 2130 3335 2183 καὶ
3364 2128 3593 2193 πολλοὺς
3636 2128 3921 2199 δέχεσθαι.

2332 2216 2433 2269 Διά
2452 2215 2609 2269 τοῦτο
2654 2217 2689 2285 ἡ
2727 2213 3012 2286 παρρησία
3036 2212 3194 2281 ἡμῶν
3240 2211 3592 2278 ἐκκέκοπται,
3653 2214 3752 2265 καὶ
3797 2210 3926 2267 οὐδὶ

2332 2296 2659 2368 ἐπιτιμῆσαί
2714 2314 2822 2350 τινι
2877 2294 3175 2365 δυνάμεθα.
3243 2295 3381 2349 Ἀλλ’
3433 2298 3584 2366 ὅμως
3658 2294 3764 2349 κᾶν
3814 2294 3926 2348 ἀπὸ

2332 2382 2429 2435 τοῦ
2459 2380 2554 2434 νῦν
2580 2379 2876 2449 φεύγωμεν
2904 2378 3003 2449 τὴν
3026 2378 3278 2432 ἐντεῦθεν
3312 2378 3519 2449 βλάδην
3541 2396 3555 2409 ’
3585 2378 3749 2448 ὑμεῖς
3777 2394 3841 2431 τε
3871 2377 3923 2431 οἰ

2332 2467 2423 2520 τὸν
2471 2464 2728 2537 βόρϐορον
2774 2463 2964 2518 τοῦτον
3007 2463 3377 2527 ἀνελίττοντες
3399 2462 3452 2529 δ,
3501 2462 3791 2518 παύσασθε
3820 2465 3924 2532 τῆς

2332 2548 2588 2617 τοιαύτης
2612 2548 2813 2617 λύμης,
2836 2546 2932 2600 καὶ
2968 2546 3222 2617 ἐπίσχετε
3249 2546 3348 2617 τὴν
3392 2548 3451 2601 ἐν
3492 2549 3605 2609 τοῖς
3650 2545 3923 2608 τοιούτοις

2336 2631 2655 2701 συμποσίοις
2702 2632 2879 2701 ὁρμὴν
2899 2670 2914 2695 ,
2951 2630 3006 2683 ετ
3037 2648 3154 2691 πως
3180 2630 3286 2684 κᾶν
3312 2630 3409 2685 νῦν
3443 2628 3771 2701 δυνηθῶμεν
3802 2627 3916 2696 ἐξι-

2330 2714 2635 2768 λεώσασθαι
2670 2714 2762 2767 τὸν
2784 2714 2940 2777 Θεὸν,
2977 2715 3072 2767 καί
3100 2716 3284 2784 τυχεῖν
3334 2713 3446 2767 τῶν
3473 2710 3915 2782 ἐπηγγελμένων

2332 2797 2553 2865 ἀγαθῶν
2575 2812 2590 2824 ·
2621 2789 2695 2849 ὧν
2723 2796 2933 2864 γένοιτο
2959 2796 3170 2858 πάντας
3202 2797 3350 2866 ἡμᾶς
3389 2798 3695 2867 ἐπιτυχεῖν,
3726 2796 3920 2867 χάριτι

2332 2880 2429 2935 καὶ
2458 2880 2839 2951 φιλανθρωπίᾳ.
2861 2880 2955 2935 τοῦ
2997 2879 3201 2950 Κυρίου
3228 2880 3387 2951 ἡμῶν
3423 2880 3601 2951 Ἰησοῦ
3646 2879 3917 2953 Χριστοῦ,

2338 2963 2457 3034 μεθ’
2489 2957 2551 3018 οὐ
2579 2962 2657 3032 τῷ
2684 2963 2859 3032 Πατρὶ
2889 2962 3008 3033 ἅμα
3032 2961 3110 3032 τῷ
3132 2963 3274 3035 ἀγίῳ
3296 2963 3580 3035 Πνεύματι
3612 2963 3922 3034 δόξα.κρά-

2333 3064 2447 3111 τος,
2470 3047 2623 3119 τιμὴ,
2643 3046 2740 3101 νῦν
2749 3047 2841 3099 καὶ
2856 3047 2966 3111 ἀεὶ,
2986 3046 3083 3100 καὶ
3096 3047 3175 3111 είς
3190 3048 3315 3113 τοὺς
3332 3047 3535 3111 αἰῶνας
3551 3046 3661 3101 τῶν
3678 3048 3917 3102 αἰώνων.

2350 3129 2541 3200 Ἀμήν.

2398 3242 2427 3283 δ
2448 3240 2687 3301 ColberL,
2708 3242 3053 3306 ἀνορύττοντες.

3527 3361 3889 3385 ὴ--α

2011 3442 2164 3518 [235]
2199 3446 2441 3499 OMIAIA
2478 3442 2624 3513 καί.

660 3538 862 3593 Πίστει
887 3533 984 3588 καί
1017 3533 1151 3601 περὶ
1170 3536 1522 3603 μελλόντων
1547 3538 1703 3602 ηὐλό

1708 3548 1895 3606 γησεν
1920 3536 2115 3590 Ἰσαὰκ
2134 3536 2241 3606 τὸν

2339 3537 2568 3606 ἀδελφὸν
2612 3538 2811 3608 μᾶλλον
2847 3538 3279 3594 ἀπολελαυκότα.
3322 3541 3382 3594 Ὁ
3419 3540 3520 3612 μὲν
3546 3541 3657 3611 γὰρ
3702 3545 3766 3596 ἐν
3793 3544 3921 3599 δου-

743 3600 1212 3694 ἶξεκφσέιξζῑιὲἒ
1255 3600 2242 3694 113?“?Ekrffjfawﬁéﬁ
2337 3619 2459 3690 λείᾳ
2480 3600 2582 3675 Scal
2612 3600 2821 3694 ’θητεεᾳ
2866 3624 2959 3676 και
3010 3623 3275 3687 κινδύνοις
3312 3600 3432 3677 και·
3458 3600 3781 3691 ιπιόοὸλαις
3826 3632 3923 3685 και

729 3691 897 3730 σκων
952 3673 1213 3728 ἕκαστον
1250 3672 1368 3726 τῶν
1421 3672 1569 3743 υἱῶν
1626 3674 1849 3743 Ἰωσὴφ
1908 3672 2236 3743 ηὑλότησε,

730 3746 827 3823 κιιι
854 3744 1317 3823 “memet”
1358 3742 1465 3823 ,ἐπὶ
1512 3742 1578 3823 τε)
1625 3742 1818 3823 iam
1863 3744 1972 3823 τῆς
2010 3742 2238 3823 ράξιὶορ

728 3812 943 3883 αὐτοῦἶ
975 3814 1177 3883 Πίστει
1210 3811 1432 3881 Ἰωσὴφ
1459 3811 1773 3876 τελευτῶν,
1807 3811 2073 3883 περὶτῆς
2105 3814 2239 3878 ἐξό-

726 3885 839 3938 δου
879 3882 1169 3953 τῶνέυὶῶν
1212 3883 1459 3953 Ἰσραὴλ
1488 3882 1930 3953 ἐμνημόνευσε,
1965 3884 2063 3937 καὶ
2103 3883 2236 3951 περὶ

727 3953 846 4009 τῶν
872 3952 1070 4007 ὀστῶν
1094 3952 1279 4006 αὐτοῦ
1305 3952 1662 4009 ἐνετείλατο.

729 4120 799 4176 α’.
821 4120 1065 4183 Πολλοί,
1088 4120 1242 4188 φησὶ,
1264 4119 1561 4189 προφῆται
1577 4120 1674 4173 καί
1698 4120 1915 4175 δίκαιοι
1939 4120 2233 4190 ἐπεθύμη-

658 4222 782 4260 σαν
811 4204 959 4258 ἰδεῖν
976 4203 1016 4257 d
1038 4202 1317 4278 βλέπετε.
1337 4204 1434 4256 καί
1453 4204 1563 4256 οὐκ
1578 4200 1764 4265 εἶδον,
1795 4204 1892 4257 καί
1917 4203 2175 4257 ἀκοῦσαι
2196 4201 2235 4257 d

657 4287 927 4347 ἀκούετε.
963 4283 1061 4338 καὶ
1093 4286 1205 4339 οὐκ
1249 4283 1548 4353 ἤκουσαν.
1598 4284 1747 4351 *Αρα
1777 4285 1953 4338 πάντα
1990 4285 2060 4339 τά
2102 4285 2233 4355 μέλ-

656 4371 817 4425 λοντα
845 4368 1043 4440 ᾔδεσαν
1076 4367 1125 4420 οἰ
1154 4366 1388 4432 δίκαιοι;
1437 4369 1547 4421 Καὶ
1598 4368 1823 4439 σφόδρα.
1879 4369 1943 4421 Εἰ
1996 4367 2104 4438 γάρ
2138 4368 2235 4422 καὶ

652 4454 745 4508 διὰ
796 4454 895 4524 τὴν
934 4451 1221 4506 ἀσθένειαν
1263 4451 1372 4504 τῶν
1425 4452 1502 4523 μὴ
1563 4451 1875 4522 δυναμένων
1925 4452 2089 4507 αὐτὸν
2144 4452 2231 4507 δέ-

653 4536 874 4601 ξισθαι,
928 4535 1027 4587 οὐκ
1059 4534 1473 4587 ἀπεκαλύπτετο
1522 4537 1552 4588 ό
1581 4546 1607 4576 ι
1632 4535 1779 4602 Υίὸς,
1831 4537 1943 4598 τοῖς
1978 4537 2037 4587 ἐν
2061 4537 2229 4607 ἀρετῇ

651 4619 1059 4688 διαλάμπουσιν
1109 4616 1334 4681 εἰκότως
1412 4616 1846 4671 ἀπεκαλύπτετο.
1908 4617 2080 4671 Τοῦτο
2137 4621 2232 4673 καὶ

653 4703 755 4757 νῦν
784 4704 813 4755 ό
838 4701 1049 4763 Παῦλός
1084 4716 1251 4768 φησιν
1272 4739 1287 4763 ,
1318 4700 1400 4752 ὅτι
1428 4701 1497 4754 τά
1528 4702 1791 4771 μέλλοντα
1825 4702 2042 4772 ᾔδεσαν,
2077 4720 2232 4757 τουτ-

650 4786 801 4850 έστι,
853 4784 954 4853 τὴν
997 4784 1292 4837 ἀνάστασιν
1346 4783 1438 4836 τοῦ
1480 4784 1741 4855 Χριστοῦ.
1802 4787 1874 4839 Ἦ
1932 4782 2026 4840 οὖν
2074 4785 2232 4840 τοῦτό

656 4885 811 4937 φησι,
847 4868 880 4939 ἢ
914 4868 994 4931 τὸ,
1052 4867 1256 4920 Πίστει
1302 4866 1437 4935 περί
1478 4869 1849 4936 μελλόντων,
1879 4869 1941 4922 οὐ
1982 4870 2110 4942 περὶ
2138 4870 2231 4925 τοῦ

658 4952 943 5023 μέλλοντος
966 4949 1183 5013 αἰῶνος.
1217 4949 1353 5004 ἀλλά
1388 4950 1516 5020 περὶ
1541 4952 1647 5005 τῶν
1677 4952 1910 5007 ἐνταῦθα
1930 4954 2233 5023 μελλόντων

658 5035 883 5104 ὓστερον
899 5032 1451 5101 γίνεσθαι,λέγει.“Δν
1473 5034 1578 5107 γὰρ
1597 5035 1673 5107 μὴ
1687 5037 1860 5104 τοῦτο,
1884 5039 1999 5103 πῶς
2019 5039 2233 5111 ἀνθρω-

658 5134 759 5178 sto;
785 5115 1094 5185 καθήμενος
1119 5118 1177 5168 ἐν
1195 5114 1341 5189 ξένῃ,
1367 5116 1617 5180 τοιαύτας
1641 5118 1889 5187 εὐλογίας
1907 5121 2135 5190 ἠδύνατο
2151 5122 2233 5175 δι-

654 5200 805 5251 δόναι
827 5215 841 5261 ;
877 5196 994 5260 πῶς
1007 5198 1094 5251 δαὶ
1112 5198 1273 5251 πάλιν
1291 5199 1555 5269 ἐπέτυχεν
1583 5200 1852 5270 εὐλογίας,
1876 5206 1968 5257 καὶ
1984 5206 2081 5258 οὐκ
2104 5205 2227 5259 έλα-

657 5283 751 5333 6εν
785 5280 991 5349 αὐτὴνς
1047 5280 1209 5349 Ὁρᾷς
1225 5282 1304 5335 ὅτι
1321 5282 1457 5352 ὅπερ
1476 5283 1611 5354 έφην
1626 5286 1718 5338 έπὶ
1736 5285 1835 5354 μέν
1855 5286 1947 5339 τοῦ
1981 5288 2229 5359 Ἀϐραὰμ

658 5366 755 5419 καὶ
770 5365 861 5417 ἐπί
888 5362 984 5417 τοῦ
1018 5361 1209 5416 Ἰακὼϐ
1232 5364 1378 5418 έστιν
1411 5368 1608 5434 εἰπεῖν,
1625 5370 1705 5422 ὅτι
1732 5371 1833 5423 οὐκ
1854 5370 2107 5424 ἀπώνατο
2129 5373 2228 5443 τῆς

657 5447 925 5515 εὐλογίας,
966 5446 1082 5499 ἀλλ’
1120 5447 1199 5509 είς
1226 5448 1480 5517 ἐκγόνους
1515 5452 1703 5520 ἐξῆλθε
1728 5453 1794 5505 τά
1810 5453 1917 5505 τῶν
1941 5454 2221 5523 εὐλογιῶν,

660 5528 821 5593 αὐτὸς
839 5530 896 5584 δὲ
934 5530 1041 5583 τῶν
1071 5528 1373 5599 μελλόντων
1402 5530 1621 5603 ετυχενς
1653 5535 1980 5607 εὑρίσκομεν
2006 5538 2114 5608 γάρ
2136 5540 2227 5593 τὸν

660 5715 837 5835 agile
857 5718 1017 5782 Com,
1055 5729 1205 5784 atque
1259 5726 1329 5775 ita
1386 5725 1510 5787 legit
1556 5726 1659 5778 Lat.
1690 5726 1955 5793 lntcrprcs.
2012 5730 2227 5784 Savilius

2338 3704 2578 3765 ἀπάταις
2596 3705 2690 3758 καὶ
2710 3706 2894 3774 φόϐοις
2914 3706 3005 3760 τὸν
3026 3707 3245 3760 ἅπαντα
3262 3706 3534 3775 διεγένετο
3554 3708 3772 3778 χρόνον,
3794 3714 3923 3783 ἐρω-

2337 3786 2579 3857 τώμενός
2594 3805 2651 3841 τε
2676 3789 2826 3860 παρά
2854 3790 2947 3843 τοῦ
2969 3788 3169 3859 Φαραὼ
3189 3792 3344 3862 φησί’
3372 3791 3590 3859 Μικραί
3614 3793 3712 3847 καί
3732 3809 3944 3865 πονηοε

2327 3871 2431 3939 ραί
2450 3875 2510 3925 al
2541 3871 2753 3941 ἡμέραι
2769 3890 2885 3942 μου
2909 3874 3256 3945 γεγόνασιν·
3273 3878 3479 3940 ἐκεῖνος
3498 3876 3555 3930 δέ
3579 3880 3637 3931 ἐν
3648 3877 3807 3951 ἀδείᾳ
3828 3881 3926 3935 καὶ

2336 3954 2595 4035 αὐθεντίᾳ
2628 3955 2819 4028 πολλῇ,
2866 3957 2962 4009 καὶ
3014 3958 3153 4028 μετά
3182 3958 3357 4013 ταῦτα
3381 3954 3450 4032 ἦν
3477 3960 3628 4031 αὐτῷ
3662 3963 3919 4035 φοϐερός.

2336 4036 2447 4091 Ποῦ
2480 4034 2571 4091 οῦν
2596 4037 2861 4110 ἐξέϐησαν
2889 4040 2945 4092 αἱ
2974 4039 3237 4109 εὐλογίαι,
3270 4042 3606 4115 ἀλλ’ἥὲντῷ
3637 4034 3922 4115 μέλλοντι;

2346 4121 2510 4192 Ὁρᾷς
2542 4122 2624 4175 ὅτι
2662 4121 2868 4176 ἀνωθεν
2886 4125 2934 4176 οί
2962 4125 3187 4197 πονηροί
3202 4125 3311 4179 τῶν
3340 4126 3579 4182 ἐνταῦθα
3608 4131 3921 4202 ἀπήλαυονο

2333 4207 2381 4258 οἰ
2414 4205 2471 4259 δὲ
2500 4206 2695 4259 δίκαιοι
2727 4206 3057 4269 τούναντίον,
3088 4208 3149 4261 οὐ
3191 4207 3298 4280 μὴν
3332 4211 3552 4276 πάντες.
3592 4214 3725 4267 Ἰδοὺ
3759 4214 3873 4285 γάρ
3895 4215 3923 4268 ὁ

2348 4289 2597 4361 Ἀϐραὰμ
2620 4290 2825 4354 δίκαιος
2846 4286 2914 4362 ἦν
2940 4291 3037 4345 καὶ
3079 4292 3361 4365 ἀπήλαυσε
3391 4296 3485 4348 καὶ
3514 4296 3627 4350 τῶν
3652 4298 3917 4365 ἐνταῦθα,

2336 4372 2474 4451 πλὴν
2509 4372 2645 4442 μετά
2678 4372 2907 4441 θλίψεως
2932 4374 3026 4427 καὶ
3049 4377 3371 4446 πειρασμῶν
3399 4392 3411 4406 ’
3432 4379 3525 4431 καί
3549 4380 3659 4451 γὰρ
3686 4380 3921 4447 πλοῦτος

2332 4449 2400 4523 ἦν
2431 4454 2579 4525 αὐτῷ
2609 4456 2789 4525 μόνον,
2824 4458 2948 4510 ἐπεὶ
2992 4456 3060 4510 τά
3090 4458 3227 4512 ἀλλα
3261 4461 3442 4515 πάντα
3474 4449 3708 4533 θλίψεως
3747 4464 3919 4535 ἔγεμε

2332 4538 2401 4589 τὰ
2435 4540 2553 4590 κατ’
2575 4538 2756 4592 αὐτόν.
2780 4540 2853 4592 Οὐ
2876 4540 2986 4612 γὰρ
3014 4540 3131 4595 ἔστι
3152 4543 3245 4596 τὸν
3274 4542 3482 4598 δίκαιον
3508 4546 3582 4617 μὴ
3607 4545 3914 4615 θλίϐεσθαι,

2332 4621 2435 4675 κᾶν
2464 4621 2690 4691 πλουτῇ·
2726 4624 2853 4677 ὅταν
2881 4623 2990 4694 γάρ
3014 4623 3269 4698 βούληται
3293 4629 3768 4696 πλεονεκτεῖσθαι,
3801 4632 3917 4685 ἀδι·

2333 4704 2568 4768 κεῖσθαι,
2608 4703 2759 4777 [236]
2796 4706 2864 4759 τά
2896 4706 3033 4761 ἀλλα
3069 4708 3323 4780 πάσχειν,
3352 4711 3569 4783 ἀνάγκη
3602 4712 3912 4769 θλίϐεσθαι.

2335 4789 2496 4841 Ὥστε
2526 4788 2631 4841 κᾶν
2679 4788 2926 4860 ἀπολαύῃ
2971 4790 3065 4843 τοῦ
3123 4792 3518 4857 πλούτου,·οὐκ
3564 4796 3809 4863 ἀλύπως.
3848 4799 3914 4853 τί

2328 4870 2565 4941 δήποτες
2598 4870 2723 4925 ’Ὁτι
2770 4871 2828 4923 ἐν
2859 4870 3035 4942 θλίψει
3090 4874 3210 4927 ἐστὶ
3242 4877 3339 4929 καὶ
3381 4878 3568 4951 ὀδύνη.
3601 4879 3669 4935 Εί
3702 4881 3762 4935 δι
3789 4882 3913 4936 τότε

2330 4955 2388 5009 ἐν
2438 4953 2615 5024 θλίψει
2668 4957 2717 5008 οί
2769 4955 2991 5023 δίκαιοι,
3045 4957 3227 5029 ¹ιιπολλῷ
3262 4961 3465 5029 μᾶλλον
3524 4962 3642 5018 νῦν.
3702 4966 3914 5021 Πίστει

2328 5037 2462 5107 περὶ
2490 5040 2856 5105 μελλόντων,
2914 5040 3081 5111 φησὶν
3100 5082 3115 5106 ,
3154 5044 3495 5114 εὐλόγησεν
3539 5047 3749 5104 Ἰσαὰκ
3801 5052 3914 5105 τὸν

2597 5122 2703 5205 καί
2746 5121 2853 5177 τὸν
2895 5123 3099 5181 Ἠσαῦ.
3136 5126 3327 5181 Καίτοι
3373 5145 3438 5197 γε
3496 5130 3705 5201 μείζων
3764 5128 3836 5205 ἦν
3885 5136 3915 5188 ό

2341 5203 2511 5257 Ἡσαῦ
2533 5220 2566 5283 ν,
2583 5203 2721 5285 ἀλλὰ
2747 5205 3067 5278 προτίθησιν
3094 5208 3201 5262 ἀπὸ
3223 5211 3324 5281 τῆς
3352 5212 3553 5285 ἀρετῆς
3569 5213 3662 5267 τὸν
3687 5203 3910 5272 Ἰακώϐ,

2340 5285 2505 5357 Ὁρᾷς
2526 5281 2605 5340 ὅτι
2629 5281 2697 5357 ἧν
2728 5288 2761 5357 η
2799 5288 3017 5354 πίστις;
3048 5290 3223 5345 Πόθεν
3256 5294 3367 5363 γάρ
3397 5281 3772 5365 ἐπηγγείλατο
3800 5303 3913 5362 τοῖς

2330 5372 2466 5453 υίοῖς
2513 5369 2583 5423 τά
2638 5369 2878 5425 τοσαῦτα
2903 5373 3102 5441 ἀγαθὰ,
3152 5374 3185 5445 ἢ
3237 5377 3468 5434 ἀπὸτοῦ
3518 5381 3800 5437 πιστεύειν
3830 5383 3909 5453 τῷ

2328 5452 2447 5523 Θεῷ
2472 5452 2721 5521 πάντως;
2753 5454 2961 5511 Πίστει
2990 5457 3202 5513 Ἰακὼϐ
3221 5462 3629 5528 ἀποθνήσκω
3642 5452 3910 5521 ἕκαστον

2326 5538 2446 5590 τῶν
2473 5535 2622 5589 υιῶν
2658 5538 2883 5609 Ἰωσὴφ
2901 5542 3261 5611 εὐλόγησεν.
3302 5533 3569 5600 Ἐνταῦθα
3598 5549 3705 5619 χρὴ
3737 5548 3909 5603 θεῖναι

2334 5620 2432 5683 τὰς
2450 5619 2700 5688 εὐλογίας
2723 5621 2870 5687 ὅλας,
2898 5622 2985 5677 ίνα
3018 5626 3113 5678 καὶ
3140 5630 3171 5696 η
3196 5629 3376 5693 πίστις
3414 5630 3511 5683 καὶ
3540 5632 3572 5700 ἡ
3599 5636 3907 5702 προφητεία

2335 5702 2501 5757 αὐτοῦ
2561 5705 2859 5775 κατάδηλος
2900 5708 3144 5778 γένηται.
3174 5711 3286 5765 Καί
3311 5715 3762 5781 προσεκύνησε,
3808 5735 3909 5786 φη·

2338 5788 2443 5855 σίν,
2472 5787 2569 5842 ἐπὶ
2628 5790 2688 5845 τό
2720 5788 2904 5860 ἄκρον
2944 5790 3050 5861 τῆς
3084 5793 3310 5863 ῥάϐδου
3365 5798 3573 5853 αὑτοῦ.
3647 5800 3903 5855 Ἐνταῦθα
