4060 6416
164 344 262 398 ΓΠ
942 344 1005 382 It‘
1047 344 1263 387 ωειδιρ
1306 344 1398 379 nu
1439 344 1764 374 ιιειυιυυν-

161 446 399 500 ditantur
434 432 657 497 alienis,
706 444 774 483 ne
826 424 1069 480 volentes
1121 416 1337 489 quidem
1409 411 1555 466 sinit.
1632 406 1764 462 Nam

162 536 235 591 alt
290 533 399 602 (a),
464 525 525 582 Si
585 525 630 578 is
661 520 748 591 qui
795 522 954 586 frater
1002 511 1295 567 nominatur
1348 506 1481 559 inter
1528 517 1664 602 vos:
1689 502 1768 602 est

172 589 491 699 fornicator;
512 589 730 671 fratrem
763 610 849 664 hic
879 607 1064 699 dicens
1093 600 1336 699 abso-tute
1360 592 1606 699 quemvis
1636 589 1764 699 fide;

163 682 296 777 lem.
326 729 434 768 non
461 682 585 766 eum
610 706 698 776 qui
726 710 811 758 est
842 696 1161 755 monachus.
1188 691 1321 747 Nam
1348 686 1476 760 quid
1514 694 1597 741 est
1622 682 1767 754 quod

165 807 301 864 fac-it
329 794 761 860 fraternitatem?
792 794 1066 847 lavacrum
1099 779 1527 856 regenerationis
1552 818 1568 842 ,
1606 788 1769 845 posse

168 903 341 957 Deum
396 897 608 952 Patrem
663 898 877 942 vocare.
934 877 1298 949 Quamobrem
1348 870 1770 930 catechumenus

166 988 384 1049 etiamsi
411 987 481 1042 sit
511 978 824 1041 monachus,
867 988 973 1028 non
999 980 1084 1026 est
1106 968 1274 1022 frater
1306 983 1319 1019 :
1355 962 1531 1018 fidelis
1565 969 1769 1023 autem,

166 1083 383 1143 etiamsi
412 1076 715 1134 mundanus
748 1070 818 1126 sit
844 1110 860 1134 ,
891 1082 986 1122 seu
1015 1060 1317 1127 saecularis,
1349 1067 1433 1115 est
1479 1056 1665 1111 frater.
1709 1052 1771 1107 Si

166 1179 307 1250 quis,
333 1173 524 1244 inquit,
547 1169 705 1239 frater
727 1163 1022 1219 nominatur
1046 1154 1277 1250 (1.601.
1294 1152 1492 1250 .51“).
1516 1148 1648 1250 Nam
1673 1160 1774 1202 nec

168 1240 345 1322 ullum
365 1240 581 1334 quidem
607 1268 733 1313 tunc
754 1262 872 1310 erat
897 1247 1149 1305 monachi
1175 1244 1481 1315 vestigium,
1504 1240 1597 1296 sed
1618 1254 1775 1293 mun-

165 1350 330 1405 dauis
359 1363 453 1403 seu
481 1344 832 1401 srecularihus
861 1344 974 1395 haec
998 1340 1181 1395 omnia
1205 1338 1421 1393 dicebat
1449 1337 1535 1390 hic
1563 1336 1774 1390 beatus.

167 1442 235 1497 Si
253 1444 321 1505 is,
365 1440 558 1508 inquit,
586 1438 676 1507 qui
714 1440 873 1503 frater
896 1434 1183 1487 nominetur
1203 1473 1217 1496 ,
1254 1432 1318 1483 sit
1348 1429 1659 1500 fornicator,
1689 1436 1780 1480 aut

164 1548 379 1596 avarus,
411 1540 497 1584 aut
528 1528 772 1593 ebriosus,
793 1542 909 1579 cunt
927 1522 1223 1594 hujusmodi
1246 1538 1335 1575 nec
1360 1519 1526 1574 cibum
1553 1533 1775 1573 sumere.

164 1622 277 1680 Sed
322 1637 427 1676 non
467 1622 537 1676 ita
569 1620 679 1690 agit
721 1633 843 1674 eum
874 1615 1164 1686 gentilibus
1189 1655 1204 1681 ,
1253 1611 1347 1667 sed
1378 1610 1541 1682 quid?
1574 1610 1635 1665 Si
1664 1611 1779 1681 quis

165 1722 319 1768 vocat
343 1729 430 1767 vos
456 1710 765 1780 inﬁdelium,
796 1717 843 1762 et
872 1706 1023 1762 vultis
1054 1706 1147 1768 ire,
1176 1720 1327 1759 omne
1352 1702 1490 1774 quod
1516 1702 1656 1757 vobis
1678 1718 1775 1771 ap-

166 1806 385 1876 ponitur
410 1802 655 1857 comedite
675 1800 752 1871 (l.
796 1798 917 1858 Cor.
952 1798 1040 1854 10.
1064 1796 1180 1867 27).
1232 1795 1292 1851 Si
1332 1796 1445 1865 quis
1471 1804 1662 1863 autem,
1691 1794 1779 1849 in-

168 1897 309 1968 quit,
340 1900 501 1967 frater
528 1895 838 1958 nominatur,
873 1900 919 1946 et
948 1892 1012 1945 sit
1041 1889 1288 1945 ebriosus.

244 1991 307 2045 4.
341 1988 501 2059 Papae
549 2002 709 2058 quam
754 1994 944 2040 exacte
974 1984 1209 2054 loquitur
1235 1993 1291 2039 et
1333 1984 1621 2038 accurate!
1678 1994 1778 2035 nos

170 2091 357 2136 autem
404 2095 511 2133 non
551 2078 724 2132 solum
763 2091 872 2131 non
916 2075 1147 2146 fugimus
1172 2074 1439 2138 ebriosos,
1488 2072 1582 2127 sed
1618 2072 1780 2126 etiam

169 2187 274 2229 eos
310 2171 558 2233 adimus,
590 2184 776 2223 eorum
807 2183 925 2237 qum
970 2165 1040 2220 ab
1089 2166 1223 2235 ipsis
1259 2172 1598 2234 apponuntur
1620 2160 1785 2218 futuri

172 2262 497 2335 participes.
528 2259 822 2329 Propterea
851 2258 1029 2312 omnia
1053 2271 1255 2327 susque
1288 2255 1461 2325 deque
1485 2250 1625 2308 sunt
1668 2254 1785 2323 agi-

176 2365 316 2421 tata,
344 2353 526 2408 omnia
560 2360 686 2408 sunt
715 2349 958 2413 confusa,
994 2362 1183 2404 eversa
1210 2356 1265 2401 et
1292 2347 1522 2417 perdita.
1546 2344 1680 2400 Nam
1701 2344 1789 2398 dic

174 2445 347 2510 mihi,
384 2446 429 2498 si
462 2444 585 2513 quis
615 2456 806 2498 eorum
848 2440 938 2509 qui
980 2448 1106 2493 sunt
1132 2438 1446 2509 hujusmodi
1473 2448 1525 2492 te
1553 2436 1790 2491 invitarit

176 2538 248 2593 ad
280 2536 613 2599 convivium,
657 2542 711 2589 te
738 2533 826 2604 qui
860 2532 1187 2587 existimaris
1228 2546 1432 2601 pauper
1462 2530 1693 2601 vilisque
1736 2541 1791 2584 et

180 2628 432 2698 abjectus
456 2667 471 2690 ,
505 2624 703 2680 deinde
730 2639 758 2677 a
795 2635 848 2679 te
874 2622 1105 2677 audierit
1136 2640 1148 2675 :
1179 2621 1442 2690 Quoniam
1472 2637 1591 2692 qua:
1621 2636 1794 2691 appo-

177 2728 389 2775 nuntur
421 2727 570 2788 parta
591 2727 717 2770 sunt
746 2731 810 2769 ex
836 2716 1079 2771 avaritia.
1110 2728 1217 2768 non
1260 2714 1430 2783 patiar
1459 2729 1632 2769 meam
1671 2713 1792 2783 pol-

179 2812 339 2866 luere
363 2810 595 2863 animant
625 2825 639 2862 :
669 2821 851 2860 annon
877 2805 1037 2859 fuerit
1064 2804 1344 2869 reveritus,
1379 2821 1556 2859 annon
1586 2804 1791 2874 pudore

181 2902 458 2959 affectus?
493 2901 607 2956 Hoc
651 2901 821 2955 solum
862 2898 1134 2953 sufficeret
1185 2897 1251 2953 ad
1297 2898 1693 2967 corrigendum.
1740 2908 1793 2952 et

184 2993 539 3051 efficiendum
568 3001 624 3045 ut
652 3006 710 3044 se
744 2990 959 3059 quidem
1000 2990 1253 3045 miserum
1301 2989 1524 3043 duceret
1567 2999 1787 3059 propter

240 3084 318 3146 (α)
342 3082 437 3131 Hic
458 3083 625 3143 incipit
646 3080 845 3131 homilia
867 3081 1105 3142 vigesima
1128 3084 1293 3145 quinta
1319 3086 1367 3131 in
1391 3082 1527 3133 C0”).

185 3192 3110 3222 Μ

942 325 1008 382 IN
1046 323 1263 387 EPIST,
1306 321 1398 379 AD
1435 298 1807 374 HEBRIEOS.
1846 303 2001 361 CAP.
2042 304 2132 360 XI.
2204 300 2442 359 llOMIL.
2492 295 2688 353 XXVI.

3376 287 3483 343 178

1871 401 2110 462 divitias.
2139 410 2191 456 te
2213 409 2394 454 autem
2430 393 2795 450 admiraretur
2829 399 3052 462 propter
3082 397 3478 459 paupertatem,

1872 499 1916 554 si
1948 510 2007 551 se
2035 493 2241 550 videret
2286 506 2317 545 a
2360 500 2411 546 te
2442 498 2589 544 tanto
2618 486 2800 543 studio
2826 483 3053 555 despici.
3080 481 3187 539 Sed
3218 480 3343 536 facti
3382 496 3477 534 su-

1875 604 2014 655 mus,
2040 586 2233 642 nescio
2260 581 2421 649 unde,
2451 580 2599 636 servi
2646 578 2950 643 hominum,
2982 591 3105 632 cum
3135 574 3332 631 Paulus
3356 587 3474 627 sus-

1875 695 1981 754 que
2009 679 2181 749 deque
2205 676 2402 731 ctamet
2432 691 2447 730 :
2476 672 2653 727 Nolite
2677 670 2789 740 ﬁeri
2814 668 2946 723 servi
2970 667 3233 722 hominum
3259 665 3337 733 (1.
3364 663 3493 718 ϐυτ.

1878 777 1933 831 7.
1962 773 2082 840 23).
2116 769 2270 826 Unde
2300 766 2427 823 facti
2463 780 2654 821 sumus
2678 763 2820 819 servi
2853 759 3177 817 hominum?
3200 758 3333 827 Quia
3363 756 3496 812 facti

1882 877 2070 922 sumus
2094 861 2236 916 servi
2271 858 2473 913 ventris
2499 865 2555 912 et
2582 847 2907 926 pecuniast
2932 852 3122 922 gloriae
3158 861 3214 906 et
3256 848 3497 904 aliorum

1885 961 2128 1019 omnium
2172 954 2552 1027 :prodidimus
2604 946 2913 1007 libertatism
2960 962 3064 1017 qua
3117 961 3218 1001 nos
3277 944 3500 999 donavit

1889 1051 2160 1109 Christus.
2185 1046 2322 1115 Quid
2352 1059 2482 1115 ergo
2497 1051 2684 1099 manet
2703 1054 2828 1095 eum
2848 1039 2940 1108 qui
2970 1039 3144 1093 factus
3170 1044 3255 1091 est
3280 1049 3494 1099 servus,

1893 1144 1983 1200 die
2008 1140 2178 1197 mihi?
2206 1137 2346 1193 Audi
2378 1135 2652 1190 Christum
2686 1132 2957 1187 dicentem
2991 1146 3006 1183 :
3042 1127 3235 1184 Servus
3256 1144 3360 1180 non
3390 1142 3505 1178 nia-

1891 1245 1974 1289 net
2003 1234 2057 1287 in
2082 1232 2234 1286 domo
2264 1230 2316 1283 iu
2344 1238 2590 1283 aeternum
2645 1223 2827 1297 (Joan.
2852 1222 2906 1278 8.
2934 1219 3052 1294 '55).
3088 1219 3266 1275 Habes
3287 1218 3506 1271 absolu-

1893 1337 2003 1381 tam
2049 1322 2398 1385 seulentiam,
2442 1317 2587 1389 quod
2635 1331 2930 1386 numquam
2962 1314 3018 1369 in
3059 1327 3285 1383 regnum
3329 1311 3511 1379 111310-

1893 1418 2038 1472 ditur
2076 1431 2089 1466 :
2130 1414 2233 1468 hoc
2284 1412 2430 1467 enim
2461 1420 2546 1465 est
2574 1409 2789 1464 domus.
2825 1407 2959 1462 Nam
2992 1405 3060 1460 In
3092 1405 3267 1470 domo,
3303 1404 3506 1473 inquit,

1896 1508 2072 1564 Patris
2101 1508 2199 1561 mei
2246 1504 2538 1558 mansiones
2564 1503 2740 1555 multa:
2766 1510 2886 1556 sunt
2919 1498 3225 1571 (Joan.14.
3257 1496 3336 1569 2).
3374 1496 3510 1552 Scr-

1903 1614 2004 1654 vus
2034 1614 2163 1669 ergo
2193 1612 2299 1651 non
2342 1604 2523 1649 manet
2556 1594 2608 1647 in
2651 1594 2812 1647 domo
2860 1591 2913 1645 in
2959 1599 3222 1645 aeternum
3252 1607 3264 1642 :
3292 1600 3516 1644 servum‘

1898 1693 2028 1749 dicit
2055 1690 2258 1761 peccati
2289 1706 2302 1743 :
2332 1688 2423 1758 qui
2445 1696 2624 1741 autem
2649 1686 2702 1740 in
2728 1684 2898 1740 domo
2923 1697 3030 1737 non
3053 1690 3236 1738 manet
3266 1682 3319 1736 in
3346 1691 3510 1737 aiter-

1901 1802 2053 1851 num,
2087 1784 2139 1838 in
2165 1782 2410 1854 gehenna
2440 1789 2619 1833 manet
2650 1778 2700 1831 in
2750 1784 3033 1839 aeternum,
3058 1773 3262 1829 nullam
3308 1773 3520 1829 habens

1901 1877 2351 1935 consolationem.
2370 1870 2475 1929 Sed
2491 1871 2636 1925 enim
2659 1884 2747 1923 res
2767 1868 2832 1921 ad
2854 1882 2971 1919 eam
2996 1865 3275 1922 redierunt
3298 1866 3509 1936 impro-

1901 1966 2125 2022 bitatem
2154 1974 2209 2021 et
2238 1965 2454 2032 vitium,
2484 1973 2542 2021 ut
2586 1965 2750 2021 etiam
2781 1979 2847 2019 ex
2881 1964 3014 2033 ipsis
3040 1964 3239 2019 faciant
3267 1962 3516 2017 01001110-

1901 2072 2082 2128 synas,
2124 2068 2178 2111 et
2228 2057 2429 2113 multos
2472 2057 2759 2111 accipiant.
2793 2056 3087 2125 Propterea
3123 2061 3398 2124 amputata
3432 2061 3521 2109 est

1903 2157 2082 2201 nostra
2126 2143 2367 2216 libertas,
2410 2157 2465 2202 et
2498 2162 2603 2202 non
2634 2162 2918 2217 possumus
2947 2146 3180 2216 aliquem
3205 2147 3508 2214 increpare.

1901 2236 2006 2292 Sed
2039 2253 2183 2293 nunc
2207 2237 2275 2293 de
2306 2247 2511 2293 cartero
2541 2237 2809 2308 fugiamus
2850 2252 3048 2291 noxam
3089 2251 3210 2307 qtae
3248 2235 3373 2290 inde
3401 2235 3523 2289 ori-

1904 2340 1992 2383 tur
2025 2346 2037 2381 :
2085 2339 2141 2385 et
2170 2346 2266 2384 vos
2296 2330 2387 2401 qui
2420 2330 2524 2385 hoc
2571 2330 2738 2384 tutum
2772 2330 3021 2391 volvitis.
3058 2338 3272 2383 cessate
3303 2327 3371 2384 ab
3415 2326 3519 2381 hac

1900 2421 2165 2494 pernicie,
2204 2431 2259 2478 et
2279 2422 2529 2478 cohibete
2545 2433 2783 2479 vestrum
2800 2423 3097 2493 appetitum
3116 2423 3185 2477 ab
3206 2419 3517 2491 hujusmodi

1898 2524 2183 2591 conviviis,
2208 2524 2253 2577 si
2272 2522 2456 2592 aliquo
2484 2520 2650 2577 modo
2672 2520 2945 2591 possimus
2962 2519 3156 2577 saltem
3178 2536 3322 2576 nunc
3340 2520 3513 2577 Deum

1906 2618 2143 2688 placare,
2168 2626 2223 2670 et
2252 2614 2393 2669 bona
2424 2614 2686 2679 consequi
2720 2611 2987 2682 promissa
3020 2628 3033 2664 :
3066 2628 3189 2672 (11110
3210 2612 3370 2667 detur
3395 2627 3509 2667 om-

1906 2709 2065 2763 nibus
2106 2707 2320 2776 assequi
2353 2748 2368 2773 ,
2424 2704 2596 2776 gratia
2640 2713 2695 2760 et
2725 2704 3061 2775 benignitate
3093 2705 3308 2762 Domini
3341 2704 3513 2761 nostri

1900 2798 2026 2853 Jesu
2059 2796 2283 2861 Christi,
2316 2812 2440 2851 eum
2472 2811 2579 2864 quo
2610 2795 2753 2848 Patri
2794 2811 2898 2848 una
2942 2810 3065 2867 cum
3096 2804 3283 2850 sancto
3314 2796 3517 2865 Spiritu

1901 2890 2093 2958 gloria,
2126 2890 2437 2958 imperium,
2459 2887 2653 2952 honor,
2675 2901 2816 2939 nunc
2833 2897 2885 2940 ct
2914 2901 3149 2955 semper,
3168 2896 3224 2940 et
3248 2888 3302 2940 in
3322 2886 3520 2941 smcula

1905 2979 2249 3032 sit‘culorutn.
2284 2981 2478 3031 Anien.

3124 3199 3469 3215 Ἥ

1549 3270 1891 3334 HOMILIA
1935 3270 2177 3332 XXVI.

192 3422 331 3478 CAP.
364 3423 451 3476 11.
483 3437 534 3473 v.
566 3421 657 3475 20.
697 3420 828 3474 Fide
856 3432 903 3473 et
925 3421 987 3473 de
1008 3419 1195 3487 futuris
1222 3416 1479 3472 benedixit
1520 3415 1669 3470 Isaac
1699 3413 1801 3466 Ja-

278 3513 373 3565 cob
394 3523 439 3565 et
470 3511 630 3565 Esau.
660 3511 751 3565 ‘2l.
785 3510 916 3564 Fide
939 3509 1097 3563 Jacob
1129 3510 1349 3562 moriens
1402 3507 1632 3577 singulos
1668 3505 1805 3573 filio-

274 3622 394 3658 rum
441 3602 633 3674 Ioseph
684 3603 957 3665 benedixit,
1014 3612 1058 3655 et
1104 3602 1333 3654 adoravit
1364 3600 1623 3670 fastigium
1652 3599 1809 3666 virga:

272 3700 407 3769 ejus.
444 3697 534 3750 22.
576 3695 707 3749 Fide
748 3696 941 3765 Joseplt
975 3696 1194 3749 moriens
1236 3696 1301 3749 de
1335 3692 1648 3763 profectione
1675 3692 1808 3759 filio-

279 3807 397 3843 rum
428 3791 594 3842 lsrael
629 3798 932 3841 memoratus
962 3797 1055 3855 est,
1086 3797 1131 3839 et
1172 3787 1236 3841 de
1270 3788 1465 3841 ossibus
1510 3786 1613 3839 suis
1660 3801 1808 3838 man—

276 3882 437 3933 (lavit.

283 3975 335 4027 1.
374 3972 547 4037 Multi,
592 3972 781 4042 inquit,
827 3974 1090 4041 prap/ietar
1119 3982 1166 4025 et
1185 3974 1317 4041 justi
1347 3975 1614 4041 cupierunt
1644 3976 1813 4026 videre

207 4081 329 4137 quis
356 4065 554 4130 videtis,
590 4075 634 4115 et
667 4082 767 4116 non
794 4065 1063 4128 uiderunt;
1093 4075 1137 4117 et
1176 4065 1355 4117 audire
1384 4082 1497 4133 qua:
1542 4066 1729 4118 auditis
1769 4076 1814 4119 et

209 4174 314 4209 non
343 4158 614 4210 audierunt
635 4157 850 4225 (Matth.
881 4158 966 4211 15.
991 4156 1102 4238 17).
1135 4155 1402 4225 Numquid
1432 4158 1607 4209 omnia
1640 4157 1813 4210 futura

212 4257 487 4302 noverunt
526 4248 697 4316 justi?
726 4248 976 4301 Maxime.
1010 4246 1144 4301 Nam
1174 4249 1219 4302 si
1252 4248 1375 4302 ideo
1406 4264 1511 4301 non
1544 4250 1817 4320 revolaba-

218 4351 305 4393 tur
339 4339 508 4392 Filius
531 4350 751 4408 propter
781 4339 1208 4399 imbecillitatem
1252 4354 1437 4394 eorum
1466 4342 1556 4409 qui
1588 4356 1691 4394 non
1728 4356 1821 4409 po-

216 4442 392 4485 terant
430 4431 601 4499 ipsum
623 4431 915 4500 suscipere,
948 4429 1032 4495 iis,
1057 4431 1145 4498 qui
1176 4431 1370 4484 virtute
1384 4430 1818 4498 resplendebaut,

218 4526 417 4577 merito
469 4523 829 4575 revclzibatur.
884 4522 994 4577 1100
1055 4537 1196 4576 1111110
1237 4524 1396 4576 etiam
1429 4524 1558 4577 dicit
1604 4525 1818 4591 Paulus,

225 4614 369 4684 quod
423 4614 662 4667 sciebant
710 4614 927 4678 futura,
959 4629 1153 4683 nempe
1203 4615 1400 4669 Christi
1470 4618 1821 4671 resurrectio-

222 4722 373 4761 nem.
411 4705 505 4758 Vel
537 4708 695 4774 igitur
724 4707 827 4760 hoc
846 4706 1001 4768 dicit;
1032 4708 1118 4761 vel
1146 4707 1299 4771 illud,
1332 4706 1463 4761 Fide
1493 4708 1554 4762 de
1604 4711 1787 4778 futuris
1810 4753 1823 4774 ,

225 4799 427 4852 dicitur
457 4814 562 4850 non
589 4798 654 4851 de
680 4798 859 4851 futuro
880 4800 1207 4865 szeculo,scd
1240 4801 1307 4854 de
1338 4802 1399 4855 iis
1428 4817 1547 4871 qua:
1576 4803 1663 4857 hic
1692 4813 1831 4872 post-

221 4907 284 4945 ea
330 4900 454 4940 sunt
501 4888 696 4942 futura.
754 4889 809 4944 Si
865 4891 964 4943 hoc
997 4906 1102 4945 non
1149 4902 1311 4958 esset,
1346 4896 1614 4964 quomodo
1670 4896 1832 4953 homo

223 4979 426 5034 sedens
460 4979 513 5031 in
546 4988 684 5033 terra
714 4982 998 5050 peregrina
1032 4983 1164 5037 tales
1195 4983 1351 5038 daret
1382 4986 1832 5042 benedictiones?

227 5070 509 5141 quomodo
538 5071 858 5126 obtinuisset
888 5072 1342 5141 benedictionem,
1380 5087 1432 5131 ct
1460 5096 1575 5132 eam
1612 5096 1716 5133 non
1748 5098 1832 5135 oc-

230 5162 419 5231 ccpit?
462 5162 623 5215 Vides
665 5163 807 5231 quod
842 5163 980 5217 idem
1030 5165 1317 5221 dicendum
1362 5170 1413 5222 in
1462 5170 1659 5240 Josepb
1694 5174 1833 5241 quod

229 5253 344 5308 dixi
369 5253 419 5305 in
449 5254 773 5319 Abrahamo,
796 5257 935 5325 quod
962 5273 1065 5311 non
1087 5273 1212 5312 usus
1235 5262 1305 5313 sit
1328 5260 1722 5329 benedictione,
1744 5266 1837 5319 sed

216 5341 639 5401 benedictiones
680 5342 929 5394 exierunt
957 5343 1020 5395 ad
1052 5354 1340 5411 posteros;
1377 5349 1487 5417 ipse
1516 5359 1698 5401 autem
1750 5349 1831 5398 111-

220 5450 342 5494 tura
375 5447 459 5489 est
488 5444 810 5504 assequutus
832 5434 854 5487 ’ἲ
878 5436 1180 5492 invenimus
1213 5440 1355 5500 enim
1389 5444 1603 5497 fratrem
1634 5440 1834 5493 11511111-

229 5535 304 5605 gis
337 5532 587 5601 pontum.
618 5530 747 5583 Nam
786 5531 899 5599 ipse
926 5532 1139 5600 quidem
1179 5534 1231 5587 in
1263 5536 1523 5589 servitute
1548 5546 1598 5589 et
1631 5535 1683 5587 in
1726 5535 1830 5585 vita

225 5623 568 5679 mercenaria
594 5632 649 5676 et
680 5623 729 5675 in
766 5622 1020 5690 periculis
1051 5633 1105 5678 et
1145 5626 1195 5678 in
1244 5626 1451 5681 insidiis
1479 5637 1533 5681 et
1587 5631 1636 5680 in
1686 5627 1838 5680 dccc-

226 5716 513 5787 ptionibus
531 5725 583 5768 et
616 5716 665 5768 in
688 5716 967 5769 timoribus
995 5726 1104 5771 toto
1127 5729 1365 5787 tempore
1381 5732 1463 5775 est
1485 5734 1727 5775 versatus
1747 5738 1761 5781 ;
1783 5729 1831 5772 et

227 5825 256 5862 a
277 5807 557 5862 Pharaone
576 5806 934 5877 interrogatus
949 5807 1288 5881 dicit,Patu‘i,
1308 5812 1497 5882 inquit,
1517 5825 1562 5865 et
1586 5813 1705 5865 mali
1736 5817 1839 5881 fuc-

1900 3413 2021 3455 runt
2038 3403 2144 3456 dies
2166 3404 2265 3455 mei
2288 3401 2550 3474 (Camn.
2571 3405 2625 3475 9)
2657 3423 2669 3457 :
2693 3406 2785 3461 ille
2813 3422 2942 3461 vero
2969 3408 3024 3477 in
3063 3410 3354 3465 securitate
3384 3409 3517 3463 vixit

1902 3503 1957 3549 et
1988 3509 2177 3563 magna
2210 3494 2548 3557 auctoritate,
2596 3506 2651 3550 et
2683 3509 2865 3567 postea
2892 3500 2987 3553 fuit
3013 3501 3061 3555 ei
3094 3501 3374 3557 terribilis.
3406 3499 3506 3555 libi

1904 3600 2033 3655 ergo
2081 3594 2378 3639 evenerunt
2419 3587 2827 3644 benedictioues
2874 3593 2979 3646 nisi
3019 3594 3070 3647 in
3104 3594 3326 3649 futuro?
3358 3594 3522 3649 Vides

1905 3677 2047 3748 quod
2068 3679 2135 3732 ab
2156 3680 2307 3734 1111110
2328 3680 2492 3734 rebus
2519 3685 2876 3750 praesentibus
2900 3687 3053 3755 potiti
3086 3698 3209 3741 sunt
3231 3688 3522 3756 mali;jn.~ti

1908 3782 2087 3826 autem
2108 3784 2319 3837 contra,
2348 3789 2452 3827 nou
2484 3784 2662 3829 tamen
2683 3792 2892 3833 omnes.
2924 3778 3063 3833 Ecce
3081 3781 3223 3834 enim
3252 3779 3523 3833 Abraham

1911 3875 2027 3918 01111
2048 3866 2248 3932 justus,
2279 3874 2333 3918 et
2361 3869 2707 3935 prtesenliuui
2742 3886 2921 3925 rerum
2954 3876 3166 3941 copiam
3198 3875 3405 3939 habuit,
3432 3874 3530 3929 sed

1912 3972 2034 4009 011111
2086 3956 2379 4012 afflictione
2424 3968 2477 4013 et
2509 3962 2900 4017 tentationibus
2935 3981 2947 4016 :
2982 3967 3182 4019 ctenim
3212 3969 3342 4019 sola:
3374 3977 3531 4020 erant

1914 4050 2146 4113 divitiae;
2203 4050 2442 4119 alioquin
2474 4062 2630 4107 erant
2666 4055 2784 4124 ejus
2814 4058 2994 4111 omnia
3026 4059 3180 4126 plena
3217 4058 3531 4113 1111110110111⁸

1914 4144 2037 4197 bus.
2070 4141 2256 4212 Neque
2286 4145 2431 4198 enim
2460 4143 2577 4199 fieri
2601 4157 2779 4216 potest
2810 4160 2866 4201 ut
2899 4164 3002 4203 non
3035 4150 3305 4219 affligatur
3327 4150 3532 4219 justus,

1918 4234 2130 4289 etiamsi
2164 4237 2233 4289 sit
2256 4235 2408 4290 dives
2440 4255 2452 4289 :
2485 4254 2609 4292 1111111
2644 4241 2861 4309 quando
2884 4243 2995 4295 vult
3027 4244 3076 4295 in
3108 4245 3269 4297 rebus
3299 4244 3410 4296 suis
3444 4244 3534 4296 Le-

1919 4330 1994 4391 di,
2014 4330 2201 4397 injuria
2231 4327 2372 4384 attici
2404 4341 2457 4385 et
2486 4332 2743 4401 alia'pati,
2794 4350 3015 4389 necesse
3044 4345 3125 4391 est
3160 4346 3216 4387 ut
3246 4335 3533 4404 afltigatur.

1921 4420 2283 4488 Quamobrem
2305 4425 2515 4477 etiamsi
2534 4428 2738 4479 fruatur
2756 4427 2978 4489 divitiis,
3007 4427 3201 4481 fruitur
3217 4442 3319 4480 non
3336 4428 3543 4497 absque

1925 4514 2192 4567 molestia.
2218 4514 2430 4581 Quare?
2461 4516 2723 4584 Quoniam
2750 4519 2904 4572 estin
2935 4519 3227 4573 afflictione
3253 4528 3306 4573 et
3327 4519 3539 4572 dolore.

1925 4604 1979 4659 Si
2012 4616 2189 4659 autem
2215 4607 2343 4675 justi
2372 4620 2497 4662 tunc
2549 4622 2698 4663 erant
2738 4612 2787 4664 in
2820 4610 3131 4676 affliCtione,
3166 4613 3331 4665 multo
3365 4612 3546 4679 magis

1930 4715 2093 4754 nunc.
2126 4700 2255 4753 Fide
2285 4712 2331 4753 et
2360 4702 2420 4753 de
2449 4704 2657 4772 futuris,
2693 4705 2881 4773 inquit,
2917 4705 3172 4759 benedixit
3202 4704 3355 4759 isaac
3380 4703 3554 4757 Jacob

1938 4807 1986 4850 ct
2020 4796 2178 4851 Esau.
2207 4799 2364 4867 Atqui
2390 4797 2531 4851 Esai‘t
2562 4809 2676 4851 erat
2700 4796 2871 4865 major
2892 4808 3051 4861 natu;
3081 4796 3173 4851 sed
3192 4808 3414 4867 propter
3442 4798 3552 4849 vir-

1943 4899 2108 4943 tutem
2141 4891 2404 4958 pra-ponit
2430 4889 2621 4943 .lacob.
2660 4888 2823 4942 Vides
2843 4899 3039 4958 quanta
3067 4900 3211 4943 esset
3242 4890 3413 4943 fides?
3443 4888 3561 4945 Un-

1940 4981 2134 5035 denum
2162 4982 2511 5049 pollicebatur
2534 4981 2654 5034 ﬁliis
2681 4990 2786 5033 tam
2819 4981 2982 5034 multa
3004 4982 3167 5047 bona,
3196 4982 3297 5034 nisi
3322 4998 3387 5036 eo
3409 4983 3559 5049 quod

1941 5074 2162 5125 omnino
2214 5073 2322 5125 Deo
2365 5071 2652 5126 crederet?
2687 5072 2819 5124 Fide
2857 5072 3018 5125 Jacob
3063 5075 3282 5127 moriens
3325 5076 3563 5145 singulos

1940 5167 2166 5236 ﬁliorum
2214 5163 2406 5234 Joseph
2458 5164 2736 5219 benedixit.
2798 5165 2894 5217 llic
2947 5166 3211 5233 ponenda:
3252 5175 3379 5219 sunt
3428 5177 3559 5220 tota:

1942 5258 2367 5319 benedictiones,
2398 5265 2523 5310 utet
2548 5257 2680 5309 fides
2698 5265 2753 5310 et
2776 5256 3056 5325 prophetia
3088 5257 3205 5324 ejus
3228 5258 3297 5309 sit
3326 5260 3551 5312 manife-

1941 5357 2046 5403 sta.
2095 5348 2159 5400 Et
2201 5350 2455 5411 adoravit,
2511 5348 2703 5417 inquit,
2756 5348 3018 5419 fastigium
3076 5350 3234 5419 virga:
3279 5352 3407 5421 ejus.
3458 5352 3567 5406 1110·

1941 5439 2179 5493 ostendit
2209 5438 2352 5507 quod
2380 5455 2484 5492 non
2506 5439 2679 5492 solum
2712 5439 2932 5506 dixerit,
2962 5440 3053 5495 sed
3078 5442 3241 5495 etiam
3262 5442 3397 5495 adeo
3419 5457 3552 5496 con-

1942 5529 2135 5585 fideret
2164 5530 2380 5596 futuris,
2402 5542 2459 5584 ut
2488 5532 2649 5585 etiam
2682 5547 2738 5587 re
2763 5532 2876 5600 ipsa
2901 5534 3233 5588 ostenderet.
3259 5534 3393 5589 Nam
3421 5552 3561 5605 quo-

1942 5624 2084 5677 niam
2116 5636 2458 5678 surreCturus
2476 5634 2591 5677 erat
2619 5640 2712 5679 rex
2743 5625 2881 5679 alius
2903 5641 2967 5679 ex
2994 5625 3273 5695 Ephraim,
3298 5638 3558 5697 propter-

1940 5732 2025 5777 ca,
2091 5715 2264 5785 inquit
2293 5730 2305 5767 :
2344 5714 2406 5767 Et
2432 5715 2664 5769 adoravit
2680 5716 2942 5786 fastigium
2968 5718 3123 5789 virga
3153 5720 3281 5789 ejus.
3312 5720 3425 5775 Hoc
3447 5731 3563 5781 est,

1939 5810 2148 5866 etiamsi
2183 5820 2325 5867 cssct
2357 5824 2523 5866 senex
2551 5809 2685 5881 jam,
2712 5809 2971 5868 adorabat
2996 5812 3219 5885 Joscph,
3244 5818 3563 5887 significans
