4060 6402
620 347 722 408 179

624 447 786 500 totius
812 442 993 516 populi
1020 442 1385 498 adoratiouem
1416 441 1464 496 ei
1486 444 1734 497 futuram.
1768 443 1835 497 Et
1860 443 1961 498 hoc
1986 447 2199 515 quidem

616 535 727 606 jam
745 535 945 602 evenit,
968 533 1180 603 quando
1201 547 1321 587 eum
1339 530 1629 587 adorarunt
1648 532 1839 589 fratres
1860 535 1995 604 ejus;
2018 548 2198 607 postea

620 634 797 680 autem
829 635 943 681 erat
967 626 1125 679 etiam
1156 632 1470 679 eventurum
1493 638 1588 693 per
1607 624 1789 679 decem
1820 626 2009 680 tribus.
2038 626 2200 682 Vides

619 717 887 787 quomodo
914 715 1157 786 prmdixit
1182 730 1245 771 ea
1290 730 1410 785 quae
1441 725 1620 784 postea
1639 728 1793 772 erant
1818 716 2027 772 futura?
2052 721 2199 777 vides

616 817 866 877 quantam
900 806 1161 861 haberent
1191 806 1389 862 iidem?
1417 807 1687 883 quomodo
1715 807 1997 866 crederent
2022 811 2091 866 de
2118 812 2195 868 fu-

618 897 789 952 turis?
814 895 947 951 Nam
963 896 1065 950 alia
1096 895 1311 967 quidem
1344 912 1463 964 quae
1485 906 1609 951 sunt
1636 896 1723 951 hic
1744 901 2047 967 praesentia,
2073 913 2196 956 sunt

614 988 856 1058 exempla
884 989 1029 1042 male
1057 987 1289 1057 patiendi
1317 996 1369 1041 et
1396 986 1592 1041 nullius
1618 986 1742 1041 boni
1767 987 1995 1057 fruendi,
2024 1000 2079 1045 ut
2104 1007 2195 1047 ac~

611 1078 739 1131 cidit
768 1078 819 1132 in
849 1078 1151 1132 Abrahamo
1176 1084 1230 1131 et
1253 1077 1303 1130 in
1333 1076 1497 1131 Abele
1527 1094 1540 1131 :
1572 1077 1674 1132 alia
1732 1089 1913 1134 autem
1951 1092 2076 1136 sunt
2098 1098 2194 1138 ex-

610 1167 785 1234 empla
815 1166 1029 1232 lidei,nt
1050 1166 1100 1219 in
1124 1164 1257 1231 Noe,
1281 1164 1423 1234 quod
1444 1166 1513 1220 sit
1544 1165 1702 1232 Deus,
1733 1170 1876 1238 quod
1906 1169 1973 1224 sil
2003 1186 2187 1227 remu-

612 1260 838 1313 neratio.
883 1256 1016 1313 Nam
1072 1264 1174 1311 hoc
1218 1272 1412 1312 nomen
1446 1258 1572 1326 ﬁdes
1619 1260 1765 1315 varie
1808 1262 2090 1331 accipitur,
2136 1274 2190 1319 et

610 1348 769 1403 modo
800 1348 902 1403 hoc
930 1346 1091 1401 modo
1136 1346 1265 1402 illud
1295 1347 1563 1417 significat
1596 1366 1609 1401 :
1643 1348 1727 1403 hic
1756 1360 1934 1407 autem
1965 1353 2183 1421 indicat,

608 1440 747 1508 quod
778 1438 846 1493 sit
872 1438 1251 1501 remuneratio,
1271 1437 1413 1508 quod
1439 1454 1541 1493 non
1566 1439 1826 1495 iniisdem
1848 1444 2034 1499 eadem
2076 1463 2187 1502 ma-

608 1539 751 1593 neat,
784 1540 837 1584 et
863 1530 1004 1600 quod
1046 1531 1356 1585 certandum
1398 1532 1468 1585 sit
1490 1540 1611 1585 ante
1643 1536 1880 1601 przemia.
1925 1537 2055 1605 Qua:
2086 1554 2183 1593 au-

605 1630 714 1677 tem
766 1622 815 1674 in
857 1618 1055 1689 Josepb
1107 1630 1420 1685 evenerunt,
1477 1631 1601 1675 sunt
1625 1623 1788 1677 solius
1843 1624 2177 1697 fideizquod

606 1712 921 1780 promiserat
949 1710 1276 1776 Abraltamo,
1328 1710 1471 1780 quod
1532 1710 1709 1767 fuerat
1752 1715 2034 1783 pollicitus,
2072 1718 2187 1777 Tibi

603 1801 733 1853 dabo
751 1812 795 1853 et
814 1800 991 1853 semini
1010 1810 1093 1853 tuo
1116 1810 1299 1853 terram
1320 1799 1468 1865 hanc,
1495 1802 1908 1873 audivitJoseph
1942 1824 1954 1858 :
1983 1817 2038 1863 et
2062 1824 2183 1865 cum

602 1901 748 1948 esset
777 1892 828 1946 in
862 1903 1003 1946 terra
1030 1890 1221 1955 aliena,
1253 1888 1477 1942 necdum
1509 1886 1719 1943 videret
1745 1888 1990 1942 evenisse
2035 1901 2169 1955 pra:-

602 1982 908 2045 dictionem,
939 1994 1007 2033 ne
1038 1980 1114 2032 sic
1140 1977 1353 2047 quidem
1382 1976 1668 2045 despondit
1694 1977 1951 2044 animant,
1981 1974 2075 2031 sed
2105 1976 2177 2029 ita

602 2072 849 2136 credidit,
882 2080 939 2124 ut
964 2072 1124 2125 etiam
1148 2069 1353 2124 diceret
1374 2069 1440 2123 de
1469 2071 1633 2134 exitu,
1662 2079 1717 2125 et
1742 2070 1808 2123 de
1828 2072 1938 2123 suis
1959 2068 2179 2123 manda-

605 2170 687 2217 ret
713 2162 943 2217 ossibus.
978 2161 1092 2215 Non
1120 2175 1250 2230 ergo
1286 2159 1402 2228 ipse
1428 2160 1577 2215 solus
1614 2159 1859 2225 credidit,
1891 2160 1987 2215 scd
2017 2161 2177 2215 etiam

608 2252 742 2305 alios
783 2250 993 2305 induxit
1017 2249 1081 2304 ad
1111 2248 1289 2304 fidem.
1317 2249 1441 2304 ldeo
1467 2252 1625 2305 etiam
1668 2251 1940 2305 mandavit
1968 2260 2024 2304 nt
2047 2266 2180 2305 sam-

605 2357 701 2412 per
713 2343 988 2399 exitumin
1003 2343 1182 2395 animo
1198 2351 1507 2406 versentur;
1537 2356 1641 2396 non
1668 2352 1845 2397 autem
1872 2343 1939 2399 de
1961 2344 2176 2398 ossibus

606 2434 907 2487 mandasset
925 2433 1024 2486 nisi
1043 2431 1111 2487 de
1134 2430 1311 2486 futuro
1328 2431 1503 2486 reditu
1524 2431 1728 2486 firmam
1752 2434 2177 2502 persuasionem,

607 2522 893 2577 habuisset.
952 2522 1312 2588 Quamobrem
1360 2536 1480 2576 cum
1529 2522 1713 2576 dicunt
1764 2523 1923 2592 aliqui
1972 2539 1988 2575 :
2038 2524 2177 2577 Ecce

603 2615 761 2669 etiam
787 2615 908 2681 justi
931 2629 1112 2668 curam
1140 2622 1423 2683 gesserunt
1464 2624 1933 2669 monumentorum
1958 2633 1971 2668 :
1992 2621 2074 2670 eis
2093 2616 2175 2669 di-

599 2720 784 2761 camus
813 2704 955 2775 quod
984 2704 1102 2759 ideo
1132 2719 1314 2759 curam
1343 2714 1660 2774 gesserunt,
1717 2706 1952 2775 alioquin
1997 2718 2174 2761 autem

604 2796 823 2851 minime
848 2813 859 2848 :
890 2795 1093 2850 sciebat
1116 2795 1260 2849 enim
1285 2794 1424 2864 quod
1461 2793 1668 2848 Domini
1695 2806 1767 2849 est
1796 2808 1927 2849 terra
1956 2807 2001 2851 et
2020 2798 2183 2866 pleni-

605 2891 723 2944 tudo
745 2891 852 2960 ejus
879 2886 996 2959 (Ps.
1024 2888 1116 2943 ‘23.
1148 2889 1223 2955 l).
1272 2887 1387 2942 Non
1420 2887 1521 2943 hoc
1557 2903 1686 2958 ergo
1718 2890 1979 2959 ignoravit
2007 2891 2095 2959 qui
2127 2890 2179 2944 iu

607 2990 750 3033 tanta
784 2980 915 3033 vixit
955 2980 1289 3049 philosophia
1319 3021 1333 3044 ,
1366 2980 1455 3049 qui
1508 2989 1619 3033 toto
1665 2989 1905 3048 tempore
1950 2983 2081 3035 vixit
2124 2983 2176 3035 ln

604 3070 857 3141 Egypto.
910 3070 1069 3140 Atqui
1113 3070 1308 3125 licebat
1335 3072 1405 3134 ei,
1439 3072 1481 3124 si
1512 3072 1693 3137 vellet,
1722 3074 1939 3136 reverti,
1990 3073 2185 3128 licebat

605 3176 709 3214 non
736 3161 939 3229 lugere,
964 3174 1062 3214 nec
1090 3174 1232 3230 aegre
1269 3159 1407 3214 ferre
1432 3171 1485 3215 et
1525 3162 1792 3231 plangere.
1829 3163 1931 3219 Sed
1964 3174 2017 3219 et
2059 3179 2178 3218 cum

605 3259 805 3318 patrem
841 3250 968 3303 illuc
996 3248 1331 3313 reduxisset,
1362 3266 1457 3305 cur
1484 3267 1606 3306 ossa
1644 3269 1856 3323 quoque
1895 3268 1992 3309 sua
2035 3255 2183 3310 illinc

602 3339 792 3394 abduci
820 3339 1021 3409 jussit?
1049 3354 1227 3394 annon
1248 3342 1451 3396 scilicet
1478 3353 1761 3413 propterea
1784 3346 1807 3397 Ἰ

671 3429 725 3482 2.
761 3428 921 3494 Petri,
976 3427 1151 3494 Pauli,
1184 3431 1401 3486 Joannis
1440 3444 1485 3487 et
1528 3432 1734 3487 Thomte
1757 3435 2025 3503 manifesta
2064 3448 2183 3492 sunt

601 3520 855 3589 sepulcra.
882 3548 951 3559 -—-
967 3520 1101 3585 Quid
1121 3535 1271 3585 vero,
1298 3522 1383 3577 dic
1406 3523 1536 3577 mihi
1559 3540 1763 3594 quaeso,
1794 3526 1957 3594 ipsius
1986 3526 2181 3597 Moysis

602 3628 723 3665 ossa
751 3627 927 3665 annon
958 3612 1057 3666 sita
1089 3625 1207 3666 sunt
1243 3615 1293 3667 in
1322 3624 1461 3670 terra
1491 3616 1697 3670 aliena?
1725 3619 1950 3672 Aarouis
1979 3628 2177 3681 autem,

604 3703 857 3767 Danielis,
883 3703 1150 3767 Jeremim,
1174 3714 1227 3759 et
1249 3708 1610 3776 apostolorum
1646 3710 1953 3778 multorum,
1988 3729 2054 3766 ne
2078 3714 2182 3767 sei-

604 3808 720 3846 mus
743 3792 956 3861 quidem
981 3794 1068 3848 ubi
1091 3796 1190 3848 sita
1223 3797 1348 3851 sint.
1377 3797 1509 3852 Nam
1533 3799 1675 3855 Petri
1703 3802 1917 3868 quidem
1949 3814 2003 3856 et
2032 3804 2177 3859 Pauli

600 3894 655 3939 et
674 3883 891 3939 Joannis
915 3894 971 3939 et.
993 3885 1212 3942 Thema:
1235 3901 1357 3943 nuta
1390 3903 1514 3945 sunt
1539 3893 1779 3962 sepulcra
1817 3896 1921 3965 (a);
1954 3896 2178 3951 aliorum

600 3984 800 4039 autem,
842 3989 961 4028 cum
994 3977 1100 4031 sint
1142 3986 1247 4031 tam
1280 3980 1453 4044 ll'llllll,
1499 3998 1759 4053 nusquam
1790 3996 1911 4039 sunt
1940 3996 2081 4041 nota.
2110 3988 2181 4042 De

599 4079 664 4118 eo
688 4080 813 4134 ergo
841 4080 907 4118 ne
935 4067 1267 4135 plangamus,
1299 4085 1471 4141 neque
1502 4073 1635 4127 adeo
1665 4076 1857 4144 pusillo
1886 4089 1938 4132 et
1968 4078 2181 4147 abjecto

601 4154 768 4207 simus
789 4156 967 4208 animo
992 4171 1007 4209 :
1038 4172 1158 4210 nam
1188 4158 1511 4231 ubicumque
1541 4163 1796 4220 fuerimus
1826 4168 2039 4236 sepulti,
2074 4170 2180 4222 Do-

603 4251 733 4306 mini
760 4265 831 4307 est
859 4263 1015 4317 terra,
1040 4262 1087 4308 et
1116 4254 1371 4323 plenitudo
1413 4256 1543 4325 ejus.
1587 4254 1750 4309 Plane
1785 4255 1844 4309 flt
1883 4253 2025 4324 quod
2059 4252 2170 4307 lieri

596 4357 808 4415 oportet
838 4364 852 4401 :
885 4345 1068 4416 lugere
1096 4356 1273 4401 autem
1296 4355 1349 4401 et
1380 4348 1631 4417 plangere
1658 4355 1713 4402 et
1738 4346 1937 4401 deflere
1966 4362 2058 4400 eos
2084 4345 2173 4413 qui

592 4446 963 4502 excesserunt,
997 4452 1060 4491 ex
1092 4437 1286 4506 pusillo
1327 4448 1382 4492 et
1410 4437 1618 4507 abjecto
1642 4438 1813 4492 oritur
1851 4438 2049 4492 animo.
2079 4436 2170 4492 23.

597 4529 725 4581 Fide
750 4526 951 4599 Moyses
973 4540 1119 4582 natus
1141 4530 1419 4583 occultatus
1449 4539 1521 4583 est
1559 4530 1715 4583 tribus
1741 4528 1990 4583 mensibus
2018 4545 2050 4582 a
2080 4542 2170 4596 pa-

592 4619 811 4672 rentibus
839 4619 963 4672 suis.
995 4618 1150 4673 Vides
1178 4620 1318 4687 quod
1342 4620 1426 4672 hic
1447 4621 1731 4688 sperabant
1752 4634 1871 4689 qum
1891 4628 2012 4691 post
2027 4634 2169 4673 mor-

592 4718 695 4763 tem
724 4717 877 4762 erant
904 4707 1099 4772 futura,
1133 4709 1340 4777 impleri
1370 4710 1421 4763 iu
1452 4711 1632 4764 terra?
1674 4712 1736 4764 Et
1781 4711 1945 4764 multa
1973 4726 2168 4765 evene-

588 4811 713 4854 runt
761 4811 879 4871 post
909 4810 1359 4855 mortemcorum.
1399 4802 1507 4856 lloc
1542 4803 1608 4857 ad
1660 4803 1710 4858 id
1754 4804 1895 4874 quod
1949 4804 2162 4873 quidam

584 4894 788 4957 dicunt,
818 4894 943 4947 Hme
974 4903 1089 4961 post
1116 4904 1342 4947 mortem
1379 4896 1480 4947 illis
1515 4896 1730 4961 fiebant,
1759 4912 1877 4965 qua:
1908 4911 2012 4950 non
2040 4906 2165 4950 sunt

580 4988 854 5054 assequuti
884 4987 1141 5049 viventes,
1166 5002 1337 5055 neque
1358 4988 1647 5041 credebant
1675 4990 1848 5043 futura
1872 4999 1993 5057 post
2022 5004 2162 5042 mor-

582 5087 708 5131 tem.
766 5075 834 5130 Et
883 5092 987 5131 non
1018 5077 1151 5130 dixit
1180 5077 1377 5146 Ioseph
1415 5096 1426 5132 :
1459 5077 1586 5131 Mihi
1634 5080 1831 5134 viventi
1878 5096 1982 5134 non
2014 5080 2163 5135 dedit

582 5179 797 5233 terram,
819 5184 990 5238 neque
1014 5172 1145 5239 patri
1173 5186 1310 5236 meo,
1342 5186 1511 5240 neque
1536 5186 1635 5225 avo
1662 5186 1802 5237 meo,
1824 5174 1977 5243 cujus
1998 5175 2157 5228 etiam

578 5260 858 5327 oportebat
910 5262 1144 5317 revereri
1193 5263 1443 5317 virtutem
1483 5281 1494 5321 :
1527 5262 1626 5318 hos
1657 5276 1832 5320 autem
1866 5267 2158 5322 sceleratos

577 5352 642 5404 iis
668 5351 972 5419 dignabitur
1020 5354 1213 5421 quibus
1262 5355 1381 5409 illos
1429 5371 1533 5410 non
1563 5367 1644 5411 est
1697 5357 2154 5427 dignatus?Nihil

575 5441 766 5495 horum
790 5442 941 5506 dixit,
972 5444 1065 5497 sed
1098 5442 1198 5498 fide
1236 5447 1413 5499 omnia
1442 5448 1569 5500 vicit
1610 5458 1664 5502 et
1689 5449 1981 5517 superavit.
2017 5450 2155 5505 Dixit

550 5533 639 5594 Jle
666 5534 853 5600 Abele,
881 5535 947 5588 de
974 5533 1105 5600 Noe,
1136 5536 1202 5589 de
1233 5537 1558 5603 Abrahamo,
1583 5538 1649 5594 de
1673 5539 1840 5606 Isaac,
1870 5540 1937 5594 de
1962 5539 2148 5605 Jacob,

638 5628 809 5699 (qj__Dc
834 5630 986 5687 Petri,
1022 5630 1474 5699 P‘Jllll._¢t_’030nis
1505 5636 1741 5699 sepulcris
1770 5652 1915 5690 nemo
1938 5640 2135 5692 dubitat.

577 5690 654 5741 De
680 5692 875 5740 'l'homac
899 5692 1123 5755 sepulcro
1147 5695 1225 5743 ubi
1248 5695 1411 5757 fuerit,
1440 5712 1531 5746 non
1557 5690 1619 5747 ita
1644 5711 1851 5750 certum.

1395 343 1453 401 S.
1492 341 1767 401 JOANNIS
1801 336 2274 400 CHRYSOSTOMI
2314 336 2629 393 ARClllEl’.
2671 333 3197 392 CONSTANTINOP.

3804 336 3903 388 180

2319 438 2387 493 de
2408 438 2629 509 Josepb,
2662 440 2751 508 qui
2782 448 2907 494 sunt
2935 453 3122 495 omnes
3151 436 3319 507 gloria
3348 435 3583 507 insignes
3608 444 3665 489 et
3683 436 3920 491 admira-

2318 531 2473 586 biles.
2508 529 2715 585 Rursus
2744 538 2903 601 auget
2922 530 3373 595 consolationem,
3401 542 3514 583 rem
3541 528 3826 584 deducens
3850 528 3910 582 ad

2318 624 2452 676 viles
2473 636 2750 693 personas.
2782 621 3097 690 Namiquod
3138 620 3485 676 admirabiles
3522 620 3742 689 quidem
3795 635 3912 690 per-

2313 728 2461 768 sonae
2488 713 2603 769 haec
2636 714 2744 768 sint
2765 727 2958 782 passae,
2990 722 3047 767 et
3072 712 3214 783 quod
3249 712 3354 767 illis
3386 712 3621 766 minores
3643 727 3911 782 apparue-

2314 807 2443 872 rint,
2474 820 2579 860 non
2625 815 2708 861 est
2732 805 2869 860 adeo
2898 820 3061 875 grave
3092 823 3103 857 :
3135 806 3279 875 quod
3310 816 3487 863 autem
3539 804 3784 860 minores
3812 806 3907 864 vLsi

2310 898 2416 953 sint
2448 896 2792 967 ignobilibus,
2820 898 2921 952 hoc
2948 910 3075 951 vero
3103 906 3186 951 est
3214 911 3397 966 grave.
3426 896 3488 952 Et
3522 896 3711 966 incipit
3754 911 3783 950 a
3815 913 3903 969 pa-

2308 990 2550 1046 rentibus
2578 990 2794 1062 Moysis,
2823 992 2911 1060 qui
2943 990 3163 1044 minime
3208 1001 3361 1045 erant
3392 991 3649 1062 insignes,
3683 999 3742 1047 et
3773 992 3904 1047 nihil

2308 1081 2413 1136 tale
2446 1080 2709 1136 habebant
2742 1083 2901 1152 quale
2930 1081 3089 1136 filius.
3120 1082 3186 1136 Et
3214 1081 3337 1137 ideo
3368 1082 3669 1152 procedens
3688 1099 3905 1155 quoque

2304 1185 2463 1243 auget
2489 1176 2564 1229 rei
2584 1174 2918 1229 insolentiam
2942 1188 3233 1229 recensens
3255 1175 3836 1232 mulieresmerctrices
3849 1186 3905 1231 et

2305 1266 2496 1321 viduas
2526 1284 2540 1319 :
2574 1265 2706 1320 Fide
2726 1267 2891 1333 enim,
2923 1266 3113 1337 inquit,
3150 1265 3331 1320 Raltab
3354 1268 3594 1323 meretrix
3619 1285 3723 1322 non
3749 1270 3905 1339 periit

2299 1377 2413 1414 cum
2428 1359 2721 1423 incredulis,
2745 1361 3000 1428 excipiens
3017 1359 3362 1429 exploratores
3381 1376 3494 1412 cum
3517 1376 3644 1429 pace
3669 1363 3745 1431 (υ.
3779 1362 3897 1429 51).

2301 1451 2369 1505 Ει
2398 1466 2501 1505 non
2530 1451 2704 1505 solum
2737 1450 2879 1517 fidei,
2909 1450 3003 1505 sed
3034 1450 3195 1505 etiam
3221 1449 3552 1505 infidelitatis
3576 1452 3727 1521 ponit
3756 1467 3903 1507 mer-

2299 1542 2508 1609 cedem,
2534 1551 2591 1594 ut
2612 1541 2665 1596 iu
2695 1540 2827 1596 Noe.
2860 1540 3076 1595 Interim
3105 1550 3284 1596 autem
3318 1555 3540 1596 necesse
3586 1552 3672 1596 est
3712 1542 3898 1598 dicere

2294 1633 2360 1689 de
2386 1634 2695 1704 parentibus
2721 1633 2938 1705 Moysis.
2970 1632 3170 1689 Omnes
3192 1636 3459 1688 masculos
3488 1635 3700 1689 Pharao
3724 1638 3891 1707 jussit

2294 1727 2549 1792 interflci,
2595 1736 2647 1781 et
2701 1728 2880 1781 nullus
2931 1726 3117 1797 eflugit
3171 1727 3489 1796 periculum.
3550 1725 3703 1782 Unde
3752 1740 3888 1796 ergo

2290 1830 2572 1889 sperarunt
2602 1820 2635 1874 ii
2665 1819 2778 1875 fore
2804 1830 2861 1875 ut
2889 1830 3165 1875 servarent
3203 1818 3497 1874 infantem?
3520 1819 3598 1875 Ex
3652 1818 3778 1872 fide.
3807 1818 3885 1872 Ex

2289 1926 2391 1982 qua
2420 1910 2565 1966 lide?
2591 1910 2871 1977 Viderunt,
2900 1912 3091 1981 inquit,
3121 1912 3419 1981 elegantem
3450 1912 3726 1966 infantem.
3765 1910 3888 1982 Ipse

2290 2014 2537 2073 aspectus
2560 2019 2655 2059 eos
2682 2005 2900 2059 attraxit
2924 2004 2990 2058 ad
3022 2003 3199 2059 fidem.
3236 2004 3309 2057 Ita
3340 2004 3519 2058 statim
3543 2002 3612 2057 ab
3642 2003 3801 2058 initio
3832 2015 3889 2057 et

2291 2097 2358 2151 ab
2390 2096 2519 2166 ipsis
2546 2098 2724 2152 fasciis
2750 2097 2896 2167 justo
2938 2096 3102 2150 multa
3159 2097 3331 2149 infusa
3360 2104 3475 2149 erat
3518 2096 3722 2165 gratia,
3774 2111 3884 2149 non

2292 2203 2493 2245 naturae
2524 2189 2616 2244 sed
2643 2189 2735 2245 Dei
2764 2204 2947 2259 opera.
2975 2186 3267 2243 Considera
3300 2188 3440 2243 enim
3474 2206 3487 2241 :
3515 2188 3695 2242 statim
3725 2200 3885 2241 natus

2292 2283 2512 2352 pulcher
2560 2283 2823 2352 apparuit,
2883 2296 2988 2336 non
3035 2280 3307 2335 deformis
3348 2279 3484 2348 Quid
3529 2279 3633 2335 hoc
3659 2279 3887 2335 ell‘ecitl

2290 2375 2402 2431 Non
2434 2386 2640 2437 natura.
2674 2374 2765 2430 sed
2808 2376 2977 2446 gratia
3021 2373 3136 2437 Dei,
3174 2388 3293 2442 qua:
3323 2383 3377 2427 et
3418 2372 3700 2427 barbaram
3735 2374 3883 2426 illam

2290 2471 2539 2525 excitavit
2562 2468 2837 2523 mulierem
2865 2466 3169 2537 Egyptian]
3194 2476 3245 2519 et
3267 2465 3655 2529 corroboravit,
3677 2475 3731 2520 et
3757 2480 3883 2519 eum

2288 2564 2494 2632 accepit
2519 2572 2572 2617 et
2594 2561 2881 2630 assumpsit
2904 2579 2916 2613 :
2941 2573 3259 2629 quamquam
3285 2557 3414 2613 fides
3432 2557 3485 2612 in
3508 2557 3590 2612 his
3616 2573 3723 2612 non
3750 2559 3884 2611 satis

2287 2660 2521 2729 amplum
2576 2657 2759 2711 habuit
2809 2664 3182 2726 argumentum
3232 2669 3246 2706 :
3292 2652 3418 2723 quid
3465 2651 3606 2706 enim
3654 2666 3721 2707 ex
3762 2653 3879 2706 visu

2287 2752 2437 2807 credi
2476 2750 2727 2820 poterat?
2754 2747 2848 2803 sed
2900 2762 3012 2810 vos,
3040 2745 3233 2814 inquit,
3289 2758 3357 2799 ex
3417 2743 3579 2799 rebus
3620 2742 3878 2807 creditis.

2288 2847 2447 2899 etiam
2488 2844 2651 2897 multa
2694 2842 2953 2895 habentes
2994 2839 3115 2893 fidei
3164 2840 3385 2908 pignora
3442 2838 3515 2908 (a)
3542 2856 3555 2891 :
3584 2852 3706 2892 nam
3756 2854 3881 2893 eum

2286 2936 2484 3008 gaudio
2522 2934 2793 3003 suscipere
2819 2932 3078 2985 bonorum
3108 2928 3483 2997 direptionem,
3517 2936 3572 2983 et
3598 2944 3879 2998 quaecum-

2288 3044 2391 3098 que
2413 3035 2533 3081 sunt
2558 3022 2881 3092 hujusmodi,
2918 3021 3037 3074 fidei
3062 3030 3174 3075 erat
3197 3030 3249 3075 ct
3268 3020 3585 3074 tolerantiae.
3612 3020 3718 3075 Sed
3746 3037 3883 3092 qun-

2286 3120 2427 3174 niam
2477 3118 2561 3172 isti
2589 3131 2799 3187 quoque
2845 3114 3209 3175 crediderunt,
3258 3111 3456 3167 deinde
3486 3113 3676 3181 pusillo
3699 3124 3753 3167 et
3784 3114 3881 3167 ab-

2281 3211 2427 3279 jecto
2458 3208 2671 3262 fuerunt
2708 3207 2919 3269 animo,
2960 3202 3196 3259 ostendit
3233 3202 3375 3272 quod
3422 3202 3636 3256 illorum
3662 3218 3881 3273 quoque

2289 3302 2423 3356 fides
2445 3299 2666 3354 multum
2689 3297 3078 3352 extendebatur
3111 3315 3125 3350 :
3153 3296 3325 3365 qualis
3349 3294 3444 3348 fuit
3466 3293 3599 3349 fides
3622 3295 3876 3358 Abrahir,

2286 3394 2494 3450 etiamsi
2544 3407 2630 3447 res
2670 3391 2978 3444 viderentur
3012 3404 3265 3459 pugnare.
3309 3388 3375 3442 Et
3420 3405 3519 3441 non
3564 3389 3876 3453 timuerunt,

2286 3486 2474 3555 inquit,
2505 3484 2635 3554 regis
2663 3483 2902 3535 edictum.
2935 3481 3093 3549 Atqui
3125 3478 3253 3533 illud
3282 3494 3443 3547 Opere
3467 3479 3740 3543 constitit;
3774 3478 3879 3534 hoc

2284 3588 2461 3631 autem
2493 3584 2607 3629 erat
2635 3574 2790 3642 plane
2830 3570 2967 3625 nuda
2998 3570 3239 3640 quaedam
3289 3569 3636 3637 exSpectatio.
3680 3569 3746 3623 Et
3775 3570 3881 3625 hoc

2284 3668 2496 3735 quidem
2519 3674 2634 3719 erat
2656 3675 2931 3733 parentum
2959 3679 2970 3713 :
2998 3662 3111 3730 ipse
3136 3676 3261 3715 vero
3288 3659 3496 3729 Moyses
3518 3659 3649 3713 nihil
3672 3661 3875 3715 attulit.

2287 3756 2491 3812 Deinde
2520 3768 2707 3808 rursus
2751 3753 2830 3807 eis
2872 3751 3194 3805 conveniens
3234 3750 3389 3803 affert
3426 3750 3754 3817 exemplum,
3789 3753 3876 3805 vel

2283 3850 2461 3919 potius
2489 3848 2581 3899 illo
2611 3845 2799 3914 majus.
2826 3830 2994 3910 Quale
3020 3841 3187 3895 illud?
3208 3840 3299 3895 21.
3326 3839 3478 3936 [σ’ἱμε,
3504 3841 3877 3913 inquit,‘Hoy-

2283 3957 2359 3995 ses
2390 3938 2597 4011 grandis
2626 3940 2791 4008 factus
2809 3936 3006 4004 negavit
3022 3950 3075 3987 se
3096 3950 3202 3987 esse
3223 3932 3533 4001 ﬁliuni/ilia:
3557 3932 3873 3997 Pharaonis,

2281 4034 2370 4089 ‘35.
2412 4030 2573 4101 Magis
2602 4030 2791 4099 eligens
2817 4027 2968 4097 afﬂigi
2998 4042 3109 4079 cum
3136 4027 3325 4095 populo
3348 4022 3465 4090 Dei,
3493 4042 3646 4093 quant
3671 4036 3874 4095 tempo-

2282 4124 2439 4177 ralem
2462 4126 2652 4190 peccati
2673 4120 2854 4172 Imbere
2866 4118 3241 4188 jucunditatem
3262 4133 3279 4179 ;
3304 4117 3394 4170 26.
3423 4122 3641 4187 mitiores
3663 4120 3874 4173 dii-ilius

2279 4216 2537 4269 cstimans
2565 4215 2801 4270 thesauro
2828 4215 3194 4288 Egyptiarum
3229 4220 3594 4291 improperium
3630 4222 3821 4282 Citriin
3848 4244 3870 4280 :

2276 4308 2549 4377 aspiciebat
2576 4310 2708 4362 enim
2755 4311 2807 4363 in
2848 4312 3323 4366 remunerationem.
3359 4312 3654 4384 Tamquam
3685 4318 3729 4371 si
3787 4321 3867 4375 eis

2278 4396 2478 4453 diceret
2511 4417 2523 4450 :
2552 4398 2720 4454 Nemo
2740 4411 2971 4454 vestrum
3003 4402 3205 4459 dimisit
3228 4404 3450 4473 regiam,
3474 4420 3697 4475 eamque
3720 4424 3864 4477 prm-

2273 4489 2955 4559 claram,ncqueejusmotli
2984 4493 3494 4564 thesauros,neque,
3520 4512 3641 4551 cum
3672 4499 3863 4555 liceret

2275 4595 2393 4635 esse
2418 4581 2576 4635 lilium
2607 4584 2765 4653 regis,
2792 4583 2894 4638 hoc
2919 4584 3175 4653 despexit.
3212 4587 3489 4640 sicutfecit
3526 4588 3749 4659 Moyses.
3794 4592 3864 4647 Et

2273 4671 2411 4737 quod
2432 4688 2533 4724 non
2550 4682 2749 4727 temere
2765 4675 3020 4728 acleviter
3040 4675 3857 4745 dimiserit.signilicavitdicens:

2275 4758 2521 4827 Negavit;
2552 4761 2651 4817 hoc
2676 4777 2777 4825 est,
2808 4764 2939 4825 odit.
2971 4773 3244 4819 aversatus
3273 4777 3373 4820 est.
3405 4766 3706 4827 Caeloenim
3729 4788 3857 4841 pm-

2274 4852 2444 4919 posito
2464 4866 3049 4923 eratsupcrvaranemn
3098 4856 3348 4912 admirari
3380 4861 3575 4929 regiam
3604 4862 3852 4935 Egypti.

2340 4942 2393 4996 3.
2424 4942 2490 4995 Et
2510 4944 2633 4998 vide
2659 4960 2817 5013 quam
2841 4946 3230 5001 admirabiliter
3248 4947 3350 5003 hoc
3378 4954 3613 5019 posuerit
3635 4954 3852 5011 Paulus.

2267 5030 2381 5085 Non
2408 5032 2564 5098 dixit,
2595 5034 2825 5103 Majores
2868 5036 3078 5091 divitias
3104 5038 3379 5094 aestimans
3410 5040 3665 5096 thesauro
3686 5044 3850 5117 Egy-

2268 5124 2495 5190 ptiorum
2515 5126 2702 5177 cmlum
2725 5136 2773 5179 et
2794 5142 2911 5193 qua:
2925 5138 3047 5181 sunt
3072 5129 3122 5181 iu
3140 5129 3284 5182 caelis
3304 5146 3319 5194 ;
3341 5130 3434 5184 sed
3460 5132 3627 5200 quid?
3648 5134 3852 5204 Impro-

2265 5216 2460 5285 perium
2486 5216 2693 5271 Christi.
2732 5217 2861 5272 Nam
2906 5229 3120 5289 propter
3148 5222 3417 5275 Christum
3467 5225 3677 5292 probris
3701 5230 3845 5284 aflici

2264 5308 2453 5361 melius
2483 5308 2823 5374 existimavit,
2851 5325 3007 5378 quam
3036 5325 3153 5365 esse
3186 5312 3237 5365 in
3267 5314 3446 5381 quiete
3469 5324 3525 5368 et
3553 5317 3714 5371 animi
3748 5334 3852 5373 re—

2263 5398 2514 5453 missione
2546 5418 2559 5453 :
2592 5400 2662 5453 ita
2702 5402 2862 5453 etiam
2906 5401 3007 5456 hoc
3034 5403 3205 5471 ipsum
3251 5419 3348 5472 per
3377 5420 3434 5459 se
3462 5416 3577 5459 erat
3612 5424 3846 5467 merces.

2263 5490 2431 5562 Magis
2458 5494 2648 5563 eligens
2668 5494 2822 5563 αθῖίῃὶ
2849 5511 2963 5546 cum
2994 5497 3182 5564 populo
3203 5496 3319 5550 Dei.
3348 5498 3478 5551 Nam
3506 5515 3598 5554 vos
3626 5504 3845 5571 quidem

2262 5598 2357 5653 pro
2385 5586 2534 5639 vobis
2562 5586 2831 5655 patimini;
2859 5587 2946 5642 ille
2977 5599 3157 5643 autem
3185 5605 3282 5659 pro
3320 5592 3438 5648 aliis
3468 5593 3651 5665 elegit,
3681 5608 3734 5651 et
3764 5599 3845 5653 lu-

2314 5703 2387 5761 (ιι)
2418 5702 2505 5752 llic
2529 5717 2730 5765 magnus
2753 5704 2915 5753 hiatu:
2941 5714 3017 5755 est.
3042 5709 3089 5755 ii
3117 5706 3251 5758 Coll).
