4060 6406
151 379 240 431 liti

140 500 275 549 hens
304 508 370 548 ac
397 495 583 548 volens
627 504 861 560 sctpsum
893 475 1121 559 conjecit
1160 489 1213 543 in
1246 498 1350 541 tam
1382 488 1546 541 multa
1579 489 1723 557 peri-

138 586 283 651 cula,
307 601 427 639 cum
450 586 499 640 ei
525 584 709 639 liceret
735 595 787 638 et
835 582 920 652 pic
945 596 1107 651 agere
1132 590 1185 636 et
1216 580 1315 634 frui
1348 579 1523 634 bonis.
1558 580 1723 645 Quam

139 678 489 746 temporalem,
520 677 708 745 inquit,
733 675 927 745 peccati
954 673 1136 726 [tubere
1167 672 1494 741 voluptatem.
1524 672 1724 727 Pecca-

139 777 250 820 tum
270 767 406 821 dixit
424 766 568 837 nolle
586 780 704 819 cum
726 767 844 819 aliis
868 764 1031 834 affligi
1060 781 1072 817 :
1098 763 1200 819 hoc
1221 764 1411 834 inquit,
1444 774 1722 832 peccatqu

138 858 483 913 existimavit.
515 858 570 912 Si
602 873 728 927 ergo
768 856 858 911 illo
913 864 1189 926 peccatum
1239 854 1570 910 existimavit
1618 871 1722 908 non

141 957 387 1015 prompto
412 954 465 1001 et
510 947 673 1001 alacri
712 946 893 1000 animo
936 960 1056 1000 cum
1101 945 1221 999 aliis
1262 944 1441 1015 afﬂigi,
1473 960 1721 1016 magnum

139 1054 267 1109 ergo
295 1040 491 1091 bonum
521 1049 605 1093 est
629 1037 866 1096 afﬂictio.
902 1037 953 1091 in
981 1052 1139 1106 quam
1169 1051 1228 1092 se
1248 1035 1475 1106 conjecit
1496 1052 1527 1091 e
1553 1038 1716 1107 regia.

142 1131 263 1183 llatc
292 1138 471 1182 autem
501 1129 725 1183 faciebat
751 1128 991 1198 quzrdam
1018 1142 1210 1197 magna
1240 1125 1577 1195 praevidens:
1604 1128 1724 1181 ideo

141 1220 216 1272 sic
242 1219 398 1281 dixit,
430 1218 657 1288 Βαίου-εδ
682 1218 883 1271 divitias
902 1217 1159 1271 intimam
1182 1216 1434 1270 thesauris
1447 1214 1722 1288 (Egyptia-

140 1325 251 1360 rum
302 1310 666 1379 impmperittm
717 1306 928 1361 Christi.
983 1306 1119 1376 Quid
1172 1316 1291 1371 est,
1346 1306 1722 1375 Improperium

141 1401 362 1456 Christi?
405 1402 517 1455 lboc
543 1410 654 1467 est,
707 1401 1067 1471 Opprobrium
1114 1400 1258 1471 quod
1298 1414 1395 1455 vos
1443 1400 1716 1469 patimini,

140 1489 488 1560 opprobrium
534 1490 675 1559 quod
704 1490 949 1544 Christus
974 1490 1267 1544 sustinuit:
1296 1498 1389 1544 aut
1424 1490 1565 1560 quod
1596 1505 1721 1559 pro-

140 1591 257 1647 pter
281 1579 553 1634 Christum
586 1579 856 1643 sustinuit,
888 1578 1099 1648 quando
1121 1589 1339 1649 prepter
1359 1589 1562 1649 petram
1594 1595 1721 1650 pro.

142 1673 250 1725 bris
282 1671 632 1732 afficiebatur.
683 1686 745 1726 ex
799 1686 900 1741 qua
940 1687 1129 1741 aquam
1173 1670 1375 1726 eduxit.
1407 1672 1563 1725 Petra
1589 1672 1722 1725 enim

136 1759 241 1800 erat
292 1748 525 1802 Christus
581 1749 673 1816 (1.
725 1749 842 1804 Cor.
910 1752 1098 1821 10.4)
1134 1793 1147 1816 ,
1194 1753 1383 1823 inquit.
1437 1756 1717 1824 Quomodo

134 1837 480 1905 opprobrium
551 1838 787 1893 Christi?
861 1840 993 1906 Quia
1056 1842 1208 1897 bonis
1281 1846 1515 1913 paternis
1564 1862 1717 1903 ever-

138 1927 293 1980 timur
350 1928 559 1996 probris
608 1928 912 1995 afficimur,
971 1932 1109 1987 male
1153 1935 1382 2003 patimur
1431 1936 1500 1991 ad
1550 1937 1720 1994 Deum

134 2018 523 2087 confugientes.
557 2015 851 2076 Verisimile
900 2032 1015 2077 erat
1044 2023 1189 2078 illum
1244 2041 1452 2096 quoque
1508 2029 1721 2098 probris

135 2107 274 2160 affici
324 2109 537 2177 quando
578 2107 742 2162 audiit
784 2128 800 2165 :
852 2110 993 2165 Nam
1030 2130 1110 2166 me
1139 2114 1211 2168 ris
1254 2115 1563 2184 inter/icere,
1590 2120 1720 2174 sicut

136 2196 240 2248 heri
314 2196 618 2276 interfecisti
653 2198 955 2271 £gyptium
1017 2203 1218 2273 (Exod.
1288 2205 1344 2260 Ξ.
1401 2207 1557 2277 ﬂ)?
1605 2210 1718 2267 Hoc

132 2299 213 2343 est
244 2290 628 2359 improperium
651 2290 872 2356 Christi.
903 2285 968 2349 6d
994 2295 1150 2351 ﬁnem
1176 2312 1344 2368 usque
1371 2307 1425 2354 et
1449 2300 1515 2355 ad
1542 2311 1718 2358 extre-

135 2394 278 2432 mum
310 2395 477 2448 usque
498 2380 740 2448 spiritum
770 2384 907 2439 male
938 2387 1041 2454 pati
1071 2405 1083 2440 :
1114 2388 1250 2441 sicut
1280 2390 1494 2459 probris
1514 2392 1717 2449 afﬁcie-

133 2467 291 2521 batur
311 2477 363 2521 et
380 2468 719 2535 audiebat,Si
737 2467 899 2526 Filius
922 2473 1017 2527 Dei
1038 2491 1090 2529 es
1111 2474 1336 2547 (Matth.
1363 2479 1453 2533 9.7.
1478 2480 1583 2553 40)
1606 2524 1621 2548 ,
1651 2483 1719 2537 ab

133 2556 197 2610 iis
225 2570 325 2625 pro
353 2557 547 2626 quibus
576 2559 626 2612 in
658 2574 871 2615 crucem
902 2563 1177 2633 agebatur.
1211 2567 1277 2619 ab
1300 2568 1489 2623 horum
1518 2575 1718 2628 contri-

132 2647 367 2703 bulibus.
402 2649 514 2704 Hoc
540 2660 621 2705 est
648 2653 1026 2723 improperium
1064 2656 1295 2726 Christi,
1326 2663 1536 2729 quando
1570 2665 1717 2731 quis-

136 2740 275 2808 piam
308 2755 346 2803 a
384 2742 496 2795 suis
516 2783 531 2807 ,
563 2744 777 2812 quando
799 2744 866 2799 ab
912 2745 1012 2814 iis,
1058 2763 1194 2818 quos
1225 2750 1486 2805 beneficio
1514 2753 1678 2808 afficit
1701 2798 1714 2817 ,

133 2832 348 2899 probris
373 2831 620 2887 afficitur.
656 2835 751 2890 ille
781 2837 922 2891 enim
953 2837 1019 2893 ab
1057 2853 1123 2894 eo
1148 2840 1443 2910 patiebatur
1485 2846 1573 2912 qui
1605 2854 1722 2901 erat

134 2920 396 2976 beneficio
444 2922 688 2979 affectus.
733 2925 828 2980 llic
857 2941 951 2982 eos
976 2930 1243 2995 excitavit,
1270 2934 1557 2990 ostendens
1576 2939 1721 3007 quod

132 3009 381 3066 Christus
432 3028 643 3083 qquue
690 3014 805 3071 haec
848 3016 1164 3086 patiebatur,
1222 3031 1277 3075 et
1320 3023 1550 3095 Moyses,
1599 3026 1719 3082 dua:

131 3100 294 3156 clarae
321 3111 377 3157 et
417 3102 651 3173 insignes
680 3120 946 3175 personis.
978 3108 1333 3175 Quamobrem
1378 3113 1479 3169 hoc
1521 3119 1720 3185 impro-

133 3192 343 3261 perinm
397 3200 478 3247 est
527 3195 694 3264 magis
719 3194 914 3252 Christi
955 3213 1111 3267 quam
1140 3200 1361 3272 Meysis,
1408 3206 1660 3275 quoniam
1687 3225 1716 3262 a

135 3284 246 3338 suis
272 3283 389 3337 hac
410 3298 598 3353 passus
620 3296 723 3341 est.
753 3287 858 3343 Sed
876 3303 1049 3359 neque
1069 3291 1158 3346 ille
1182 3291 1401 3348 fulmina
1420 3298 1719 3364 emittebat,

136 3388 311 3442 neque
338 3372 425 3428 hic
469 3375 667 3445 aliquid
693 3386 775 3431 est
820 3393 1033 3449 passus,
1064 3381 1156 3437 sed
1187 3385 1394 3452 probris
1443 3387 1717 3445 afﬁcieba-

137 3471 240 3527 tur,
268 3470 325 3517 et
351 3462 557 3519 ferebat
604 3467 803 3532 omnia,
852 3468 959 3523 illis
985 3473 1324 3528 moventibus
1347 3476 1541 3545 capita.
1570 3479 1718 3547 Quo-

136 3552 277 3605 niam
310 3567 439 3623 ergo
468 3555 755 3613 verisimile
774 3567 891 3613 erat
914 3574 1009 3617 eos
1038 3578 1249 3632 quoque
1292 3565 1406 3621 bmc
1431 3568 1638 3637 audire,
1667 3580 1724 3627 et

134 3642 446 3699 desiderare
475 3650 982 3717 remunerationem,
1012 3653 1141 3709 dicit
1185 3654 1457 3713 Christum
1483 3668 1539 3715 et
1566 3661 1719 3733 Moy-

133 3746 248 3786 sem
276 3733 400 3789 talia
423 3749 542 3790 esse
563 3751 867 3807 perpessos.
893 3740 1127 3813 Requies
1147 3759 1273 3816 ergo
1292 3757 1343 3802 et
1363 3752 1610 3808 remissio
1639 3763 1723 3809 est

134 3827 381 3893 peccati;
413 3827 621 3895 probris
643 3840 818 3886 autem
848 3832 1011 3900 affici,
1041 3835 1258 3892 Christi.
1283 3840 1419 3907 Quid
1447 3859 1576 3915 ergo
1601 3863 1717 3900 ina-

134 3916 250 3972 vis?
276 3918 656 3988 improperium
678 3922 900 3989 Christi,
920 3939 987 3979 an
1015 3928 1250 3996 requiem
1274 3933 1505 3993 etanimi
1529 3936 1723 3993 remis-

132 4008 387 4063 sionem?
413 4010 503 4064 27.
536 4009 669 4065 Fide
696 4014 896 4084 reliquit
922 4015 1233 4088 .Egyplttm,
1265 4039 1366 4076 non
1394 4027 1579 4081 veritus
1604 4030 1721 4083 aui-

134 4101 423 4153 mositatem
448 4103 579 4173 regis
602 4105 934 4173 :invisibilem
960 4111 1091 4162 enim
1123 4122 1378 4183 tamquam
1406 4120 1577 4174 tridens
1605 4139 1723 4177 sus-

134 4193 312 4246 tinuit.
340 4193 478 4261 Quid
533 4195 700 4251 dicis?
727 4214 832 4253 non
863 4201 1075 4256 timuit?
1094 4207 1252 4275 Atqui
1276 4208 1404 4264 dicit
1426 4210 1723 4283 Scriptura,

133 4285 281 4355 quod
322 4300 444 4340 cum
469 4288 758 4345 audivisset
783 4291 978 4358 timuit,
1010 4303 1065 4349 et
1091 4296 1211 4352 ideo
1259 4300 1378 4371 fuga
1421 4317 1532 4359 sua:
1559 4306 1721 4363 saluti

132 4375 410 4466 consuluit
433 4379 710 4449 etaufugit
733 4389 787 4435 et
811 4379 992 4437 furtim
1018 4399 1079 4440 se
1108 4388 1396 4459 subduxit,
1441 4404 1496 4449 et
1524 4406 1708 4466 postea

129 4473 251 4519 erat
274 4464 329 4518 in
359 4464 573 4520 timum.
596 4467 827 4524 Attende
855 4470 1145 4543 diligenter
1164 4485 1216 4531 et
1236 4493 1484 4539 accurate
1498 4464 1551 4542 ei
1580 4490 1722 4557 quod

129 4556 478 4651 dictum‘est:
504 4558 656 4624 illud,
698 4559 823 4616 Non
845 4564 1034 4621 ver-itus
1055 4567 1186 4622 iram
1212 4574 1367 4641 regis,
1390 4575 1525 4631 dixit
1544 4582 1720 4651 respi-

126 4649 279 4703 ciens
295 4647 367 4702 ad
395 4647 445 4702 id
469 4651 612 4719 quod
639 4660 821 4720 postea
841 4654 1126 4712 adstiterit.
1150 4659 1412 4719 Timentis
1432 4668 1575 4723 enim
1604 4647 1722 4728 erat

127 4754 234 4793 non
262 4740 533 4812 attingere
584 4757 774 4799 rursus
817 4745 1185 4805 defensionem
1227 4764 1282 4809 et
1320 4762 1673 4825 patrocinium
1697 4805 1715 4831 ,

127 4845 306 4925 neque
326 4846 441 4885 rem
468 4834 684 4903 aggredi
708 4850 724 4899 ;
746 4836 921 4893 denuo
945 4849 1124 4895 autem
1152 4846 1432 4916 attingere,
1463 4862 1578 4907 erat
1600 4854 1716 4925 ejus

128 4924 217 4992 qui
252 4923 366 4979 Deo
395 4926 575 4979 omnia
603 4930 993 4985 committebat.
1016 4932 1133 4988 Non
1164 4938 1307 4992 enim
1329 4940 1484 5009 dixit,
1512 4923 1717 5010 Quairit

124 5032 246 5086 mc,
294 5026 351 5071 et
390 5016 647 5088 indagat,
700 5036 802 5076 nec
824 5022 999 5078 audeo
1035 5026 1223 5082 eadem
1257 5045 1443 5088 rursus
1468 5038 1708 5107 aggredi.

123 5108 254 5186 Erat
281 5109 462 5178 itaque
485 5108 609 5166 fidei
627 5110 831 5182 fugere.
857 5113 966 5170 Cur
988 5130 1117 5189 ergo
1140 5135 1244 5175 non
1270 5126 1487 5191 mansit,
1508 5127 1713 5199 inquit?

122 5199 198 5255 Ne
247 5201 301 5255 in
333 5202 618 5271 praevisum
648 5218 707 5258 se
750 5206 994 5275 injiceret
1039 5212 1353 5280 periculum.
1407 5218 1517 5276 Hoc
1565 5225 1706 5279 enim

118 5290 227 5359 jam
280 5302 399 5349 erat
460 5296 733 5364 tentantis,
795 5297 846 5352 in
900 5302 1075 5357 media
1141 5307 1386 5373 prosilire
1445 5313 1704 5384 pericula,

118 5392 174 5439 et
196 5381 409 5449 dicere,
458 5384 679 5441 Videam
735 5402 802 5442 an
852 5406 939 5446 me
986 5404 1165 5450 servet
1212 5397 1372 5454 Deus.
1405 5401 1515 5458 lloc
1542 5381 1703 5464 etiam

120 5474 337 5531 Christo
377 5474 514 5530 dixit
566 5474 840 5545 diabolus,
898 5480 1045 5538 Mitte
1097 5495 1144 5540 te
1196 5487 1434 5545 deorsum
1488 5493 1697 5565 (Matth.

116 5570 169 5623 4.
218 5566 318 5637 6).
371 5565 537 5623 Vides
591 5570 731 5639 quod
793 5575 898 5628 hoc
973 5575 1043 5656 sit
1092 5577 1448 5653 diabolicum,
1501 5596 1703 5646 temere

113 5668 168 5713 et
223 5658 615 5715 inconsiderate
661 5675 723 5719 se
765 5663 815 5716 in
866 5667 1097 5733 pericula
1126 5671 1428 5744 conjicere,
1470 5688 1527 5733 et
1578 5690 1695 5737 ten-

116 5762 226 5807 tare
264 5769 331 5807 an
367 5752 508 5808 Deus
545 5757 865 5811 conservet?
915 5758 1006 5812 Eis
1050 5764 1191 5820 enim
1244 5783 1472 5837 prmcsse
1501 5783 1551 5827 et
1602 5789 1698 5830 eos

448 5848 720 5913 PtTuuL.
768 5853 883 5915 (in.
936 5856 1157 5922 LXIII.

947 367 1009 423 IN
1053 366 1262 423 l‘ll'lST.
1294 366 1382 421 AD
1422 365 1784 425 HEBRA‘XOS.
1830 363 1980 421 CAP.
2015 358 2103 443 XI.
2160 362 2392 419 llOMlL.
2438 361 2626 421 XXVI.

3312 366 3413 421 182

1829 483 2057 555 amplius
2108 478 2395 547 defendere
2447 491 2552 530 non
2599 481 2808 546 poterat
2836 514 2849 539 ,
2895 488 3015 529 eum
3062 483 3170 532 tam
3219 476 3409 548 ingrati

1823 584 2005 635 essent
2024 572 2210 635 animi,
2234 571 2323 641 qui
2351 568 2721 624 aificiebantur
2743 566 3003 622 beneficio
3029 584 3044 622 :
3071 568 3259 624 fuisset
3281 586 3410 641 ergo

1827 668 2057 726 stultitia
2085 675 2139 721 et
2169 664 2364 719 tuentis
2397 660 2642 717 vecordia
2676 660 2783 715 illic
2818 662 3057 716 manere.
3081 659 3208 716 llzec
3229 673 3407 717 autem

1820 761 1997 819 omnia
2024 758 2160 815 facta
2186 764 2348 819 sunt,
2378 752 2520 825 quod
2548 753 2619 807 ita
2642 750 2906 807 tolerabat
2929 760 3198 821 tamquam
3220 753 3408 810 videns

1820 867 1942 908 eum
1972 850 2063 921 qui
2102 862 2208 902 non
2262 845 2405 902 cadit
2453 844 2555 898 sub
2605 841 2986 914 aspcctum.(a)
3049 842 3105 898 Si
3148 857 3277 913 ergo
3308 861 3407 898 nos

1818 955 2033 1013 quoque
2047 940 2213 993 Deum
2228 943 2405 991 mente
2420 947 2634 1001 semper
2648 930 2945 995 videamus,
2963 930 3007 985 si
3024 931 3075 985 in
3090 932 3209 1001 ejus
3222 948 3400 989 recor-

1816 1034 2033 1088 datione
2060 1043 2274 1097 semper
2290 1033 2524 1081 nostram
2545 1037 2823 1079 versemus
2834 1022 3233 1093 cogitationem,
3250 1028 3403 1081 nobis

1816 1122 1993 1179 omnia
2015 1134 2230 1190 semper
2254 1125 2414 1173 erunt
2444 1113 2643 1181 facilia,
2673 1114 2853 1168 omnia
2878 1113 3197 1182 tolerabilia,
3220 1117 3398 1170 omnia

1814 1216 1970 1273 facile
2011 1214 2278 1276 feremus,
2324 1209 2527 1265 erimus
2553 1204 2807 1261 omnibus
2834 1206 3162 1276 superiores.
3191 1206 3247 1263 Si
3278 1212 3397 1279 quis

1811 1311 1953 1364 enim
1995 1305 2186 1360 videns
2232 1302 2524 1365 dilectum,
2566 1298 2650 1354 vel
2680 1296 2858 1366 potius
2902 1296 3021 1368 ejus
3065 1300 3392 1364 recordans,

1807 1399 2044 1470 exsurgit
2069 1386 2252 1451 animo
2274 1402 2332 1449 et
2354 1401 2535 1447 mente
2561 1390 2620 1444 fit
2639 1389 2877 1455 sublimi,
2901 1400 2953 1445 et
2970 1390 3149 1445 omnia
3189 1390 3293 1447 fert
3320 1392 3398 1446 fa-

1808 1496 1928 1557 cile,
1949 1507 2013 1547 ex
2043 1489 2161 1560 ejus
2185 1484 2444 1542 memoria
2473 1482 2691 1553 capiens
2706 1481 3034 1552 voluptatem
3060 1482 3186 1554 :qui
3216 1494 3395 1539 versat

1805 1584 1860 1638 iu
1875 1581 2200 1654 cogitatione
2225 1592 2351 1633 eum
2376 1577 2466 1647 qui
2496 1588 2595 1629 nos
2614 1586 2742 1627 vere
2767 1573 3017 1645 dignatus
3032 1584 3115 1629 est
3138 1589 3321 1631 amare
3338 1587 3393 1631 et

1808 1675 1925 1746 ejus
1967 1671 2241 1735 meminit,
2274 1667 2489 1741 quando
2532 1667 2613 1723 vel
2642 1665 2925 1721 molestum
2954 1665 3156 1736 aliquid
3196 1670 3393 1723 sentiet

1810 1755 1890 1805 vel
1924 1752 2160 1807 terribile
2185 1764 2239 1807 et
2262 1753 2623 1823 periculosum
2652 1753 2973 1809 extimescat
2996 1752 3025 1806 τ
3051 1751 3267 1823 quando
3292 1755 3402 1808 erit

1809 1844 2004 1913 pusillo
2030 1853 2085 1900 et
2130 1844 2341 1915 abjecto
2369 1844 2599 1901 animo?
2640 1844 2962 1916 Numquam.
3012 1846 3205 1901 Omnia
3253 1849 3398 1902 enim

1809 1933 1962 1987 nobis
1989 1932 2237 1988 videntur
2264 1933 2504 1989 difficilia
2522 1976 2537 2001 ,
2568 1934 2711 2005 quod
2752 1935 2845 1989 Dei
2877 1934 3079 1990 nullam
3106 1933 3403 1991 habeamus

1808 2024 2124 2077 memoriam
2152 2033 2210 2078 ut
2250 2023 2450 2081 trahere
2478 2035 2730 2096 oportet,
2762 2024 2905 2097 quod
2936 2039 3041 2080 non
3070 2040 3196 2081 eum
3229 2026 3281 2080 in
3308 2042 3400 2081 co-

1805 2116 2062 2185 gitatione
2097 2128 2360 2187 perpetuo
2383 2119 2825 2175 circumferamus
2854 2136 2869 2175 :
2905 2120 3101 2175 merito
3128 2120 3273 2175 enim
3303 2137 3399 2174 no-

1808 2205 1888 2261 bis
1914 2206 2141 2273 dixerit,
2167 2205 2378 2263 Oblitus
2406 2222 2468 2264 es
2496 2209 2639 2277 mei,
2667 2224 2769 2281 ego
2813 2225 3027 2281 quoqtte
3072 2212 3147 2265 tui
3201 2210 3398 2265 oblivi-

1806 2313 1926 2353 scar
1958 2316 1973 2352 :
2002 2308 2059 2354 et
2085 2299 2286 2370 duplici
2314 2300 2525 2356 ratione
2556 2299 2616 2355 fit
2643 2302 2866 2369 malum,
2899 2301 3044 2371 quod
3070 2310 3126 2358 et
3152 2315 3251 2357 nos
3279 2301 3398 2371 ejus

1805 2390 2207 2456 obliviscamur,
2233 2400 2287 2447 et
2305 2392 2421 2462 ipse
2441 2392 2633 2447 nostri.
2657 2390 2787 2447 liazc
2806 2393 2950 2447 enim
2978 2393 3086 2447 duo
3106 2401 3231 2448 sunt
3258 2393 3398 2447 inter

1805 2496 1865 2537 se
1891 2483 2105 2552 quidem
2136 2483 2414 2553 complexa
2432 2525 2448 2550 ,
2475 2493 2604 2540 sunt
2624 2492 2803 2540 tamen
2828 2484 2955 2540 duo.
2982 2485 3114 2541 Nam
3144 2501 3395 2556 magnam

1805 2571 2019 2642 quidem
2048 2587 2162 2626 rem
2188 2571 2312 2627 facit
2352 2571 2446 2627 Dei
2473 2574 2767 2640 memoria;
2810 2590 3058 2644 magnam
3106 2576 3294 2643 etiam,
3341 2589 3394 2631 et

1804 2660 1945 2732 quod
1970 2676 2066 2715 nos
2087 2676 2211 2716 eum
2228 2661 2520 2718 habeamus
2543 2662 2597 2718 in
2610 2662 3026 2719 memoria.H:ee
3038 2658 3238 2716 facitut
3255 2666 3399 2721 bona-

1805 2753 2062 2823 eligamus
2081 2770 2095 2819 ;
2118 2751 2231 2820 illa,
2243 2760 2305 2808 ut
2318 2752 2830 2824 perﬁciamus,etad
2844 2753 3007 2811 finem
3047 2756 3392 2813 deducamus.

1809 2844 2095 2915 Propterea
2121 2843 2248 2899 dicit
2268 2845 2528 2916 propheta
2552 2858 2569 2901 :
2599 2846 2797 2901 Memor
2840 2863 2926 2902 ero
2947 2850 3022 2902 tui
3042 2848 3105 2903 de
3124 2859 3258 2904 terra
3281 2850 3397 2905 Jor-

1806 2934 1976 3002 danis,
2000 2943 2045 2988 et
2064 2932 2381 2988 Hcrmoniim
2399 2951 2431 2989 a
2448 2945 2618 2990 monte
2650 2936 2850 2992 medico
2884 2935 3055 3008 (Psai.
3069 2938 3157 2993 41.
3172 2936 3251 3009 7).
3269 2939 3396 2995 Haec

1805 3026 1935 3081 dicit
1962 3024 2189 3097 populus
2209 3026 2300 3096 qui
2322 3033 2438 3081 erat
2462 3027 2514 3081 in
2546 3026 2817 3099 Babylone
2830 3026 3055 3096 ,Πανιω-
3074 3046 3162 3085 ero
3177 3030 3271 3086 tui.

1874 3119 1931 3173 tt.
1976 3118 2119 3189 Ergo
2147 3127 2202 3172 et
2247 3133 2378 3185 nos,
2423 3120 2596 3190 utqui
2626 3119 2797 3174 simus
2839 3119 2893 3175 in
2944 3119 3251 3193 Babylone,
3280 3121 3397 3178 hac

1804 3210 2064 3264 dicamus.
2094 3208 2206 3263 Etsi
2229 3210 2371 3264 enim
2403 3225 2510 3264 non
2536 3209 2789 3266 sedemus
2816 3209 2957 3266 inter
2980 3211 3187 3281 hostes,
3209 3227 3398 3269 sumus

1807 3310 1985 3355 tamen
2014 3300 2156 3356 inter
2183 3300 2453 3355 inimicos.
2481 3300 2616 3357 Nam
2645 3317 2712 3356 ex
2744 3302 2854 3358 illis
2880 3303 2968 3368 alii
2997 3305 3212 3375 quidem
3239 3308 3395 3362 sede-

1803 3392 1932 3448 bant
1958 3400 2228 3462 tamquam
2272 3392 2512 3462 captivi:
2538 3393 2626 3447 alii
2651 3401 2831 3449 autem
2860 3409 2928 3449 ne
2950 3396 3253 3452 sentiebant
3276 3401 3394 3469 qui-

1803 3484 1927 3540 dem
1952 3483 2341 3554 captivitatem,
2369 3492 2429 3537 ut
2452 3483 2657 3550 Daniel,
2690 3494 2750 3539 ut
2776 3495 2885 3541 tres
2906 3486 3082 3556 pueri,
3126 3488 3396 3559 quietiam

1806 3593 1927 3632 cum
1957 3584 2141 3632 essent
2185 3576 2238 3630 in
2266 3576 2612 3647 captivitate,
2662 3579 2781 3649 ipso
2829 3594 2988 3651 rege,
3035 3582 3124 3652 qui
3174 3585 3393 3640 eosab-

1802 3667 2029 3724 duxerat
2073 3668 2126 3723 in
2170 3669 2565 3737 captivitatem,
2596 3678 2751 3724 erant
2794 3670 2848 3724 in
2888 3671 2978 3726 illa
3023 3672 3134 3744 ipsa
3175 3675 3396 3745 regione

1801 3763 2058 3818 clariores
2088 3779 2100 3815 :
2131 3760 2330 3817 etenim
2376 3764 2620 3831 captivos
2648 3763 2909 3820 adorabat
2951 3765 3004 3819 is-
3036 3765 3125 3835 qui
3170 3766 3395 3823 abduxit

1801 3856 1855 3910 in
1886 3855 2270 3924 captivitatem.
2319 3852 2509 3908 Vidisti
2540 3864 2741 3925 quanta
2769 3869 2857 3910 res
2881 3857 2951 3909 sit
2977 3857 3186 3911 virtus?
3218 3858 3393 3915 Etiam

1799 3964 1922 4005 eum
1963 3957 2146 4003 essent
2174 3947 2226 4001 in
2273 3946 2586 4015 captivitate
2617 3947 2877 4003 adorabat
2915 3957 3191 4019 tamquam
3215 3951 3391 4007 domi-

1800 4056 1920 4097 nos.
1950 4040 2042 4094 Ille
2060 4054 2192 4109 ergo
2214 4049 2333 4094 erat
2360 4038 2607 4109 captivus
2633 4041 2802 4111 magis
2828 4057 2989 4111 quam
3013 4042 3089 4097 hi.
3124 4043 3240 4098 Non
3264 4043 3389 4101 fuis-

1798 4145 1881 4191 set
1906 4149 2058 4204 teque
2080 4132 2411 4196 mirandum,
2443 4132 2490 4185 si
2518 4146 2641 4187 cum
2664 4146 2849 4188 essent
2872 4134 2923 4189 in
2951 4148 3046 4189 sua
3078 4137 3274 4207 patria,
3303 4139 3393 4191 ίιιιε

1796 4228 2020 4283 veniens
2054 4240 2150 4281 eos
2182 4224 2492 4293 adorasset,
2524 4238 2619 4280 aut
2648 4226 2694 4281 si
2742 4226 2851 4282 illic
2889 4238 3208 4298 regn‘asscnt
3241 4249 3256 4285 :
3293 4233 3393 4285 mi-

1797 4321 1965 4377 rabile
1994 4327 2079 4374 est
2103 4327 2288 4371 autem
2319 4317 2463 4386 quod
2489 4332 2612 4372 cum
2638 4332 2734 4373 eos
2763 4317 3045 4383 vinxisset,
3072 4327 3127 4374 et
3150 4322 3392 4391 captivos

1798 4415 1851 4469 in
1882 4419 2144 4481 potestate
2190 4423 2286 4463 sua
2330 4407 2591 4475 haberet,
2632 4408 2888 4464 omnibus
2927 4410 3237 4468 videntibus
3281 4428 3388 4467 non

1808 4496 2006 4566 puduit
2030 4513 2129 4554 eos
2169 4500 2425 4567 adorare,
2465 4512 2523 4560 et
2560 4502 2752 4567 Manaa
2782 4501 2980 4558 libare.
3010 4498 3223 4556 Videtis
3249 4498 3398 4567 quod

1794 4604 1900 4648 .res
1930 4588 2028 4645 Dei
2054 4598 2187 4646 sunt
2228 4608 2419 4650 revera
2464 4597 2767 4666 praeclarae,
2800 4608 2888 4650 res
2924 4600 3108 4648 autem
3149 4589 3403 4644 humanm

1803 4693 1930 4740 sunt
1956 4685 2191 4739 umbra?
2224 4686 2510 4757 Ignorabat
2538 4700 2668 4757 ergo
2711 4701 2773 4742 se
2799 4688 2899 4741 sibi
2930 4685 3182 4742 dominos
3226 4685 3401 4742 addu-

1803 4778 1928 4835 cere
1950 4819 1966 4847 ,
1995 4786 2050 4834 et
2069 4793 2205 4850 quos
2230 4786 2349 4833 erat
2375 4777 2697 4841 adoraturus
2717 4820 2732 4845 ,
2762 4792 2858 4833 eos
2881 4779 3027 4848 ipsos
3051 4778 3104 4833 in
3126 4776 3397 4834 fornacem

1804 4870 2058 4941 injicere;
2082 4870 2179 4927 sed
2202 4870 2307 4927 hoc
2334 4871 2439 4927 illis
2464 4881 2581 4928 erat
2608 4874 2778 4926 instar
2798 4873 3021 4927 somnii.

1878 4959 2189 5017 Timentibus
2219 4962 2387 5017 Deum
2406 4963 2540 5017 nihil
2560 4963 2848 5017 molestum.
2875 4992 2951 5004 —
2971 4962 3288 5020 Timeamus
3311 4979 3398 5021 cr-

1798 5068 1902 5123 go,
1926 5069 1958 5107 ο
1979 5049 2198 5121 dilecti,
2233 5055 2519 5111 timeamus
2559 5054 2727 5129 Deum
2758 5072 2770 5107 :
2802 5054 2929 5110 licet
2949 5055 3123 5111 simus
3152 5057 3205 5111 in
3229 5058 3399 5127 capti-

1802 5148 1996 5213 vitate,
2035 5147 2237 5202 crimus
2278 5146 2520 5201 omnium
2540 5147 2826 5202 clarissimi
2854 5165 2867 5200 :
2893 5146 3035 5201 adsit
3074 5148 3234 5206 timor
3264 5148 3391 5213 Dei,

1800 5246 1855 5292 et
1903 5237 2037 5293 nihil
2082 5238 2186 5293 erit
2214 5237 2541 5303 molestum,
2572 5238 2687 5293 sive
2728 5237 2934 5293 dixeris
2984 5247 3393 5309 paupertatem,

1799 5330 1913 5384 sive
1964 5330 2212 5385 morbum
2235 5372 2250 5396 ,
2280 5317 2397 5385 sive
2422 5329 2789 5400 captivitatem
2815 5371 2830 5395 ,
2879 5329 2995 5385 sive
3036 5331 3353 5387 servitutem
3376 5374 3391 5397 ,

1798 5422 1913 5476 sive
1939 5421 2149 5491 quidvis
2190 5420 2514 5487 molestum;
2539 5421 2635 5477 scd
2660 5420 2755 5476 illa
2795 5421 2907 5491 ipsa
2935 5420 3092 5477 nobis
3127 5435 3287 5492 opem
3311 5423 3391 5478 fe-

1800 5520 1918 5567 rent
1945 5511 2011 5566 ad
2042 5513 2336 5567 contraria.
2366 5512 2473 5583 Ipsi
2497 5520 2655 5569 erant
2674 5511 2903 5583 captivi,
2936 5522 2992 5568 et
3010 5528 3107 5569 rex
3136 5528 3234 5571 cos
3257 5514 3391 5570 ado—

1801 5602 1938 5656 ravit
1968 5621 1980 5656 :
2013 5602 2479 5657 tabernaculorum
2509 5602 2686 5673 opifex
2733 5611 2851 5659 erat
2878 5603 3110 5673 Paulus,
3144 5614 3199 5660 et
3227 5604 3277 5661 ei
3305 5620 3394 5659 sa-

1882 5773 1954 5837 (tt)
1980 5773 2068 5823 llir
2094 5789 2289 5839 quoque
2314 5776 2471 5833 hiatus
2495 5777 2720 5829 iubetur.

3000 5884 3075 5944 1‘2
