  <div class='ocr_page' id='page_1' title='image "/cluster/home/n/w/nwhite01/storage/ocr_20150623/63/ien.35556001660919/191.png"; bbox 0 0 4060 6402; ppageno 0'>
   <div class='ocr_carea' id='block_1_1' title="bbox 686 411 780 466">
    <p class='ocr_par' dir='ltr' id='par_1_1' title="bbox 686 411 780 466">
     <span class='ocr_line' id='line_1_1' title="bbox 686 411 780 466; baseline -0.053 0"><span class='ocrx_word' id='word_1_1' title='bbox 686 411 780 466; x_wconf 67' lang='lat'><strong>1.35</strong></span> 
     </span>
    </p>
   </div>
   <div class='ocr_carea' id='block_1_2' title="bbox 678 500 2240 590">
    <p class='ocr_par' dir='ltr' id='par_1_2' title="bbox 678 500 2240 590">
     <span class='ocr_line' id='line_1_2' title="bbox 678 500 2240 590; baseline -0.028 -1"><span class='ocrx_word' id='word_1_2' title='bbox 678 528 986 588; x_wconf 84' lang='lat' dir='ltr'><strong>erilicabant</strong></span> <span class='ocrx_word' id='word_1_3' title='bbox 1031 531 1298 590; x_wconf 89' lang='lat' dir='ltr'><strong>tamquam</strong></span> <span class='ocrx_word' id='word_1_4' title='bbox 1332 515 1456 569; x_wconf 88' lang='lat' dir='ltr'><strong>Deo.</strong></span> <span class='ocrx_word' id='word_1_5' title='bbox 1511 508 1603 561; x_wconf 85' lang='lat' dir='ltr'><strong>llic</strong></span> <span class='ocrx_word' id='word_1_6' title='bbox 1648 508 1817 560; x_wconf 81' lang='lat' dir='ltr'><strong>oritur</strong></span> <span class='ocrx_word' id='word_1_7' title='bbox 1858 500 2109 572; x_wconf 76' lang='lat' dir='ltr'><strong>qua-stin,</strong></span> <span class='ocrx_word' id='word_1_8' title='bbox 2143 512 2240 545; x_wconf 72' lang='lat' dir='ltr'><strong>rm-</strong></span> 
     </span>
    </p>
   </div>
   <div class='ocr_carea' id='block_1_3' title="bbox 681 590 2235 689">
    <p class='ocr_par' dir='ltr' id='par_1_3' title="bbox 681 590 2235 689">
     <span class='ocr_line' id='line_1_3' title="bbox 681 590 2235 689; baseline -0.021 -15"><span class='ocrx_word' id='word_1_9' title='bbox 681 617 904 689; x_wconf 76' lang='lat' dir='ltr'><strong>apostoli</strong></span> <span class='ocrx_word' id='word_1_10' title='bbox 928 612 1315 685; x_wconf 85' lang='lat' dir='ltr'><strong>prohibuerunt</strong></span> <span class='ocrx_word' id='word_1_11' title='bbox 1339 601 1596 659; x_wconf 81' lang='lat' dir='ltr'><strong>sacrilieia</strong></span> <span class='ocrx_word' id='word_1_12' title='bbox 1620 641 1635 664; x_wconf 93' lang='lat'><strong>,</strong></span> <span class='ocrx_word' id='word_1_13' title='bbox 1664 612 1755 650; x_wconf 89' lang='lat' dir='ltr'><strong>sua</strong></span> <span class='ocrx_word' id='word_1_14' title='bbox 1790 595 2104 649; x_wconf 82' lang='lat' dir='ltr'><strong>vestimenta</strong></span> <span class='ocrx_word' id='word_1_15' title='bbox 2154 590 2235 644; x_wconf 82' lang='lat' dir='ltr'><strong>di-</strong></span> 
     </span>
    </p>
   </div>
   <div class='ocr_carea' id='block_1_4' title="bbox 688 682 2241 769">
    <p class='ocr_par' dir='ltr' id='par_1_4' title="bbox 688 682 2241 769">
     <span class='ocr_line' id='line_1_4' title="bbox 688 682 2241 769; baseline -0.017 -5"><span class='ocrx_word' id='word_1_16' title='bbox 688 682 984 769; x_wconf 72' lang='lat' dir='ltr'><strong>scidcrunt,</strong></span> <span class='ocrx_word' id='word_1_17' title='bbox 1027 709 1080 757; x_wconf 92' lang='lat' dir='ltr'><strong>et</strong></span> <span class='ocrx_word' id='word_1_18' title='bbox 1123 715 1154 753; x_wconf 90' lang='lat' dir='ltr'><strong>a</strong></span> <span class='ocrx_word' id='word_1_19' title='bbox 1184 705 1360 767; x_wconf 77' lang='lat' dir='ltr'><strong>empto</strong></span> <span class='ocrx_word' id='word_1_20' title='bbox 1398 708 1492 748; x_wconf 87' lang='lat' dir='ltr'><strong>eos</strong></span> <span class='ocrx_word' id='word_1_21' title='bbox 1518 689 1868 750; x_wconf 75' lang='lat' dir='ltr'><strong>abduxerunt,</strong></span> <span class='ocrx_word' id='word_1_22' title='bbox 1900 693 1954 740; x_wconf 91' lang='lat' dir='ltr'><strong>et</strong></span> <span class='ocrx_word' id='word_1_23' title='bbox 1982 682 2241 738; x_wconf 76' lang='lat' dir='ltr'><strong>fleverunt</strong></span> 
     </span>
    </p>
   </div>
   <div class='ocr_carea' id='block_1_5' title="bbox 682 774 2241 861">
    <p class='ocr_par' dir='ltr' id='par_1_5' title="bbox 682 774 2241 861">
     <span class='ocr_line' id='line_1_5' title="bbox 682 774 2241 861; baseline -0.017 -10"><span class='ocrx_word' id='word_1_24' title='bbox 682 800 918 854; x_wconf 81' lang='lat' dir='ltr'><strong>dicentes</strong></span> <span class='ocrx_word' id='word_1_25' title='bbox 938 839 952 859; x_wconf 91' lang='lat'><strong>,</strong></span> <span class='ocrx_word' id='word_1_26' title='bbox 988 793 1121 859; x_wconf 81' lang='lat' dir='ltr'><strong>Quid</strong></span> <span class='ocrx_word' id='word_1_27' title='bbox 1167 788 1332 861; x_wconf 78' lang='lat' dir='ltr'><strong>facitis</strong></span> <span class='ocrx_word' id='word_1_28' title='bbox 1352 787 1378 841; x_wconf 82' lang='lat'><strong>.’</strong></span> <span class='ocrx_word' id='word_1_29' title='bbox 1404 796 1449 838; x_wconf 80' lang='lat' dir='ltr'><strong>et</strong></span> <span class='ocrx_word' id='word_1_30' title='bbox 1476 800 1566 838; x_wconf 88' lang='lat' dir='ltr'><strong>nos</strong></span> <span class='ocrx_word' id='word_1_31' title='bbox 1591 781 1828 835; x_wconf 76' lang='lat' dir='ltr'><strong>mortales</strong></span> <span class='ocrx_word' id='word_1_32' title='bbox 1853 793 2025 832; x_wconf 83' lang='lat' dir='ltr'><strong>sumus</strong></span> <span class='ocrx_word' id='word_1_33' title='bbox 2052 774 2241 829; x_wconf 65' lang='lat' dir='ltr'><strong>similes</strong></span> 
     </span>
    </p>
   </div>
   <div class='ocr_carea' id='block_1_6' title="bbox 683 865 2241 951">
    <p class='ocr_par' dir='ltr' id='par_1_6' title="bbox 683 865 2241 951">
     <span class='ocr_line' id='line_1_6' title="bbox 683 865 2241 951; baseline -0.017 -6"><span class='ocrx_word' id='word_1_34' title='bbox 683 892 815 945; x_wconf 71' lang='lat' dir='ltr'><strong>vobis</strong></span> <span class='ocrx_word' id='word_1_35' title='bbox 841 887 1062 941; x_wconf 73' lang='lat' dir='ltr'><strong>[taurina</strong></span> <span class='ocrx_word' id='word_1_36' title='bbox 1088 883 1224 951; x_wconf 81' lang='lat' dir='ltr'><strong>(Act.</strong></span> <span class='ocrx_word' id='word_1_37' title='bbox 1258 879 1342 934; x_wconf 71' lang='lat' dir='ltr'><strong>ﬂ.</strong></span> <span class='ocrx_word' id='word_1_38' title='bbox 1374 877 1465 945; x_wconf 70' lang='grc' dir='ltr'><strong>Η)</strong></span> <span class='ocrx_word' id='word_1_39' title='bbox 1502 893 1517 929; x_wconf 85' lang='lat'><strong>:</strong></span> <span class='ocrx_word' id='word_1_40' title='bbox 1546 872 1726 929; x_wconf 80' lang='lat' dir='ltr'><strong>Daniel</strong></span> <span class='ocrx_word' id='word_1_41' title='bbox 1752 880 1925 923; x_wconf 89' lang='lat' dir='ltr'><strong>autem</strong></span> <span class='ocrx_word' id='word_1_42' title='bbox 1956 866 2083 922; x_wconf 81' lang='lat' dir='ltr'><strong>nihil</strong></span> <span class='ocrx_word' id='word_1_43' title='bbox 2119 865 2241 920; x_wconf 76' lang='lat' dir='ltr'><strong>fecit</strong></span> 
     </span>
    </p>
   </div>
   <div class='ocr_carea' id='block_1_7' title="bbox 687 955 2239 1049">
    <p class='ocr_par' dir='ltr' id='par_1_7' title="bbox 687 955 2239 1049">
     <span class='ocr_line' id='line_1_7' title="bbox 687 955 2239 1049; baseline -0.017 -14"><span class='ocrx_word' id='word_1_44' title='bbox 687 975 1009 1049; x_wconf 72' lang='lat' dir='ltr'><strong>huiusmodi.</strong></span> <span class='ocrx_word' id='word_1_45' title='bbox 1056 972 1188 1028; x_wconf 82' lang='lat' dir='ltr'><strong>Nam</strong></span> <span class='ocrx_word' id='word_1_46' title='bbox 1231 968 1373 1040; x_wconf 89' lang='lat' dir='ltr'><strong>quod</strong></span> <span class='ocrx_word' id='word_1_47' title='bbox 1406 967 1519 1035; x_wconf 88' lang='lat' dir='ltr'><strong>ipse</strong></span> <span class='ocrx_word' id='word_1_48' title='bbox 1552 977 1763 1033; x_wconf 88' lang='lat' dir='ltr'><strong>quoque</strong></span> <span class='ocrx_word' id='word_1_49' title='bbox 1801 968 1945 1014; x_wconf 89' lang='lat' dir='ltr'><strong>esset</strong></span> <span class='ocrx_word' id='word_1_50' title='bbox 1990 955 2239 1021; x_wconf 80' lang='lat' dir='ltr'><strong>humilis,</strong></span> 
     </span>
    </p>
   </div>
   <div class='ocr_carea' id='block_1_8' title="bbox 688 1049 2239 1131">
    <p class='ocr_par' dir='ltr' id='par_1_8' title="bbox 688 1049 2239 1131">
     <span class='ocr_line' id='line_1_8' title="bbox 688 1049 2239 1131; baseline -0.017 -5"><span class='ocrx_word' id='word_1_51' title='bbox 688 1081 737 1126; x_wconf 89' lang='lat' dir='ltr'><strong>ct</strong></span> <span class='ocrx_word' id='word_1_52' title='bbox 784 1083 888 1123; x_wconf 90' lang='lat' dir='ltr'><strong>non</strong></span> <span class='ocrx_word' id='word_1_53' title='bbox 932 1065 1105 1119; x_wconf 89' lang='lat' dir='ltr'><strong>minus</strong></span> <span class='ocrx_word' id='word_1_54' title='bbox 1147 1075 1305 1131; x_wconf 90' lang='lat' dir='ltr'><strong>quam</strong></span> <span class='ocrx_word' id='word_1_55' title='bbox 1337 1058 1436 1129; x_wconf 87' lang='lat' dir='ltr'><strong>ipsi</strong></span> <span class='ocrx_word' id='word_1_56' title='bbox 1489 1055 1596 1109; x_wconf 88' lang='lat' dir='ltr'><strong>Deo</strong></span> <span class='ocrx_word' id='word_1_57' title='bbox 1640 1051 1853 1107; x_wconf 77' lang='lat' dir='ltr'><strong>offerret</strong></span> <span class='ocrx_word' id='word_1_58' title='bbox 1891 1049 2148 1119; x_wconf 64' lang='lat' dir='ltr'><strong>gloriam,</strong></span> <span class='ocrx_word' id='word_1_59' title='bbox 2176 1062 2239 1103; x_wconf 80' lang='lat' dir='ltr'><strong>ex</strong></span> 
     </span>
    </p>
   </div>
   <div class='ocr_carea' id='block_1_9' title="bbox 687 1138 2245 1225">
    <p class='ocr_par' dir='ltr' id='par_1_9' title="bbox 687 1138 2245 1225">
     <span class='ocr_line' id='line_1_9' title="bbox 687 1138 2245 1225; baseline -0.013 -13"><span class='ocrx_word' id='word_1_60' title='bbox 687 1158 862 1213; x_wconf 87' lang='lat' dir='ltr'><strong>multis</strong></span> <span class='ocrx_word' id='word_1_61' title='bbox 902 1152 1115 1225; x_wconf 85' lang='lat' dir='ltr'><strong>quidem</strong></span> <span class='ocrx_word' id='word_1_62' title='bbox 1154 1159 1240 1205; x_wconf 90' lang='lat' dir='ltr'><strong>est</strong></span> <span class='ocrx_word' id='word_1_63' title='bbox 1281 1145 1642 1216; x_wconf 85' lang='lat' dir='ltr'><strong>perspicuum.</strong></span> <span class='ocrx_word' id='word_1_64' title='bbox 1682 1139 1913 1194; x_wconf 74' lang='lat' dir='ltr'><strong>Maxime</strong></span> <span class='ocrx_word' id='word_1_65' title='bbox 1936 1138 2146 1207; x_wconf 86' lang='lat' dir='ltr'><strong>quidem</strong></span> <span class='ocrx_word' id='word_1_66' title='bbox 2189 1147 2245 1192; x_wconf 90' lang='lat' dir='ltr'><strong>et</strong></span> 
     </span>
    </p>
   </div>
   <div class='ocr_carea' id='block_1_10' title="bbox 688 1230 2237 1309">
    <p class='ocr_par' dir='ltr' id='par_1_10' title="bbox 688 1230 2237 1309">
     <span class='ocr_line' id='line_1_10' title="bbox 688 1230 2237 1309; baseline -0.011 -10"><span class='ocrx_word' id='word_1_67' title='bbox 688 1254 807 1302; x_wconf 82' lang='lat' dir='ltr'><strong>ante</strong></span> <span class='ocrx_word' id='word_1_68' title='bbox 833 1243 1012 1299; x_wconf 88' lang='lat' dir='ltr'><strong>oumia</strong></span> <span class='ocrx_word' id='word_1_69' title='bbox 1042 1256 1109 1297; x_wconf 82' lang='lat' dir='ltr'><strong>ex</strong></span> <span class='ocrx_word' id='word_1_70' title='bbox 1135 1254 1199 1295; x_wconf 89' lang='lat' dir='ltr'><strong>eo</strong></span> <span class='ocrx_word' id='word_1_71' title='bbox 1224 1236 1365 1309; x_wconf 90' lang='lat' dir='ltr'><strong>quod</strong></span> <span class='ocrx_word' id='word_1_72' title='bbox 1392 1250 1420 1289; x_wconf 93' lang='lat' dir='ltr'><strong>a</strong></span> <span class='ocrx_word' id='word_1_73' title='bbox 1450 1234 1558 1289; x_wconf 89' lang='lat' dir='ltr'><strong>Deo</strong></span> <span class='ocrx_word' id='word_1_74' title='bbox 1584 1231 1895 1301; x_wconf 82' lang='lat' dir='ltr'><strong>diligeretur</strong></span> <span class='ocrx_word' id='word_1_75' title='bbox 1926 1230 2025 1283; x_wconf 91' lang='lat' dir='ltr'><strong>hoc</strong></span> <span class='ocrx_word' id='word_1_76' title='bbox 2055 1240 2198 1299; x_wconf 87' lang='lat' dir='ltr'><strong>patet</strong></span> <span class='ocrx_word' id='word_1_77' title='bbox 2224 1248 2237 1282; x_wconf 90' lang='lat'>:</span> 
     </span>
    </p>
   </div>
   <div class='ocr_carea' id='block_1_11' title="bbox 693 1320 2248 1402">
    <p class='ocr_par' dir='ltr' id='par_1_11' title="bbox 693 1320 2248 1402">
     <span class='ocr_line' id='line_1_11' title="bbox 693 1320 2248 1402; baseline -0.013 -9"><span class='ocrx_word' id='word_1_78' title='bbox 693 1354 800 1394; x_wconf 61' lang='lat' dir='ltr'><strong>oon</strong></span> <span class='ocrx_word' id='word_1_79' title='bbox 822 1335 965 1390; x_wconf 89' lang='lat' dir='ltr'><strong>enim</strong></span> <span class='ocrx_word' id='word_1_80' title='bbox 989 1334 1162 1402; x_wconf 89' lang='lat' dir='ltr'><strong>ipsum</strong></span> <span class='ocrx_word' id='word_1_81' title='bbox 1184 1328 1274 1383; x_wconf 92' lang='lat' dir='ltr'><strong>Dei</strong></span> <span class='ocrx_word' id='word_1_82' title='bbox 1293 1326 1546 1380; x_wconf 89' lang='lat' dir='ltr'><strong>honorem</strong></span> <span class='ocrx_word' id='word_1_83' title='bbox 1565 1321 1661 1375; x_wconf 84' lang='lat' dir='ltr'><strong>sibi</strong></span> <span class='ocrx_word' id='word_1_84' title='bbox 1682 1332 2021 1388; x_wconf 89' lang='lat' dir='ltr'><strong>usurpantem</strong></span> <span class='ocrx_word' id='word_1_85' title='bbox 2038 1320 2248 1374; x_wconf 83' lang='lat' dir='ltr'><strong>sivisset</strong></span> 
     </span>
    </p>
   </div>
   <div class='ocr_carea' id='block_1_12' title="bbox 695 1410 2243 1489">
    <p class='ocr_par' dir='ltr' id='par_1_12' title="bbox 695 1410 2243 1489">
     <span class='ocr_line' id='line_1_12' title="bbox 695 1410 2243 1489; baseline -0.012 -10"><span class='ocrx_word' id='word_1_86' title='bbox 695 1428 894 1489; x_wconf 89' lang='lat' dir='ltr'><strong>vivere,</strong></span> <span class='ocrx_word' id='word_1_87' title='bbox 925 1421 1119 1476; x_wconf 80' lang='lat' dir='ltr'><strong>nedum</strong></span> <span class='ocrx_word' id='word_1_88' title='bbox 1148 1431 1265 1472; x_wconf 79' lang='lat' dir='ltr'><strong>esse</strong></span> <span class='ocrx_word' id='word_1_89' title='bbox 1293 1416 1344 1469; x_wconf 91' lang='lat' dir='ltr'><strong>in</strong></span> <span class='ocrx_word' id='word_1_90' title='bbox 1368 1414 1567 1467; x_wconf 89' lang='lat' dir='ltr'><strong>honore</strong></span> <span class='ocrx_word' id='word_1_91' title='bbox 1592 1418 1648 1465; x_wconf 90' lang='lat' dir='ltr'><strong>et</strong></span> <span class='ocrx_word' id='word_1_92' title='bbox 1684 1410 2073 1464; x_wconf 62' lang='lat' dir='ltr'><strong>existimatione</strong></span> <span class='ocrx_word' id='word_1_93' title='bbox 2116 1425 2128 1462; x_wconf 94' lang='lat'><strong>:</strong></span> <span class='ocrx_word' id='word_1_94' title='bbox 2158 1423 2243 1462; x_wconf 83' lang='lat' dir='ltr'><strong>se-</strong></span> 
     </span>
    </p>
   </div>
   <div class='ocr_carea' id='block_1_13' title="bbox 688 1499 2253 1576">
    <p class='ocr_par' dir='ltr' id='par_1_13' title="bbox 688 1499 2253 1576">
     <span class='ocr_line' id='line_1_13' title="bbox 688 1499 2253 1576; baseline -0.012 -4"><span class='ocrx_word' id='word_1_95' title='bbox 688 1514 863 1572; x_wconf 89' lang='lat' dir='ltr'><strong>cundo</strong></span> <span class='ocrx_word' id='word_1_96' title='bbox 881 1522 1081 1576; x_wconf 91' lang='lat' dir='ltr'><strong>autem,</strong></span> <span class='ocrx_word' id='word_1_97' title='bbox 1108 1507 1245 1576; x_wconf 89' lang='lat' dir='ltr'><strong>quod</strong></span> <span class='ocrx_word' id='word_1_98' title='bbox 1268 1519 1385 1560; x_wconf 93' lang='lat' dir='ltr'><strong>cum</strong></span> <span class='ocrx_word' id='word_1_99' title='bbox 1408 1503 1569 1557; x_wconf 90' lang='lat' dir='ltr'><strong>multa</strong></span> <span class='ocrx_word' id='word_1_100' title='bbox 1593 1502 1834 1554; x_wconf 70' lang='lat' dir='ltr'><strong>libertate</strong></span> <span class='ocrx_word' id='word_1_101' title='bbox 1852 1499 2060 1555; x_wconf 87' lang='lat' dir='ltr'><strong>dicebat</strong></span> <span class='ocrx_word' id='word_1_102' title='bbox 2081 1518 2093 1551; x_wconf 88' lang='lat'><strong>:</strong></span> <span class='ocrx_word' id='word_1_103' title='bbox 2117 1499 2253 1553; x_wconf 78' lang='lat' dir='ltr'><strong>Mihi</strong></span> 
     </span>
    </p>
   </div>
   <div class='ocr_carea' id='block_1_14' title="bbox 687 1592 2249 1675">
    <p class='ocr_par' dir='ltr' id='par_1_14' title="bbox 687 1592 2249 1675">
     <span class='ocr_line' id='line_1_14' title="bbox 687 1592 2249 1675; baseline -0.01 -15"><span class='ocrx_word' id='word_1_104' title='bbox 687 1621 900 1675; x_wconf 76' lang='lat' dir='ltr'><strong>quoque,</strong></span> <span class='ocrx_word' id='word_1_105' title='bbox 926 1620 955 1656; x_wconf 88' lang='grc' dir='ltr'><strong>ο</strong></span> <span class='ocrx_word' id='word_1_106' title='bbox 971 1617 1075 1665; x_wconf 74' lang='lat' dir='ltr'><strong>rex,</strong></span> <span class='ocrx_word' id='word_1_107' title='bbox 1093 1615 1190 1651; x_wconf 83' lang='lat' dir='ltr'><strong>non</strong></span> <span class='ocrx_word' id='word_1_108' title='bbox 1210 1604 1260 1649; x_wconf 79' lang='lat' dir='ltr'><strong>tu</strong></span> <span class='ocrx_word' id='word_1_109' title='bbox 1276 1594 1667 1665; x_wconf 77' lang='lat' dir='ltr'><strong>sapientia,qnte</strong></span> <span class='ocrx_word' id='word_1_110' title='bbox 1692 1602 1765 1645; x_wconf 83' lang='lat' dir='ltr'><strong>est</strong></span> <span class='ocrx_word' id='word_1_111' title='bbox 1790 1592 1839 1643; x_wconf 87' lang='lat' dir='ltr'><strong>in</strong></span> <span class='ocrx_word' id='word_1_112' title='bbox 1870 1592 2249 1658; x_wconf 76' lang='lat' dir='ltr'><strong>me,revclatum</strong></span> 
     </span>
    </p>
   </div>
   <div class='ocr_carea' id='block_1_15' title="bbox 688 1680 2246 1763">
    <p class='ocr_par' dir='ltr' id='par_1_15' title="bbox 688 1680 2246 1763">
     <span class='ocr_line' id='line_1_15' title="bbox 688 1680 2246 1763; baseline -0.01 -10"><span class='ocrx_word' id='word_1_113' title='bbox 688 1698 867 1753; x_wconf 81' lang='lat' dir='ltr'><strong>esthoc</strong></span> <span class='ocrx_word' id='word_1_114' title='bbox 894 1692 1180 1763; x_wconf 75' lang='lat' dir='ltr'><strong>mysterium</strong></span> <span class='ocrx_word' id='word_1_115' title='bbox 1201 1687 1357 1758; x_wconf 81' lang='lat' dir='ltr'><strong>(Dan.</strong></span> <span class='ocrx_word' id='word_1_116' title='bbox 1380 1686 1434 1740; x_wconf 76' lang='lat'><strong>2.</strong></span> <span class='ocrx_word' id='word_1_117' title='bbox 1453 1684 1541 1753; x_wconf 83' lang='grc'><strong>50)</strong></span> <span class='ocrx_word' id='word_1_118' title='bbox 1573 1702 1585 1736; x_wconf 89' lang='lat'>:</span> <span class='ocrx_word' id='word_1_119' title='bbox 1617 1692 1671 1736; x_wconf 89' lang='lat' dir='ltr'><strong>et</strong></span> <span class='ocrx_word' id='word_1_120' title='bbox 1699 1684 1853 1735; x_wconf 89' lang='lat' dir='ltr'><strong>tertio</strong></span> <span class='ocrx_word' id='word_1_121' title='bbox 1896 1697 2096 1749; x_wconf 85' lang='lat' dir='ltr'><strong>rursus,</strong></span> <span class='ocrx_word' id='word_1_122' title='bbox 2127 1680 2246 1753; x_wconf 83' lang='lat' dir='ltr'><strong>quia</strong></span> 
     </span>
    </p>
   </div>
   <div class='ocr_carea' id='block_1_16' title="bbox 689 1773 2250 1852">
    <p class='ocr_par' dir='ltr' id='par_1_16' title="bbox 689 1773 2250 1852">
     <span class='ocr_line' id='line_1_16' title="bbox 689 1773 2250 1852; baseline -0.008 -9"><span class='ocrx_word' id='word_1_123' title='bbox 689 1791 742 1844; x_wconf 90' lang='lat' dir='ltr'><strong>in</strong></span> <span class='ocrx_word' id='word_1_124' title='bbox 774 1787 886 1841; x_wconf 87' lang='lat' dir='ltr'><strong>lacu</strong></span> <span class='ocrx_word' id='word_1_125' title='bbox 910 1793 1024 1839; x_wconf 90' lang='lat' dir='ltr'><strong>erat</strong></span> <span class='ocrx_word' id='word_1_126' title='bbox 1049 1790 1264 1852; x_wconf 77' lang='lat' dir='ltr'><strong>propter</strong></span> <span class='ocrx_word' id='word_1_127' title='bbox 1288 1779 1447 1831; x_wconf 88' lang='lat' dir='ltr'><strong>Deum</strong></span> <span class='ocrx_word' id='word_1_128' title='bbox 1468 1792 1484 1840; x_wconf 83' lang='lat'>;</span> <span class='ocrx_word' id='word_1_129' title='bbox 1503 1786 1555 1829; x_wconf 86' lang='lat' dir='ltr'><strong>et</strong></span> <span class='ocrx_word' id='word_1_130' title='bbox 1580 1773 1788 1843; x_wconf 83' lang='lat' dir='ltr'><strong>quando</strong></span> <span class='ocrx_word' id='word_1_131' title='bbox 1804 1774 1977 1827; x_wconf 74' lang='lat' dir='ltr'><strong>cibum</strong></span> <span class='ocrx_word' id='word_1_132' title='bbox 2001 1776 2048 1829; x_wconf 89' lang='lat' dir='ltr'><strong>ei</strong></span> <span class='ocrx_word' id='word_1_133' title='bbox 2076 1776 2250 1830; x_wconf 88' lang='lat' dir='ltr'><strong>attulit</strong></span> 
     </span>
    </p>
   </div>
   <div class='ocr_carea' id='block_1_17' title="bbox 691 1863 2249 1951">
    <p class='ocr_par' dir='ltr' id='par_1_17' title="bbox 691 1863 2249 1951">
     <span class='ocr_line' id='line_1_17' title="bbox 691 1863 2249 1951; baseline -0.008 -20"><span class='ocrx_word' id='word_1_134' title='bbox 691 1877 948 1951; x_wconf 74' lang='lat' dir='ltr'><strong>propheta</strong></span> <span class='ocrx_word' id='word_1_135' title='bbox 978 1890 993 1927; x_wconf 90' lang='lat'><strong>:</strong></span> <span class='ocrx_word' id='word_1_136' title='bbox 1028 1870 1331 1924; x_wconf 81' lang='lat' dir='ltr'><strong>llecordatus</strong></span> <span class='ocrx_word' id='word_1_137' title='bbox 1366 1877 1458 1931; x_wconf 84' lang='lat' dir='ltr'><strong>est,</strong></span> <span class='ocrx_word' id='word_1_138' title='bbox 1488 1865 1687 1933; x_wconf 74' lang='lat' dir='ltr'><strong>inquit,</strong></span> <span class='ocrx_word' id='word_1_139' title='bbox 1721 1864 1815 1917; x_wconf 86' lang='lat' dir='ltr'><strong>mei</strong></span> <span class='ocrx_word' id='word_1_140' title='bbox 1841 1863 1979 1918; x_wconf 82' lang='lat' dir='ltr'><strong>Deus</strong></span> <span class='ocrx_word' id='word_1_141' title='bbox 2008 1863 2165 1934; x_wconf 81' lang='lat' dir='ltr'><strong>(Dan.</strong></span> <span class='ocrx_word' id='word_1_142' title='bbox 2196 1867 2249 1926; x_wconf 75' lang='lat' dir='ltr'><strong>tl.</strong></span> 
     </span>
    </p>
   </div>
   <div class='ocr_carea' id='block_1_18' title="bbox 694 1952 2249 2032">
    <p class='ocr_par' dir='ltr' id='par_1_18' title="bbox 694 1952 2249 2032">
     <span class='ocr_line' id='line_1_18' title="bbox 694 1952 2249 2032; baseline -0.012 -15"><span class='ocrx_word' id='word_1_143' title='bbox 694 1962 785 2032; x_wconf 75' lang='lat'><strong>37)</strong></span> <span class='ocrx_word' id='word_1_144' title='bbox 810 1978 826 2015; x_wconf 88' lang='lat'><strong>:</strong></span> <span class='ocrx_word' id='word_1_145' title='bbox 855 1960 990 2015; x_wconf 85' lang='lat' dir='ltr'><strong>adeo</strong></span> <span class='ocrx_word' id='word_1_146' title='bbox 1017 1967 1131 2014; x_wconf 90' lang='lat' dir='ltr'><strong>erat</strong></span> <span class='ocrx_word' id='word_1_147' title='bbox 1154 1956 1366 2012; x_wconf 85' lang='lat' dir='ltr'><strong>humilis</strong></span> <span class='ocrx_word' id='word_1_148' title='bbox 1384 1964 1436 2011; x_wconf 90' lang='lat' dir='ltr'><strong>et</strong></span> <span class='ocrx_word' id='word_1_149' title='bbox 1456 1964 1736 2009; x_wconf 79' lang='lat' dir='ltr'><strong>contritus.</strong></span> <span class='ocrx_word' id='word_1_150' title='bbox 1762 1953 1816 2006; x_wconf 92' lang='lat' dir='ltr'><strong>In</strong></span> <span class='ocrx_word' id='word_1_151' title='bbox 1847 1952 1961 2004; x_wconf 89' lang='lat' dir='ltr'><strong>lacu</strong></span> <span class='ocrx_word' id='word_1_152' title='bbox 1989 1960 2101 2004; x_wconf 85' lang='lat' dir='ltr'><strong>erat</strong></span> <span class='ocrx_word' id='word_1_153' title='bbox 2127 1962 2249 2016; x_wconf 87' lang='lat' dir='ltr'><strong>pro-</strong></span> 
     </span>
    </p>
   </div>
   <div class='ocr_carea' id='block_1_19' title="bbox 699 2042 2246 2119">
    <p class='ocr_par' dir='ltr' id='par_1_19' title="bbox 699 2042 2246 2119">
     <span class='ocr_line' id='line_1_19' title="bbox 699 2042 2246 2119; baseline -0.005 -18"><span class='ocrx_word' id='word_1_154' title='bbox 699 2062 815 2119; x_wconf 87' lang='lat' dir='ltr'><strong>pter</strong></span> <span class='ocrx_word' id='word_1_155' title='bbox 845 2050 1004 2102; x_wconf 89' lang='lat' dir='ltr'><strong>Deum</strong></span> <span class='ocrx_word' id='word_1_156' title='bbox 1024 2088 1042 2113; x_wconf 94' lang='lat'><strong>,</strong></span> <span class='ocrx_word' id='word_1_157' title='bbox 1071 2056 1121 2101; x_wconf 89' lang='lat' dir='ltr'><strong>et</strong></span> <span class='ocrx_word' id='word_1_158' title='bbox 1145 2061 1202 2101; x_wconf 90' lang='lat' dir='ltr'><strong>se</strong></span> <span class='ocrx_word' id='word_1_159' title='bbox 1227 2045 1492 2115; x_wconf 80' lang='lat' dir='ltr'><strong>indignum</strong></span> <span class='ocrx_word' id='word_1_160' title='bbox 1520 2042 1862 2099; x_wconf 69' lang='lat' dir='ltr'><strong>existimabat</strong></span> <span class='ocrx_word' id='word_1_161' title='bbox 1896 2051 1951 2094; x_wconf 90' lang='lat' dir='ltr'><strong>ut</strong></span> <span class='ocrx_word' id='word_1_162' title='bbox 1996 2042 2111 2108; x_wconf 77' lang='lat' dir='ltr'><strong>ejus</strong></span> <span class='ocrx_word' id='word_1_163' title='bbox 2165 2054 2246 2093; x_wconf 47' lang='lat' dir='ltr'><strong>re-</strong></span> 
     </span>
    </p>
   </div>
   <div class='ocr_carea' id='block_1_20' title="bbox 678 2129 2251 2202">
    <p class='ocr_par' dir='ltr' id='par_1_20' title="bbox 678 2129 2251 2202">
     <span class='ocr_line' id='line_1_20' title="bbox 678 2129 2251 2202; baseline -0.008 -10"><span class='ocrx_word' id='word_1_164' title='bbox 678 2138 1024 2202; x_wconf 54' lang='lat' dir='ltr'><strong>&quot;cordaretur,</strong></span> <span class='ocrx_word' id='word_1_165' title='bbox 1048 2146 1101 2191; x_wconf 91' lang='lat' dir='ltr'><strong>et</strong></span> <span class='ocrx_word' id='word_1_166' title='bbox 1127 2145 1184 2189; x_wconf 93' lang='lat' dir='ltr'><strong>ut</strong></span> <span class='ocrx_word' id='word_1_167' title='bbox 1207 2133 1566 2190; x_wconf 76' lang='lat' dir='ltr'><strong>exaudiretur.</strong></span> <span class='ocrx_word' id='word_1_168' title='bbox 1590 2132 1697 2187; x_wconf 80' lang='lat' dir='ltr'><strong>Nos</strong></span> <span class='ocrx_word' id='word_1_169' title='bbox 1718 2140 1893 2185; x_wconf 88' lang='lat' dir='ltr'><strong>autem</strong></span> <span class='ocrx_word' id='word_1_170' title='bbox 1936 2145 2055 2185; x_wconf 90' lang='lat' dir='ltr'><strong>cum</strong></span> <span class='ocrx_word' id='word_1_171' title='bbox 2097 2129 2251 2182; x_wconf 83' lang='lat' dir='ltr'><strong>innu-</strong></span> 
     </span>
    </p>
   </div>
   <div class='ocr_carea' id='block_1_21' title="bbox 700 2222 2254 2296">
    <p class='ocr_par' dir='ltr' id='par_1_21' title="bbox 700 2222 2254 2296">
     <span class='ocr_line' id='line_1_21' title="bbox 700 2222 2254 2296; baseline -0.006 -13"><span class='ocrx_word' id='word_1_172' title='bbox 700 2228 969 2283; x_wconf 65' lang='lat' dir='ltr'><strong>met-altilia</strong></span> <span class='ocrx_word' id='word_1_173' title='bbox 998 2226 1319 2283; x_wconf 80' lang='lat' dir='ltr'><strong>exsecranda</strong></span> <span class='ocrx_word' id='word_1_174' title='bbox 1363 2225 1647 2280; x_wconf 88' lang='lat' dir='ltr'><strong>audeamus</strong></span> <span class='ocrx_word' id='word_1_175' title='bbox 1678 2222 1980 2296; x_wconf 78' lang='lat' dir='ltr'><strong>admittere,</strong></span> <span class='ocrx_word' id='word_1_176' title='bbox 2011 2228 2066 2274; x_wconf 91' lang='lat' dir='ltr'><strong>ct</strong></span> <span class='ocrx_word' id='word_1_177' title='bbox 2091 2222 2254 2274; x_wconf 88' lang='lat' dir='ltr'><strong>simus</strong></span> 
     </span>
    </p>
   </div>
   <div class='ocr_carea' id='block_1_22' title="bbox 700 2312 2255 2378">
    <p class='ocr_par' dir='ltr' id='par_1_22' title="bbox 700 2312 2255 2378">
     <span class='ocr_line' id='line_1_22' title="bbox 700 2312 2255 2378; baseline -0.008 -4"><span class='ocrx_word' id='word_1_178' title='bbox 700 2320 934 2374; x_wconf 87' lang='lat' dir='ltr'><strong>omnium</strong></span> <span class='ocrx_word' id='word_1_179' title='bbox 953 2317 1342 2372; x_wconf 84' lang='lat' dir='ltr'><strong>sceleratissimi</strong></span> <span class='ocrx_word' id='word_1_180' title='bbox 1366 2314 1657 2371; x_wconf 78' lang='lat' dir='ltr'><strong>etmaximc</strong></span> <span class='ocrx_word' id='word_1_181' title='bbox 1673 2312 2004 2378; x_wconf 76' lang='lat' dir='ltr'><strong>exsecrandi,</strong></span> <span class='ocrx_word' id='word_1_182' title='bbox 2032 2314 2076 2365; x_wconf 91' lang='lat' dir='ltr'><strong>si</strong></span> <span class='ocrx_word' id='word_1_183' title='bbox 2101 2325 2204 2364; x_wconf 93' lang='lat' dir='ltr'><strong>non</strong></span> <span class='ocrx_word' id='word_1_184' title='bbox 2227 2325 2255 2362; x_wconf 85' lang='lat' dir='ltr'><strong>a</strong></span> 
     </span>
    </p>
   </div>
   <div class='ocr_carea' id='block_1_23' title="bbox 706 2402 2254 2477">
    <p class='ocr_par' dir='ltr' id='par_1_23' title="bbox 706 2402 2254 2477">
     <span class='ocr_line' id='line_1_23' title="bbox 706 2402 2254 2477; baseline -0.004 -15"><span class='ocrx_word' id='word_1_185' title='bbox 706 2409 876 2475; x_wconf 87' lang='lat' dir='ltr'><strong>prima</strong></span> <span class='ocrx_word' id='word_1_186' title='bbox 903 2410 1221 2477; x_wconf 70' lang='lat' dir='ltr'><strong>precatione</strong></span> <span class='ocrx_word' id='word_1_187' title='bbox 1251 2407 1504 2460; x_wconf 78' lang='lat' dir='ltr'><strong>luet-imus</strong></span> <span class='ocrx_word' id='word_1_188' title='bbox 1526 2405 1781 2469; x_wconf 81' lang='lat' dir='ltr'><strong>exauditi,</strong></span> <span class='ocrx_word' id='word_1_189' title='bbox 1809 2403 2125 2458; x_wconf 87' lang='lat' dir='ltr'><strong>recedimus.</strong></span> <span class='ocrx_word' id='word_1_190' title='bbox 2150 2402 2254 2456; x_wconf 76' lang='lat' dir='ltr'><strong>itc-</strong></span> 
     </span>
    </p>
   </div>
   <div class='ocr_carea' id='block_1_24' title="bbox 703 2494 2258 2561">
    <p class='ocr_par' dir='ltr' id='par_1_24' title="bbox 703 2494 2258 2561">
     <span class='ocr_line' id='line_1_24' title="bbox 703 2494 2258 2561; baseline -0.004 -10"><span class='ocrx_word' id='word_1_191' title='bbox 703 2514 830 2553; x_wconf 87' lang='lat' dir='ltr'><strong>vera</strong></span> <span class='ocrx_word' id='word_1_192' title='bbox 864 2500 1083 2552; x_wconf 78' lang='lat' dir='ltr'><strong>multum</strong></span> <span class='ocrx_word' id='word_1_193' title='bbox 1102 2499 1254 2551; x_wconf 65' lang='lat' dir='ltr'><strong>inter</strong></span> <span class='ocrx_word' id='word_1_194' title='bbox 1281 2496 1401 2550; x_wconf 86' lang='lat' dir='ltr'><strong>illos</strong></span> <span class='ocrx_word' id='word_1_195' title='bbox 1429 2505 1480 2549; x_wconf 88' lang='lat' dir='ltr'><strong>et</strong></span> <span class='ocrx_word' id='word_1_196' title='bbox 1508 2510 1606 2548; x_wconf 90' lang='lat' dir='ltr'><strong>nos</strong></span> <span class='ocrx_word' id='word_1_197' title='bbox 1632 2495 1876 2559; x_wconf 89' lang='lat' dir='ltr'><strong>interest,</strong></span> <span class='ocrx_word' id='word_1_198' title='bbox 1903 2504 2155 2561; x_wconf 88' lang='lat' dir='ltr'><strong>quantum</strong></span> <span class='ocrx_word' id='word_1_199' title='bbox 2182 2494 2258 2545; x_wconf 88' lang='lat' dir='ltr'><strong>in-</strong></span> 
     </span>
    </p>
   </div>
   <div class='ocr_carea' id='block_1_25' title="bbox 704 2583 2259 2655">
    <p class='ocr_par' dir='ltr' id='par_1_25' title="bbox 704 2583 2259 2655">
     <span class='ocr_line' id='line_1_25' title="bbox 704 2583 2259 2655; baseline -0.005 -10"><span class='ocrx_word' id='word_1_200' title='bbox 704 2601 785 2645; x_wconf 88' lang='lat' dir='ltr'><strong>ter</strong></span> <span class='ocrx_word' id='word_1_201' title='bbox 821 2591 1006 2646; x_wconf 80' lang='lat' dir='ltr'><strong>C:l!ltlllt</strong></span> <span class='ocrx_word' id='word_1_202' title='bbox 1050 2598 1105 2643; x_wconf 90' lang='lat' dir='ltr'><strong>et</strong></span> <span class='ocrx_word' id='word_1_203' title='bbox 1132 2598 1363 2649; x_wconf 86' lang='lat' dir='ltr'><strong>terram,</strong></span> <span class='ocrx_word' id='word_1_204' title='bbox 1389 2597 1441 2641; x_wconf 90' lang='lat' dir='ltr'><strong>et</strong></span> <span class='ocrx_word' id='word_1_205' title='bbox 1485 2586 1528 2639; x_wconf 89' lang='lat' dir='ltr'><strong>si</strong></span> <span class='ocrx_word' id='word_1_206' title='bbox 1561 2585 1683 2655; x_wconf 89' lang='lat' dir='ltr'><strong>quid</strong></span> <span class='ocrx_word' id='word_1_207' title='bbox 1724 2593 1808 2639; x_wconf 90' lang='lat' dir='ltr'><strong>est</strong></span> <span class='ocrx_word' id='word_1_208' title='bbox 1847 2585 2089 2653; x_wconf 80' lang='lat' dir='ltr'><strong>amplius.</strong></span> <span class='ocrx_word' id='word_1_209' title='bbox 2122 2583 2259 2650; x_wconf 82' lang='lat' dir='ltr'><strong>Quid</strong></span> 
     </span>
    </p>
   </div>
   <div class='ocr_carea' id='block_1_26' title="bbox 703 2676 2263 2749">
    <p class='ocr_par' dir='ltr' id='par_1_26' title="bbox 703 2676 2263 2749">
     <span class='ocr_line' id='line_1_26' title="bbox 703 2676 2263 2749; baseline -0.003 -14"><span class='ocrx_word' id='word_1_210' title='bbox 703 2680 879 2735; x_wconf 82' lang='lat' dir='ltr'><strong>dicis?</strong></span> <span class='ocrx_word' id='word_1_211' title='bbox 906 2690 1021 2749; x_wconf 90' lang='lat' dir='ltr'><strong>post</strong></span> <span class='ocrx_word' id='word_1_212' title='bbox 1056 2687 1160 2731; x_wconf 92' lang='lat' dir='ltr'><strong>tam</strong></span> <span class='ocrx_word' id='word_1_213' title='bbox 1205 2677 1369 2731; x_wconf 78' lang='lat' dir='ltr'><strong>multa</strong></span> <span class='ocrx_word' id='word_1_214' title='bbox 1400 2687 1542 2730; x_wconf 81' lang='lat' dir='ltr'><strong>recte</strong></span> <span class='ocrx_word' id='word_1_215' title='bbox 1568 2684 1622 2731; x_wconf 87' lang='lat' dir='ltr'><strong>et</strong></span> <span class='ocrx_word' id='word_1_216' title='bbox 1650 2676 1901 2745; x_wconf 68' lang='lat' dir='ltr'><strong>praeclare</strong></span> <span class='ocrx_word' id='word_1_217' title='bbox 1927 2687 2073 2744; x_wconf 82' lang='lat' dir='ltr'><strong>gesta</strong></span> <span class='ocrx_word' id='word_1_218' title='bbox 2094 2717 2110 2740; x_wconf 89' lang='lat'><strong>,</strong></span> <span class='ocrx_word' id='word_1_219' title='bbox 2142 2686 2263 2746; x_wconf 81' lang='lat' dir='ltr'><strong>post</strong></span> 
     </span>
    </p>
   </div>
   <div class='ocr_carea' id='block_1_27' title="bbox 704 2762 2264 2832">
    <p class='ocr_par' dir='ltr' id='par_1_27' title="bbox 704 2762 2264 2832">
     <span class='ocr_line' id='line_1_27' title="bbox 704 2762 2264 2832; baseline -0.001 -5"><span class='ocrx_word' id='word_1_220' title='bbox 704 2770 1017 2827; x_wconf 81' lang='lat' dir='ltr'><strong>miraculum</strong></span> <span class='ocrx_word' id='word_1_221' title='bbox 1066 2769 1116 2822; x_wconf 89' lang='lat' dir='ltr'><strong>in</strong></span> <span class='ocrx_word' id='word_1_222' title='bbox 1163 2767 1279 2821; x_wconf 87' lang='lat' dir='ltr'><strong>lacu</strong></span> <span class='ocrx_word' id='word_1_223' title='bbox 1322 2762 1557 2832; x_wconf 80' lang='lat' dir='ltr'><strong>factum,</strong></span> <span class='ocrx_word' id='word_1_224' title='bbox 1585 2766 1719 2821; x_wconf 87' lang='lat' dir='ltr'><strong>adeo</strong></span> <span class='ocrx_word' id='word_1_225' title='bbox 1758 2766 2007 2823; x_wconf 89' lang='lat' dir='ltr'><strong>humilem</strong></span> <span class='ocrx_word' id='word_1_226' title='bbox 2049 2778 2099 2825; x_wconf 90' lang='lat' dir='ltr'><strong>te</strong></span> <span class='ocrx_word' id='word_1_227' title='bbox 2145 2784 2264 2825; x_wconf 86' lang='lat' dir='ltr'><strong>esse</strong></span> 
     </span>
    </p>
   </div>
   <div class='ocr_carea' id='block_1_28' title="bbox 706 2858 2263 2930">
    <p class='ocr_par' dir='ltr' id='par_1_28' title="bbox 706 2858 2263 2930">
     <span class='ocr_line' id='line_1_28' title="bbox 706 2858 2263 2930; baseline -0.001 -12"><span class='ocrx_word' id='word_1_228' title='bbox 706 2858 1233 2921; x_wconf 81' lang='lat' dir='ltr'><strong>existimas?Certe,</strong></span> <span class='ocrx_word' id='word_1_229' title='bbox 1280 2858 1483 2928; x_wconf 88' lang='lat' dir='ltr'><strong>inquit,</strong></span> <span class='ocrx_word' id='word_1_230' title='bbox 1530 2873 1652 2913; x_wconf 87' lang='lat' dir='ltr'><strong>nam</strong></span> <span class='ocrx_word' id='word_1_231' title='bbox 1690 2874 2037 2930; x_wconf 62' lang='lat' dir='ltr'><strong>quaecumque</strong></span> <span class='ocrx_word' id='word_1_232' title='bbox 2076 2858 2263 2917; x_wconf 78' lang='lat' dir='ltr'><strong>feceri-</strong></span> 
     </span>
    </p>
   </div>
   <div class='ocr_carea' id='block_1_29' title="bbox 706 2947 2265 3019">
    <p class='ocr_par' dir='ltr' id='par_1_29' title="bbox 706 2947 2265 3019">
     <span class='ocr_line' id='line_1_29' title="bbox 706 2947 2265 3019; baseline -0.001 -11"><span class='ocrx_word' id='word_1_233' title='bbox 706 2969 858 3015; x_wconf 90' lang='lat' dir='ltr'><strong>mus,</strong></span> <span class='ocrx_word' id='word_1_234' title='bbox 888 2952 1025 3007; x_wconf 80' lang='lat' dir='ltr'><strong>servi</strong></span> <span class='ocrx_word' id='word_1_235' title='bbox 1068 2949 1281 3004; x_wconf 85' lang='lat' dir='ltr'><strong>inutiles</strong></span> <span class='ocrx_word' id='word_1_236' title='bbox 1324 2963 1507 3003; x_wconf 88' lang='lat' dir='ltr'><strong>sumus</strong></span> <span class='ocrx_word' id='word_1_237' title='bbox 1542 2947 1692 3019; x_wconf 83' lang='lat' dir='ltr'><strong>(Luc.</strong></span> <span class='ocrx_word' id='word_1_238' title='bbox 1736 2950 1823 3004; x_wconf 81' lang='lat' dir='ltr'><strong>t7.</strong></span> <span class='ocrx_word' id='word_1_239' title='bbox 1865 2951 1979 3017; x_wconf 73' lang='lat'><strong>10).</strong></span> <span class='ocrx_word' id='word_1_240' title='bbox 2022 2951 2095 3005; x_wconf 92' lang='lat' dir='ltr'><strong>Ita</strong></span> <span class='ocrx_word' id='word_1_241' title='bbox 2141 2963 2265 3007; x_wconf 80' lang='lat' dir='ltr'><strong>ante</strong></span> 
     </span>
    </p>
   </div>
   <div class='ocr_carea' id='block_1_30' title="bbox 708 3039 2266 3113">
    <p class='ocr_par' dir='ltr' id='par_1_30' title="bbox 708 3039 2266 3113">
     <span class='ocr_line' id='line_1_30' title="bbox 708 3039 2266 3113; baseline 0.001 -16"><span class='ocrx_word' id='word_1_242' title='bbox 708 3043 923 3113; x_wconf 76' lang='lat' dir='ltr'><strong>longum</strong></span> <span class='ocrx_word' id='word_1_243' title='bbox 951 3051 1161 3110; x_wconf 85' lang='lat' dir='ltr'><strong>tempus</strong></span> <span class='ocrx_word' id='word_1_244' title='bbox 1190 3040 1431 3109; x_wconf 82' lang='lat' dir='ltr'><strong>implevit</strong></span> <span class='ocrx_word' id='word_1_245' title='bbox 1452 3039 1813 3109; x_wconf 81' lang='lat' dir='ltr'><strong>evangelicum</strong></span> <span class='ocrx_word' id='word_1_246' title='bbox 1846 3052 2188 3111; x_wconf 71' lang='lat' dir='ltr'><strong>prmceptum,</strong></span> <span class='ocrx_word' id='word_1_247' title='bbox 2212 3055 2266 3101; x_wconf 91' lang='lat' dir='ltr'><strong>et</strong></span> 
     </span>
    </p>
   </div>
   <div class='ocr_carea' id='block_1_31' title="bbox 709 3128 2266 3199">
    <p class='ocr_par' dir='ltr' id='par_1_31' title="bbox 709 3128 2266 3199">
     <span class='ocr_line' id='line_1_31' title="bbox 709 3128 2266 3199; baseline 0 -12"><span class='ocrx_word' id='word_1_248' title='bbox 709 3147 768 3187; x_wconf 78' lang='lat' dir='ltr'><strong>se</strong></span> <span class='ocrx_word' id='word_1_249' title='bbox 800 3132 929 3187; x_wconf 90' lang='lat' dir='ltr'><strong>nihil</strong></span> <span class='ocrx_word' id='word_1_250' title='bbox 955 3131 1315 3187; x_wconf 75' lang='lat' dir='ltr'><strong>existimabat.</strong></span> <span class='ocrx_word' id='word_1_251' title='bbox 1349 3128 1487 3183; x_wconf 82' lang='lat' dir='ltr'><strong>Deus</strong></span> <span class='ocrx_word' id='word_1_252' title='bbox 1507 3170 1522 3192; x_wconf 89' lang='lat'><em>.</em></span> <span class='ocrx_word' id='word_1_253' title='bbox 1548 3128 1851 3199; x_wconf 84' lang='lat' dir='ltr'><strong>inquiebat,</strong></span> <span class='ocrx_word' id='word_1_254' title='bbox 1884 3134 1979 3186; x_wconf 79' lang='lat' dir='ltr'><strong>mei</strong></span> <span class='ocrx_word' id='word_1_255' title='bbox 2007 3144 2078 3187; x_wconf 89' lang='lat' dir='ltr'><strong>est</strong></span> <span class='ocrx_word' id='word_1_256' title='bbox 2094 3150 2266 3189; x_wconf 81' lang='lat' dir='ltr'><strong>recor-</strong></span> 
     </span>
    </p>
   </div>
   <div class='ocr_carea' id='block_1_32' title="bbox 711 3219 2267 3292">
    <p class='ocr_par' dir='ltr' id='par_1_32' title="bbox 711 3219 2267 3292">
     <span class='ocr_line' id='line_1_32' title="bbox 711 3219 2267 3292; baseline 0 -14"><span class='ocrx_word' id='word_1_257' title='bbox 711 3226 881 3278; x_wconf 83' lang='lat' dir='ltr'><strong>datus.</strong></span> <span class='ocrx_word' id='word_1_258' title='bbox 918 3223 1045 3292; x_wconf 82' lang='lat' dir='ltr'><strong>Ejus</strong></span> <span class='ocrx_word' id='word_1_259' title='bbox 1092 3235 1276 3278; x_wconf 86' lang='lat' dir='ltr'><strong>rursus</strong></span> <span class='ocrx_word' id='word_1_260' title='bbox 1301 3220 1471 3275; x_wconf 78' lang='lat' dir='ltr'><strong>omtio</strong></span> <span class='ocrx_word' id='word_1_261' title='bbox 1501 3219 1619 3275; x_wconf 87' lang='lat' dir='ltr'><strong>vide</strong></span> <span class='ocrx_word' id='word_1_262' title='bbox 1645 3230 1838 3290; x_wconf 85' lang='lat' dir='ltr'><strong>quanta</strong></span> <span class='ocrx_word' id='word_1_263' title='bbox 1878 3222 2029 3291; x_wconf 88' lang='lat' dir='ltr'><strong>plena</strong></span> <span class='ocrx_word' id='word_1_264' title='bbox 2074 3224 2141 3278; x_wconf 89' lang='lat' dir='ltr'><strong>sit</strong></span> <span class='ocrx_word' id='word_1_265' title='bbox 2166 3224 2267 3279; x_wconf 87' lang='lat' dir='ltr'><strong>hu-</strong></span> 
     </span>
    </p>
   </div>
   <div class='ocr_carea' id='block_1_33' title="bbox 712 3310 2269 3381">
    <p class='ocr_par' dir='ltr' id='par_1_33' title="bbox 712 3310 2269 3381">
     <span class='ocr_line' id='line_1_33' title="bbox 712 3310 2269 3381; baseline 0 -12"><span class='ocrx_word' id='word_1_266' title='bbox 712 3315 973 3370; x_wconf 75' lang='lat' dir='ltr'><strong>militate?</strong></span> <span class='ocrx_word' id='word_1_267' title='bbox 996 3313 1084 3368; x_wconf 84' lang='lat' dir='ltr'><strong>Sic</strong></span> <span class='ocrx_word' id='word_1_268' title='bbox 1108 3321 1162 3367; x_wconf 90' lang='lat' dir='ltr'><strong>et</strong></span> <span class='ocrx_word' id='word_1_269' title='bbox 1184 3322 1293 3367; x_wconf 83' lang='lat' dir='ltr'><strong>tres</strong></span> <span class='ocrx_word' id='word_1_270' title='bbox 1319 3312 1468 3381; x_wconf 87' lang='lat' dir='ltr'><strong>pueri</strong></span> <span class='ocrx_word' id='word_1_271' title='bbox 1496 3311 1739 3365; x_wconf 86' lang='lat' dir='ltr'><strong>dicebant</strong></span> <span class='ocrx_word' id='word_1_272' title='bbox 1768 3328 1781 3363; x_wconf 91' lang='lat'><strong>:</strong></span> <span class='ocrx_word' id='word_1_273' title='bbox 1805 3310 2149 3378; x_wconf 72' lang='lat' dir='ltr'><strong>Percaainms,</strong></span> <span class='ocrx_word' id='word_1_274' title='bbox 2167 3315 2269 3369; x_wconf 59' lang='lat' dir='ltr'><strong>ini-</strong></span> 
     </span>
    </p>
   </div>
   <div class='ocr_carea' id='block_1_34' title="bbox 708 3401 2273 3476">
    <p class='ocr_par' dir='ltr' id='par_1_34' title="bbox 708 3401 2273 3476">
     <span class='ocr_line' id='line_1_34' title="bbox 708 3401 2273 3476; baseline 0.003 -19"><span class='ocrx_word' id='word_1_275' title='bbox 708 3422 806 3476; x_wconf 80' lang='lat' dir='ltr'><strong>que</strong></span> <span class='ocrx_word' id='word_1_276' title='bbox 843 3406 1035 3475; x_wconf 77' lang='lat' dir='ltr'><strong>egimus</strong></span> <span class='ocrx_word' id='word_1_277' title='bbox 1062 3402 1281 3473; x_wconf 55' lang='grc' dir='ltr'><strong>(θηρῶ.</strong></span> <span class='ocrx_word' id='word_1_278' title='bbox 1322 3401 1449 3469; x_wconf 73' lang='lat'><strong>29);</strong></span> <span class='ocrx_word' id='word_1_279' title='bbox 1496 3410 1551 3456; x_wconf 87' lang='lat' dir='ltr'><strong>et</strong></span> <span class='ocrx_word' id='word_1_280' title='bbox 1571 3401 1765 3471; x_wconf 89' lang='lat' dir='ltr'><strong>ubique</strong></span> <span class='ocrx_word' id='word_1_281' title='bbox 1789 3417 1938 3457; x_wconf 86' lang='lat' dir='ltr'><strong>suam</strong></span> <span class='ocrx_word' id='word_1_282' title='bbox 1983 3405 2273 3462; x_wconf 85' lang='lat' dir='ltr'><strong>ostendunt</strong></span> 
     </span>
    </p>
   </div>
   <div class='ocr_carea' id='block_1_35' title="bbox 714 3490 2270 3563">
    <p class='ocr_par' dir='ltr' id='par_1_35' title="bbox 714 3490 2270 3563">
     <span class='ocr_line' id='line_1_35' title="bbox 714 3490 2270 3563; baseline -0.004 -13"><span class='ocrx_word' id='word_1_283' title='bbox 714 3496 1084 3551; x_wconf 88' lang='lat' dir='ltr'><strong>humilitatem.</strong></span> <span class='ocrx_word' id='word_1_284' title='bbox 1108 3493 1263 3563; x_wconf 79' lang='lat' dir='ltr'><strong>Atqui</strong></span> <span class='ocrx_word' id='word_1_285' title='bbox 1293 3492 1476 3547; x_wconf 82' lang='lat' dir='ltr'><strong>Daniel</strong></span> <span class='ocrx_word' id='word_1_286' title='bbox 1498 3490 1721 3546; x_wconf 84' lang='lat' dir='ltr'><strong>habebat</strong></span> <span class='ocrx_word' id='word_1_287' title='bbox 1745 3494 2157 3553; x_wconf 80' lang='lat' dir='ltr'><strong>innumerabiles</strong></span> <span class='ocrx_word' id='word_1_288' title='bbox 2184 3499 2270 3554; x_wconf 78' lang='lat' dir='ltr'><strong>sui</strong></span> 
     </span>
    </p>
   </div>
   <div class='ocr_carea' id='block_1_36' title="bbox 715 3581 2272 3651">
    <p class='ocr_par' dir='ltr' id='par_1_36' title="bbox 715 3581 2272 3651">
     <span class='ocr_line' id='line_1_36' title="bbox 715 3581 2272 3651; baseline -0.001 -8"><span class='ocrx_word' id='word_1_289' title='bbox 715 3586 1000 3643; x_wconf 76' lang='lat' dir='ltr'><strong>estollendi</strong></span> <span class='ocrx_word' id='word_1_290' title='bbox 1026 3585 1368 3647; x_wconf 73' lang='lat' dir='ltr'><strong>occasiones,</strong></span> <span class='ocrx_word' id='word_1_291' title='bbox 1403 3581 1497 3636; x_wconf 88' lang='lat' dir='ltr'><strong>sed</strong></span> <span class='ocrx_word' id='word_1_292' title='bbox 1535 3582 1736 3638; x_wconf 85' lang='lat' dir='ltr'><strong>sciebat</strong></span> <span class='ocrx_word' id='word_1_293' title='bbox 1763 3583 1906 3651; x_wconf 86' lang='lat' dir='ltr'><strong>quod</strong></span> <span class='ocrx_word' id='word_1_294' title='bbox 1949 3586 2063 3641; x_wconf 79' lang='lat' dir='ltr'><strong>lure</strong></span> <span class='ocrx_word' id='word_1_295' title='bbox 2097 3589 2272 3643; x_wconf 87' lang='lat' dir='ltr'><strong>omnia</strong></span> 
     </span>
    </p>
   </div>
   <div class='ocr_carea' id='block_1_37' title="bbox 718 3673 2275 3744">
    <p class='ocr_par' dir='ltr' id='par_1_37' title="bbox 718 3673 2275 3744">
     <span class='ocr_line' id='line_1_37' title="bbox 718 3673 2275 3744; baseline 0.001 -12"><span class='ocrx_word' id='word_1_296' title='bbox 718 3678 767 3732; x_wconf 83' lang='lat' dir='ltr'><strong>ei</strong></span> <span class='ocrx_word' id='word_1_297' title='bbox 789 3678 1011 3732; x_wconf 85' lang='lat' dir='ltr'><strong>aderant</strong></span> <span class='ocrx_word' id='word_1_298' title='bbox 1037 3690 1104 3731; x_wconf 91' lang='lat' dir='ltr'><strong>eo</strong></span> <span class='ocrx_word' id='word_1_299' title='bbox 1131 3674 1270 3744; x_wconf 90' lang='lat' dir='ltr'><strong>quod</strong></span> <span class='ocrx_word' id='word_1_300' title='bbox 1309 3687 1412 3727; x_wconf 90' lang='lat' dir='ltr'><strong>non</strong></span> <span class='ocrx_word' id='word_1_301' title='bbox 1448 3673 1815 3738; x_wconf 63' lang='lat' dir='ltr'><strong>extollere-tur,</strong></span> <span class='ocrx_word' id='word_1_302' title='bbox 1842 3690 1941 3729; x_wconf 90' lang='lat' dir='ltr'><strong>nec</strong></span> <span class='ocrx_word' id='word_1_303' title='bbox 1971 3676 2275 3733; x_wconf 87' lang='lat' dir='ltr'><strong>thesaurum</strong></span> 
     </span>
    </p>
   </div>
   <div class='ocr_carea' id='block_1_38' title="bbox 719 3761 2277 3837">
    <p class='ocr_par' dir='ltr' id='par_1_38' title="bbox 719 3761 2277 3837">
     <span class='ocr_line' id='line_1_38' title="bbox 719 3761 2277 3837; baseline -0.001 -12"><span class='ocrx_word' id='word_1_304' title='bbox 719 3768 976 3837; x_wconf 85' lang='lat' dir='ltr'><strong>eorrupit.</strong></span> <span class='ocrx_word' id='word_1_305' title='bbox 992 3764 1122 3820; x_wconf 82' lang='lat' dir='ltr'><strong>Nam</strong></span> <span class='ocrx_word' id='word_1_306' title='bbox 1140 3764 1277 3837; x_wconf 77' lang='lat' dir='ltr'><strong>apud</strong></span> <span class='ocrx_word' id='word_1_307' title='bbox 1299 3777 1484 3818; x_wconf 89' lang='lat' dir='ltr'><strong>omnes</strong></span> <span class='ocrx_word' id='word_1_308' title='bbox 1498 3761 1738 3818; x_wconf 84' lang='lat' dir='ltr'><strong>homines</strong></span> <span class='ocrx_word' id='word_1_309' title='bbox 1751 3764 1872 3818; x_wconf 87' lang='lat' dir='ltr'><strong>etin</strong></span> <span class='ocrx_word' id='word_1_310' title='bbox 1891 3765 2135 3821; x_wconf 88' lang='lat' dir='ltr'><strong>universo</strong></span> <span class='ocrx_word' id='word_1_311' title='bbox 2150 3768 2277 3824; x_wconf 84' lang='lat' dir='ltr'><strong>orbe</strong></span> 
     </span>
    </p>
   </div>
   <div class='ocr_carea' id='block_1_39' title="bbox 723 3853 2278 3927">
    <p class='ocr_par' dir='ltr' id='par_1_39' title="bbox 723 3853 2278 3927">
     <span class='ocr_line' id='line_1_39' title="bbox 723 3853 2278 3927; baseline -0.002 -15"><span class='ocrx_word' id='word_1_312' title='bbox 723 3873 983 3914; x_wconf 76' lang='lat' dir='ltr'><strong>terrarum</strong></span> <span class='ocrx_word' id='word_1_313' title='bbox 1014 3870 1119 3911; x_wconf 90' lang='lat' dir='ltr'><strong>non</strong></span> <span class='ocrx_word' id='word_1_314' title='bbox 1145 3864 1361 3923; x_wconf 77' lang='lat' dir='ltr'><strong>propter</strong></span> <span class='ocrx_word' id='word_1_315' title='bbox 1388 3853 1499 3907; x_wconf 68' lang='lat' dir='ltr'><strong>llmC</strong></span> <span class='ocrx_word' id='word_1_316' title='bbox 1518 3853 1688 3907; x_wconf 88' lang='lat' dir='ltr'><strong>solum</strong></span> <span class='ocrx_word' id='word_1_317' title='bbox 1720 3853 2117 3923; x_wconf 74' lang='lat' dir='ltr'><strong>dominabatur,</strong></span> <span class='ocrx_word' id='word_1_318' title='bbox 2139 3858 2278 3927; x_wconf 89' lang='lat' dir='ltr'><strong>quod</strong></span> 
     </span>
    </p>
   </div>
   <div class='ocr_carea' id='block_1_40' title="bbox 722 3940 2278 4015">
    <p class='ocr_par' dir='ltr' id='par_1_40' title="bbox 722 3940 2278 4015">
     <span class='ocr_line' id='line_1_40' title="bbox 722 3940 2278 4015; baseline -0.006 -12"><span class='ocrx_word' id='word_1_319' title='bbox 722 3965 816 4003; x_wconf 76' lang='lat' dir='ltr'><strong>rex</strong></span> <span class='ocrx_word' id='word_1_320' title='bbox 839 3949 890 4000; x_wconf 88' lang='lat' dir='ltr'><strong>in</strong></span> <span class='ocrx_word' id='word_1_321' title='bbox 914 3945 1103 4001; x_wconf 80' lang='lat' dir='ltr'><strong>faciem</strong></span> <span class='ocrx_word' id='word_1_322' title='bbox 1124 3942 1411 4014; x_wconf 83' lang='lat' dir='ltr'><strong>prociderit</strong></span> <span class='ocrx_word' id='word_1_323' title='bbox 1432 3941 1543 3996; x_wconf 88' lang='lat' dir='ltr'><strong>etei</strong></span> <span class='ocrx_word' id='word_1_324' title='bbox 1569 3940 1829 4010; x_wconf 88' lang='lat' dir='ltr'><strong>libaverit,</strong></span> <span class='ocrx_word' id='word_1_325' title='bbox 1848 3942 1940 3998; x_wconf 88' lang='lat' dir='ltr'><strong>sed</strong></span> <span class='ocrx_word' id='word_1_326' title='bbox 1962 3945 2102 4015; x_wconf 88' lang='lat' dir='ltr'><strong>quod</strong></span> <span class='ocrx_word' id='word_1_327' title='bbox 2125 3946 2278 4003; x_wconf 80' lang='lat' dir='ltr'><strong>deum</strong></span> 
     </span>
    </p>
   </div>
   <div class='ocr_carea' id='block_1_41' title="bbox 722 4035 2280 4113">
    <p class='ocr_par' dir='ltr' id='par_1_41' title="bbox 722 4035 2280 4113">
     <span class='ocr_line' id='line_1_41' title="bbox 722 4035 2280 4113; baseline 0.001 -16"><span class='ocrx_word' id='word_1_328' title='bbox 722 4057 844 4097; x_wconf 86' lang='lat' dir='ltr'><strong>eum</strong></span> <span class='ocrx_word' id='word_1_329' title='bbox 861 4038 1241 4096; x_wconf 77' lang='lat' dir='ltr'><strong>existimaverit</strong></span> <span class='ocrx_word' id='word_1_330' title='bbox 1271 4037 1336 4100; x_wconf 87' lang='lat' dir='ltr'><strong>is,</strong></span> <span class='ocrx_word' id='word_1_331' title='bbox 1367 4037 1457 4107; x_wconf 88' lang='lat' dir='ltr'><strong>qui</strong></span> <span class='ocrx_word' id='word_1_332' title='bbox 1492 4035 1685 4106; x_wconf 86' lang='lat' dir='ltr'><strong>ubique</strong></span> <span class='ocrx_word' id='word_1_333' title='bbox 1720 4047 1977 4095; x_wconf 86' lang='lat' dir='ltr'><strong>terrarum</strong></span> <span class='ocrx_word' id='word_1_334' title='bbox 2018 4050 2280 4113; x_wconf 85' lang='lat' dir='ltr'><strong>tamquam</strong></span> 
     </span>
    </p>
   </div>
   <div class='ocr_carea' id='block_1_42' title="bbox 725 4127 2283 4198">
    <p class='ocr_par' dir='ltr' id='par_1_42' title="bbox 725 4127 2283 4198">
     <span class='ocr_line' id='line_1_42' title="bbox 725 4127 2283 4198; baseline -0.001 -9"><span class='ocrx_word' id='word_1_335' title='bbox 725 4133 857 4189; x_wconf 75' lang='lat' dir='ltr'><strong>deus</strong></span> <span class='ocrx_word' id='word_1_336' title='bbox 899 4129 1278 4185; x_wconf 84' lang='lat' dir='ltr'><strong>honorabatur.</strong></span> <span class='ocrx_word' id='word_1_337' title='bbox 1320 4128 1450 4183; x_wconf 82' lang='lat' dir='ltr'><strong>Nam</strong></span> <span class='ocrx_word' id='word_1_338' title='bbox 1504 4128 1615 4198; x_wconf 87' lang='lat' dir='ltr'><strong>ipse</strong></span> <span class='ocrx_word' id='word_1_339' title='bbox 1645 4127 1698 4182; x_wconf 90' lang='lat' dir='ltr'><strong>in</strong></span> <span class='ocrx_word' id='word_1_340' title='bbox 1754 4129 2051 4185; x_wconf 86' lang='lat' dir='ltr'><strong>universam</strong></span> <span class='ocrx_word' id='word_1_341' title='bbox 2090 4141 2283 4188; x_wconf 83' lang='lat' dir='ltr'><strong>terram</strong></span> 
     </span>
    </p>
   </div>
   <div class='ocr_carea' id='block_1_43' title="bbox 726 4218 2286 4290">
    <p class='ocr_par' dir='ltr' id='par_1_43' title="bbox 726 4218 2286 4290">
     <span class='ocr_line' id='line_1_43' title="bbox 726 4218 2286 4290; baseline -0.001 -12"><span class='ocrx_word' id='word_1_342' title='bbox 726 4221 1001 4278; x_wconf 84' lang='lat' dir='ltr'><strong>obtinebat</strong></span> <span class='ocrx_word' id='word_1_343' title='bbox 1048 4219 1374 4273; x_wconf 82' lang='lat' dir='ltr'><strong>dominatum</strong></span> <span class='ocrx_word' id='word_1_344' title='bbox 1412 4218 1501 4271; x_wconf 86' lang='lat' dir='ltr'><strong>:id</strong></span> <span class='ocrx_word' id='word_1_345' title='bbox 1543 4219 1683 4289; x_wconf 88' lang='lat' dir='ltr'><strong>quod</strong></span> <span class='ocrx_word' id='word_1_346' title='bbox 1729 4228 1811 4273; x_wconf 87' lang='lat' dir='ltr'><strong>est</strong></span> <span class='ocrx_word' id='word_1_347' title='bbox 1852 4222 2183 4290; x_wconf 77' lang='lat' dir='ltr'><strong>perSpicuum</strong></span> <span class='ocrx_word' id='word_1_348' title='bbox 2219 4239 2286 4280; x_wconf 77' lang='lat' dir='ltr'><strong>ex</strong></span> 
     </span>
    </p>
   </div>
   <div class='ocr_carea' id='block_1_44' title="bbox 728 4307 2291 4379">
    <p class='ocr_par' dir='ltr' id='par_1_44' title="bbox 728 4307 2291 4379">
     <span class='ocr_line' id='line_1_44' title="bbox 728 4307 2291 4379; baseline -0.001 -10"><span class='ocrx_word' id='word_1_349' title='bbox 728 4311 956 4368; x_wconf 83' lang='lat' dir='ltr'><strong>Jeremia</strong></span> <span class='ocrx_word' id='word_1_350' title='bbox 977 4328 991 4363; x_wconf 89' lang='lat'><strong>:</strong></span> <span class='ocrx_word' id='word_1_351' title='bbox 1014 4308 1114 4375; x_wconf 81' lang='lat' dir='ltr'><strong>Qui</strong></span> <span class='ocrx_word' id='word_1_352' title='bbox 1142 4318 1346 4374; x_wconf 87' lang='lat' dir='ltr'><strong>terram,</strong></span> <span class='ocrx_word' id='word_1_353' title='bbox 1369 4307 1555 4377; x_wconf 89' lang='lat' dir='ltr'><strong>inquit,</strong></span> <span class='ocrx_word' id='word_1_354' title='bbox 1576 4309 1737 4361; x_wconf 82' lang='lat' dir='ltr'><strong>induit</strong></span> <span class='ocrx_word' id='word_1_355' title='bbox 1758 4318 2007 4379; x_wconf 78' lang='lat' dir='ltr'><strong>tamquam</strong></span> <span class='ocrx_word' id='word_1_356' title='bbox 2032 4314 2291 4369; x_wconf 76' lang='lat' dir='ltr'><strong>vestimen—</strong></span> 
     </span>
    </p>
   </div>
   <div class='ocr_carea' id='block_1_45' title="bbox 731 4397 2289 4475">
    <p class='ocr_par' dir='ltr' id='par_1_45' title="bbox 731 4397 2289 4475">
     <span class='ocr_line' id='line_1_45' title="bbox 731 4397 2289 4475; baseline 0.001 -16"><span class='ocrx_word' id='word_1_357' title='bbox 731 4416 835 4459; x_wconf 85' lang='lat' dir='ltr'><strong>tum</strong></span> <span class='ocrx_word' id='word_1_358' title='bbox 876 4402 1007 4475; x_wconf 60' lang='grc' dir='ltr'><strong>(λεν.</strong></span> <span class='ocrx_word' id='word_1_359' title='bbox 1044 4401 1134 4455; x_wconf 77' lang='grc'><strong>27.</strong></span> <span class='ocrx_word' id='word_1_360' title='bbox 1171 4398 1315 4470; x_wconf 86' lang='lat' dir='ltr'><strong>6):ct</strong></span> <span class='ocrx_word' id='word_1_361' title='bbox 1338 4397 1648 4470; x_wconf 75' lang='lat' dir='ltr'><strong>rursuszEgo</strong></span> <span class='ocrx_word' id='word_1_362' title='bbox 1675 4417 1784 4454; x_wconf 85' lang='lat' dir='ltr'><strong>eam</strong></span> <span class='ocrx_word' id='word_1_363' title='bbox 1805 4403 1920 4455; x_wconf 77' lang='lat' dir='ltr'><strong>dedi</strong></span> <span class='ocrx_word' id='word_1_364' title='bbox 1946 4401 2289 4460; x_wconf 80' lang='lat' dir='ltr'><strong>Nabuchodo-</strong></span> 
     </span>
    </p>
   </div>
   <div class='ocr_carea' id='block_1_46' title="bbox 731 4490 2290 4567">
    <p class='ocr_par' dir='ltr' id='par_1_46' title="bbox 731 4490 2290 4567">
     <span class='ocr_line' id='line_1_46' title="bbox 731 4490 2290 4567; baseline 0.001 -18"><span class='ocrx_word' id='word_1_365' title='bbox 731 4513 882 4551; x_wconf 83' lang='lat' dir='ltr'><strong>nosor</strong></span> <span class='ocrx_word' id='word_1_366' title='bbox 899 4510 1039 4549; x_wconf 79' lang='lat' dir='ltr'><strong>serra</strong></span> <span class='ocrx_word' id='word_1_367' title='bbox 1053 4508 1177 4546; x_wconf 76' lang='lat' dir='ltr'><strong>nico.</strong></span> <span class='ocrx_word' id='word_1_368' title='bbox 1204 4490 1342 4545; x_wconf 81' lang='lat' dir='ltr'><strong>Etcs</strong></span> <span class='ocrx_word' id='word_1_369' title='bbox 1369 4490 1432 4544; x_wconf 89' lang='lat' dir='ltr'><strong>iis</strong></span> <span class='ocrx_word' id='word_1_370' title='bbox 1444 4506 1561 4559; x_wconf 70' lang='lat' dir='ltr'><strong>qum</strong></span> <span class='ocrx_word' id='word_1_371' title='bbox 1579 4491 1756 4547; x_wconf 84' lang='lat' dir='ltr'><strong>scribit</strong></span> <span class='ocrx_word' id='word_1_372' title='bbox 1780 4490 1879 4546; x_wconf 88' lang='lat' dir='ltr'><strong>hoc</strong></span> <span class='ocrx_word' id='word_1_373' title='bbox 1906 4509 2085 4567; x_wconf 85' lang='lat' dir='ltr'><strong>rursus</strong></span> <span class='ocrx_word' id='word_1_374' title='bbox 2104 4496 2290 4567; x_wconf 90' lang='lat' dir='ltr'><strong>liquet,</strong></span> 
     </span>
    </p>
   </div>
   <div class='ocr_carea' id='block_1_47' title="bbox 733 4566 2273 4657">
    <p class='ocr_par' dir='ltr' id='par_1_47' title="bbox 733 4566 2273 4657">
     <span class='ocr_line' id='line_1_47' title="bbox 733 4566 2273 4657; baseline -0.016 -17"><span class='ocrx_word' id='word_1_375' title='bbox 733 4588 875 4657; x_wconf 87' lang='lat' dir='ltr'><strong>quod</strong></span> <span class='ocrx_word' id='word_1_376' title='bbox 900 4596 1007 4637; x_wconf 91' lang='lat' dir='ltr'><strong>non</strong></span> <span class='ocrx_word' id='word_1_377' title='bbox 1028 4578 1207 4632; x_wconf 85' lang='lat' dir='ltr'><strong>solum</strong></span> <span class='ocrx_word' id='word_1_378' title='bbox 1232 4572 1343 4629; x_wconf 84' lang='lat' dir='ltr'><strong>illic</strong></span> <span class='ocrx_word' id='word_1_379' title='bbox 1372 4571 1463 4626; x_wconf 86' lang='lat' dir='ltr'><strong>ubi</strong></span> <span class='ocrx_word' id='word_1_380' title='bbox 1484 4579 1617 4632; x_wconf 86' lang='lat' dir='ltr'><strong>erat,</strong></span> <span class='ocrx_word' id='word_1_381' title='bbox 1649 4568 1945 4622; x_wconf 85' lang='lat' dir='ltr'><strong>habebatur</strong></span> <span class='ocrx_word' id='word_1_382' title='bbox 1969 4566 2020 4620; x_wconf 92' lang='lat' dir='ltr'><strong>in</strong></span> <span class='ocrx_word' id='word_1_383' title='bbox 2046 4566 2273 4618; x_wconf 81' lang='lat' dir='ltr'><strong>admira-</strong></span> 
     </span>
    </p>
   </div>
   <div class='ocr_carea' id='block_1_48' title="bbox 735 4657 2281 4739">
    <p class='ocr_par' dir='ltr' id='par_1_48' title="bbox 735 4657 2281 4739">
     <span class='ocr_line' id='line_1_48' title="bbox 735 4657 2281 4739; baseline -0.013 -10"><span class='ocrx_word' id='word_1_384' title='bbox 735 4675 901 4739; x_wconf 84' lang='lat' dir='ltr'><strong>tione,</strong></span> <span class='ocrx_word' id='word_1_385' title='bbox 936 4675 1029 4727; x_wconf 88' lang='lat' dir='ltr'><strong>sed</strong></span> <span class='ocrx_word' id='word_1_386' title='bbox 1067 4668 1228 4724; x_wconf 86' lang='lat' dir='ltr'><strong>etiam</strong></span> <span class='ocrx_word' id='word_1_387' title='bbox 1259 4665 1474 4733; x_wconf 89' lang='lat' dir='ltr'><strong>ubique,</strong></span> <span class='ocrx_word' id='word_1_388' title='bbox 1504 4671 1556 4716; x_wconf 91' lang='lat' dir='ltr'><strong>et</strong></span> <span class='ocrx_word' id='word_1_389' title='bbox 1591 4661 1764 4730; x_wconf 86' lang='lat' dir='ltr'><strong>major</strong></span> <span class='ocrx_word' id='word_1_390' title='bbox 1800 4657 2098 4713; x_wconf 85' lang='lat' dir='ltr'><strong>habebatur</strong></span> <span class='ocrx_word' id='word_1_391' title='bbox 2123 4670 2281 4725; x_wconf 84' lang='lat' dir='ltr'><strong>quam</strong></span> 
     </span>
    </p>
   </div>
   <div class='ocr_carea' id='block_1_49' title="bbox 730 4742 2283 4832">
    <p class='ocr_par' dir='ltr' id='par_1_49' title="bbox 730 4742 2283 4832">
     <span class='ocr_line' id='line_1_49' title="bbox 730 4742 2283 4832; baseline -0.013 -15"><span class='ocrx_word' id='word_1_392' title='bbox 730 4761 782 4818; x_wconf 88' lang='lat' dir='ltr'><strong>si</strong></span> <span class='ocrx_word' id='word_1_393' title='bbox 812 4764 1101 4832; x_wconf 61' lang='lat' dir='ltr'><strong>patientes</strong></span> <span class='ocrx_word' id='word_1_394' title='bbox 1123 4770 1244 4810; x_wconf 85' lang='lat' dir='ltr'><strong>eum</strong></span> <span class='ocrx_word' id='word_1_395' title='bbox 1281 4754 1542 4809; x_wconf 87' lang='lat' dir='ltr'><strong>vidissent</strong></span> <span class='ocrx_word' id='word_1_396' title='bbox 1580 4750 1799 4820; x_wconf 64' lang='lat' dir='ltr'><strong>reliquae</strong></span> <span class='ocrx_word' id='word_1_397' title='bbox 1828 4754 2043 4819; x_wconf 87' lang='lat' dir='ltr'><strong>gentes,</strong></span> <span class='ocrx_word' id='word_1_398' title='bbox 2069 4742 2283 4816; x_wconf 86' lang='lat' dir='ltr'><strong>quando</strong></span> 
     </span>
    </p>
   </div>
   <div class='ocr_carea' id='block_1_50' title="bbox 730 4836 2280 4907">
    <p class='ocr_par' dir='ltr' id='par_1_50' title="bbox 730 4836 2280 4907">
     <span class='ocr_line' id='line_1_50' title="bbox 730 4836 2280 4907; baseline -0.012 -1"><span class='ocrx_word' id='word_1_399' title='bbox 730 4852 895 4907; x_wconf 85' lang='lat' dir='ltr'><strong>etiam</strong></span> <span class='ocrx_word' id='word_1_400' title='bbox 916 4848 1085 4903; x_wconf 86' lang='lat' dir='ltr'><strong>literis</strong></span> <span class='ocrx_word' id='word_1_401' title='bbox 1109 4845 1423 4901; x_wconf 86' lang='lat' dir='ltr'><strong>servitutem</strong></span> <span class='ocrx_word' id='word_1_402' title='bbox 1452 4840 1734 4896; x_wconf 79' lang='lat' dir='ltr'><strong>confessus</strong></span> <span class='ocrx_word' id='word_1_403' title='bbox 1753 4848 1839 4895; x_wconf 87' lang='lat' dir='ltr'><strong>est</strong></span> <span class='ocrx_word' id='word_1_404' title='bbox 1860 4846 1914 4893; x_wconf 89' lang='lat' dir='ltr'><strong>et</strong></span> <span class='ocrx_word' id='word_1_405' title='bbox 1940 4836 2280 4891; x_wconf 83' lang='lat' dir='ltr'><strong>miraculum.</strong></span> 
     </span>
    </p>
   </div>
   <div class='ocr_carea' id='block_1_51' title="bbox 734 4928 2284 5001">
    <p class='ocr_par' dir='ltr' id='par_1_51' title="bbox 734 4928 2284 5001">
     <span class='ocr_line' id='line_1_51' title="bbox 734 4928 2284 5001; baseline -0.012 -2"><span class='ocrx_word' id='word_1_406' title='bbox 734 4940 838 4998; x_wconf 87' lang='lat' dir='ltr'><strong>Sed</strong></span> <span class='ocrx_word' id='word_1_407' title='bbox 860 4955 1049 4995; x_wconf 86' lang='lat' dir='ltr'><strong>rursus</strong></span> <span class='ocrx_word' id='word_1_408' title='bbox 1071 4937 1365 4992; x_wconf 86' lang='lat' dir='ltr'><strong>habebatur</strong></span> <span class='ocrx_word' id='word_1_409' title='bbox 1387 4934 1440 4988; x_wconf 91' lang='lat' dir='ltr'><strong>in</strong></span> <span class='ocrx_word' id='word_1_410' title='bbox 1461 4933 1817 4989; x_wconf 87' lang='lat' dir='ltr'><strong>admiratione</strong></span> <span class='ocrx_word' id='word_1_411' title='bbox 1838 4939 2057 5001; x_wconf 86' lang='lat' dir='ltr'><strong>propter</strong></span> <span class='ocrx_word' id='word_1_412' title='bbox 2075 4928 2284 4997; x_wconf 85' lang='lat' dir='ltr'><strong>sapien-</strong></span> 
     </span>
    </p>
   </div>
   <div class='ocr_carea' id='block_1_52' title="bbox 732 5016 2279 5095">
    <p class='ocr_par' dir='ltr' id='par_1_52' title="bbox 732 5016 2279 5095">
     <span class='ocr_line' id='line_1_52' title="bbox 732 5016 2279 5095; baseline -0.012 -8"><span class='ocrx_word' id='word_1_413' title='bbox 732 5034 884 5087; x_wconf 82' lang='lat' dir='ltr'><strong>tiam.</strong></span> <span class='ocrx_word' id='word_1_414' title='bbox 911 5028 1053 5084; x_wconf 79' lang='lat' dir='ltr'><strong>Nam</strong></span> <span class='ocrx_word' id='word_1_415' title='bbox 1079 5039 1136 5081; x_wconf 82' lang='lat' dir='ltr'><strong>tu</strong></span> <span class='ocrx_word' id='word_1_416' title='bbox 1161 5044 1239 5091; x_wconf 85' lang='lat' dir='ltr'><strong>es,</strong></span> <span class='ocrx_word' id='word_1_417' title='bbox 1276 5025 1475 5095; x_wconf 86' lang='lat' dir='ltr'><strong>inquit,</strong></span> <span class='ocrx_word' id='word_1_418' title='bbox 1500 5025 1785 5093; x_wconf 81' lang='lat' dir='ltr'><strong>sapientior</strong></span> <span class='ocrx_word' id='word_1_419' title='bbox 1818 5021 2029 5075; x_wconf 70' lang='lat' dir='ltr'><strong>Daniel:</strong></span> <span class='ocrx_word' id='word_1_420' title='bbox 2064 5016 2279 5089; x_wconf 73' lang='lat' dir='ltr'><strong>(Ezech.</strong></span> 
     </span>
    </p>
   </div>
   <div class='ocr_carea' id='block_1_53' title="bbox 728 5111 2285 5190">
    <p class='ocr_par' dir='ltr' id='par_1_53' title="bbox 728 5111 2285 5190">
     <span class='ocr_line' id='line_1_53' title="bbox 728 5111 2285 5190; baseline -0.008 -15"><span class='ocrx_word' id='word_1_421' title='bbox 728 5122 819 5178; x_wconf 73' lang='lat'><strong>28.</strong></span> <span class='ocrx_word' id='word_1_422' title='bbox 849 5122 939 5189; x_wconf 78' lang='lat'><strong>5)?</strong></span> <span class='ocrx_word' id='word_1_423' title='bbox 965 5122 1030 5176; x_wconf 86' lang='lat' dir='ltr'><strong>Et</strong></span> <span class='ocrx_word' id='word_1_424' title='bbox 1073 5130 1195 5190; x_wconf 87' lang='lat' dir='ltr'><strong>post</strong></span> <span class='ocrx_word' id='word_1_425' title='bbox 1238 5120 1352 5173; x_wconf 60' lang='lat' dir='ltr'><strong>haec</strong></span> <span class='ocrx_word' id='word_1_426' title='bbox 1388 5117 1568 5171; x_wconf 85' lang='lat' dir='ltr'><strong>omnia</strong></span> <span class='ocrx_word' id='word_1_427' title='bbox 1611 5114 1746 5169; x_wconf 86' lang='lat' dir='ltr'><strong>adeo</strong></span> <span class='ocrx_word' id='word_1_428' title='bbox 1780 5121 1895 5169; x_wconf 89' lang='lat' dir='ltr'><strong>erat</strong></span> <span class='ocrx_word' id='word_1_429' title='bbox 1941 5111 2187 5175; x_wconf 82' lang='lat' dir='ltr'><strong>humilis,</strong></span> <span class='ocrx_word' id='word_1_430' title='bbox 2225 5118 2285 5164; x_wconf 92' lang='lat' dir='ltr'><strong>ut</strong></span> 
     </span>
    </p>
   </div>
   <div class='ocr_carea' id='block_1_54' title="bbox 733 5204 1998 5281">
    <p class='ocr_par' dir='ltr' id='par_1_54' title="bbox 733 5204 1998 5281">
     <span class='ocr_line' id='line_1_54' title="bbox 733 5204 1998 5281; baseline -0.01 -14"><span class='ocrx_word' id='word_1_431' title='bbox 733 5212 926 5267; x_wconf 87' lang='lat' dir='ltr'><strong>millies</strong></span> <span class='ocrx_word' id='word_1_432' title='bbox 958 5220 1174 5281; x_wconf 85' lang='lat' dir='ltr'><strong>propter</strong></span> <span class='ocrx_word' id='word_1_433' title='bbox 1203 5209 1486 5263; x_wconf 87' lang='lat' dir='ltr'><strong>Dominunt</strong></span> <span class='ocrx_word' id='word_1_434' title='bbox 1516 5214 1662 5261; x_wconf 86' lang='lat' dir='ltr'><strong>esset</strong></span> <span class='ocrx_word' id='word_1_435' title='bbox 1686 5204 1998 5258; x_wconf 88' lang='lat' dir='ltr'><strong>moriturus.</strong></span> 
     </span>
    </p>
   </div>
   <div class='ocr_carea' id='block_1_55' title="bbox 798 5286 2280 5369">
    <p class='ocr_par' dir='ltr' id='par_1_55' title="bbox 798 5286 2280 5369">
     <span class='ocr_line' id='line_1_55' title="bbox 798 5286 2280 5369; baseline -0.012 -12"><span class='ocrx_word' id='word_1_436' title='bbox 798 5301 853 5357; x_wconf 72' lang='grc' dir='ltr'><strong>ὃ.</strong></span> <span class='ocrx_word' id='word_1_437' title='bbox 883 5300 992 5356; x_wconf 87' lang='lat' dir='ltr'><strong>Cur</strong></span> <span class='ocrx_word' id='word_1_438' title='bbox 1014 5314 1162 5369; x_wconf 83' lang='lat' dir='ltr'><strong>ergo,</strong></span> <span class='ocrx_word' id='word_1_439' title='bbox 1185 5313 1307 5353; x_wconf 91' lang='lat' dir='ltr'><strong>cum</strong></span> <span class='ocrx_word' id='word_1_440' title='bbox 1342 5303 1484 5352; x_wconf 87' lang='lat' dir='ltr'><strong>esset</strong></span> <span class='ocrx_word' id='word_1_441' title='bbox 1520 5292 1655 5349; x_wconf 88' lang='lat' dir='ltr'><strong>adeo</strong></span> <span class='ocrx_word' id='word_1_442' title='bbox 1681 5291 1921 5355; x_wconf 90' lang='lat' dir='ltr'><strong>humilis,</strong></span> <span class='ocrx_word' id='word_1_443' title='bbox 1950 5303 2057 5343; x_wconf 91' lang='lat' dir='ltr'><strong>non</strong></span> <span class='ocrx_word' id='word_1_444' title='bbox 2084 5286 2280 5357; x_wconf 90' lang='lat' dir='ltr'><strong>repulit</strong></span> 
     </span>
    </p>
   </div>
   <div class='ocr_carea' id='block_1_56' title="bbox 733 5376 2278 5461">
    <p class='ocr_par' dir='ltr' id='par_1_56' title="bbox 733 5376 2278 5461">
     <span class='ocr_line' id='line_1_56' title="bbox 733 5376 2278 5461; baseline -0.009 -16"><span class='ocrx_word' id='word_1_445' title='bbox 733 5406 905 5461; x_wconf 84' lang='lat' dir='ltr'><strong>neque</strong></span> <span class='ocrx_word' id='word_1_446' title='bbox 931 5388 1074 5460; x_wconf 84' lang='lat' dir='ltr'><strong>regis</strong></span> <span class='ocrx_word' id='word_1_447' title='bbox 1100 5386 1462 5443; x_wconf 85' lang='lat' dir='ltr'><strong>adorationem</strong></span> <span class='ocrx_word' id='word_1_448' title='bbox 1479 5426 1495 5447; x_wconf 91' lang='lat'><strong>,</strong></span> <span class='ocrx_word' id='word_1_449' title='bbox 1517 5399 1692 5455; x_wconf 83' lang='lat' dir='ltr'><strong>neque</strong></span> <span class='ocrx_word' id='word_1_450' title='bbox 1722 5378 2009 5437; x_wconf 81' lang='lat' dir='ltr'><strong>libamina?</strong></span> <span class='ocrx_word' id='word_1_451' title='bbox 2039 5376 2151 5433; x_wconf 84' lang='lat' dir='ltr'><strong>Hoc</strong></span> <span class='ocrx_word' id='word_1_452' title='bbox 2170 5392 2278 5431; x_wconf 89' lang='lat' dir='ltr'><strong>non</strong></span> 
     </span>
    </p>
   </div>
   <div class='ocr_carea' id='block_1_57' title="bbox 730 5470 2275 5549">
    <p class='ocr_par' dir='ltr' id='par_1_57' title="bbox 730 5470 2275 5549">
     <span class='ocr_line' id='line_1_57' title="bbox 730 5470 2275 5549; baseline -0.009 -12"><span class='ocrx_word' id='word_1_453' title='bbox 730 5481 935 5549; x_wconf 85' lang='lat' dir='ltr'><strong>dicam;</strong></span> <span class='ocrx_word' id='word_1_454' title='bbox 958 5479 1088 5534; x_wconf 87' lang='lat' dir='ltr'><strong>mihi</strong></span> <span class='ocrx_word' id='word_1_455' title='bbox 1111 5478 1254 5533; x_wconf 90' lang='lat' dir='ltr'><strong>enim</strong></span> <span class='ocrx_word' id='word_1_456' title='bbox 1277 5476 1467 5533; x_wconf 82' lang='lat' dir='ltr'><strong>suﬂicit</strong></span> <span class='ocrx_word' id='word_1_457' title='bbox 1490 5477 1662 5532; x_wconf 86' lang='lat' dir='ltr'><strong>solum</strong></span> <span class='ocrx_word' id='word_1_458' title='bbox 1685 5475 1863 5527; x_wconf 83' lang='lat' dir='ltr'><strong>dicere</strong></span> <span class='ocrx_word' id='word_1_459' title='bbox 1884 5470 2230 5543; x_wconf 58' lang='lat' dir='ltr'><strong>qua‘stionem</strong></span> <span class='ocrx_word' id='word_1_460' title='bbox 2258 5484 2275 5523; x_wconf 87' lang='lat'><strong>:</strong></span> 
     </span>
    </p>
   </div>
   <div class='ocr_carea' id='block_1_58' title="bbox 1378 373 3153 455">
    <p class='ocr_par' dir='ltr' id='par_1_58' title="bbox 1378 373 3153 455">
     <span class='ocr_line' id='line_1_58' title="bbox 1378 373 3153 455; baseline -0.017 -1"><span class='ocrx_word' id='word_1_461' title='bbox 1378 402 1433 455; x_wconf 87' lang='lat' dir='ltr'><strong>S.</strong></span> <span class='ocrx_word' id='word_1_462' title='bbox 1472 392 1745 452; x_wconf 71' lang='lat' dir='ltr'><strong>JOANNlS</strong></span> <span class='ocrx_word' id='word_1_463' title='bbox 1780 381 2238 444; x_wconf 67' lang='lat' dir='ltr'><strong>CllllYSOSTOMl</strong></span> <span class='ocrx_word' id='word_1_464' title='bbox 2278 378 2589 434; x_wconf 68' lang='lat' dir='ltr'><strong>AltClllEP.</strong></span> <span class='ocrx_word' id='word_1_465' title='bbox 2629 373 3153 431; x_wconf 68' lang='lat' dir='ltr'><strong>CONSTANTINOP.</strong></span> 
     </span>
    </p>
   </div>
   <div class='ocr_carea' id='block_1_59' title="bbox 2354 490 3905 572">
    <p class='ocr_par' dir='ltr' id='par_1_59' title="bbox 2354 490 3905 572">
     <span class='ocr_line' id='line_1_59' title="bbox 2354 490 3905 572; baseline -0.012 -17"><span class='ocrx_word' id='word_1_466' title='bbox 2354 503 2497 572; x_wconf 84' lang='lat' dir='ltr'><strong>quod</strong></span> <span class='ocrx_word' id='word_1_467' title='bbox 2532 502 2795 571; x_wconf 87' lang='lat' dir='ltr'><strong>reliquum</strong></span> <span class='ocrx_word' id='word_1_468' title='bbox 2831 510 2912 553; x_wconf 84' lang='lat' dir='ltr'><strong>est</strong></span> <span class='ocrx_word' id='word_1_469' title='bbox 2952 497 3105 552; x_wconf 85' lang='lat' dir='ltr'><strong>vobis</strong></span> <span class='ocrx_word' id='word_1_470' title='bbox 3141 493 3373 558; x_wconf 86' lang='lat' dir='ltr'><strong>dimitto,</strong></span> <span class='ocrx_word' id='word_1_471' title='bbox 3393 490 3551 545; x_wconf 78' lang='lat' dir='ltr'><strong>utvel</strong></span> <span class='ocrx_word' id='word_1_472' title='bbox 3573 490 3656 542; x_wconf 84' lang='lat' dir='ltr'><strong>sic</strong></span> <span class='ocrx_word' id='word_1_473' title='bbox 3680 496 3905 539; x_wconf 57' lang='grc' dir='ltr'>ιιςεειιαη</span> 
     </span>
    </p>
   </div>
   <div class='ocr_carea' id='block_1_60' title="bbox 2356 582 3913 649">
    <p class='ocr_par' dir='ltr' id='par_1_60' title="bbox 2356 582 3913 649">
     <span class='ocr_line' id='line_1_60' title="bbox 2356 582 3913 649; baseline -0.012 -3"><span class='ocrx_word' id='word_1_474' title='bbox 2356 604 2584 649; x_wconf 82' lang='lat' dir='ltr'><strong>vestram</strong></span> <span class='ocrx_word' id='word_1_475' title='bbox 2605 589 3000 647; x_wconf 67' lang='lat' dir='ltr'><strong>escitumJllnd</strong></span> <span class='ocrx_word' id='word_1_476' title='bbox 3021 602 3147 644; x_wconf 82' lang='lat' dir='ltr'><strong>vero</strong></span> <span class='ocrx_word' id='word_1_477' title='bbox 3170 600 3382 649; x_wconf 84' lang='lat' dir='ltr'><strong>moneo,</strong></span> <span class='ocrx_word' id='word_1_478' title='bbox 3401 592 3457 637; x_wconf 89' lang='lat' dir='ltr'><strong>ut</strong></span> <span class='ocrx_word' id='word_1_479' title='bbox 3486 582 3668 634; x_wconf 73' lang='grc' dir='ltr'>(ιιιιιιίει</span> <span class='ocrx_word' id='word_1_480' title='bbox 3698 588 3913 648; x_wconf 79' lang='lat' dir='ltr'><strong>propter</strong></span> 
     </span>
    </p>
   </div>
   <div class='ocr_carea' id='block_1_61' title="bbox 2354 673 3915 752">
    <p class='ocr_par' dir='ltr' id='par_1_61' title="bbox 2354 673 3915 752">
     <span class='ocr_line' id='line_1_61' title="bbox 2354 673 3915 752; baseline -0.01 -14"><span class='ocrx_word' id='word_1_481' title='bbox 2354 683 2442 740; x_wconf 85' lang='lat' dir='ltr'><strong>Dei</strong></span> <span class='ocrx_word' id='word_1_482' title='bbox 2482 688 2726 740; x_wconf 90' lang='lat' dir='ltr'><strong>timorem</strong></span> <span class='ocrx_word' id='word_1_483' title='bbox 2766 683 3136 752; x_wconf 77' lang='lat' dir='ltr'><strong>eligatis,cum</strong></span> <span class='ocrx_word' id='word_1_484' title='bbox 3162 680 3287 734; x_wconf 84' lang='lat' dir='ltr'><strong>talia</strong></span> <span class='ocrx_word' id='word_1_485' title='bbox 3310 676 3550 731; x_wconf 86' lang='lat' dir='ltr'><strong>habeatis</strong></span> <span class='ocrx_word' id='word_1_486' title='bbox 3569 673 3845 739; x_wconf 75' lang='lat' dir='ltr'><strong>exempla,</strong></span> <span class='ocrx_word' id='word_1_487' title='bbox 3867 678 3915 722; x_wconf 81' lang='lat' dir='ltr'><strong>rt</strong></span> 
     </span>
    </p>
   </div>
   <div class='ocr_carea' id='block_1_62' title="bbox 2346 760 3917 845">
    <p class='ocr_par' dir='ltr' id='par_1_62' title="bbox 2346 760 3917 845">
     <span class='ocr_line' id='line_1_62' title="bbox 2346 760 3917 845; baseline -0.01 -16"><span class='ocrx_word' id='word_1_488' title='bbox 2346 776 2488 845; x_wconf 82' lang='lat' dir='ltr'><strong>quod</strong></span> <span class='ocrx_word' id='word_1_489' title='bbox 2508 785 2658 830; x_wconf 88' lang='lat' dir='ltr'><strong>certo</strong></span> <span class='ocrx_word' id='word_1_490' title='bbox 2676 790 2737 830; x_wconf 88' lang='lat' dir='ltr'><strong>ea</strong></span> <span class='ocrx_word' id='word_1_491' title='bbox 2755 789 2969 843; x_wconf 86' lang='lat' dir='ltr'><strong>quoque</strong></span> <span class='ocrx_word' id='word_1_492' title='bbox 2985 786 3106 840; x_wconf 73' lang='lat' dir='ltr'><strong>qth</strong></span> <span class='ocrx_word' id='word_1_493' title='bbox 3124 773 3212 824; x_wconf 88' lang='lat' dir='ltr'><strong>hic</strong></span> <span class='ocrx_word' id='word_1_494' title='bbox 3227 778 3352 824; x_wconf 89' lang='lat' dir='ltr'><strong>sunt</strong></span> <span class='ocrx_word' id='word_1_495' title='bbox 3373 781 3752 836; x_wconf 85' lang='lat' dir='ltr'><strong>assequemur,</strong></span> <span class='ocrx_word' id='word_1_496' title='bbox 3771 762 3815 817; x_wconf 86' lang='lat' dir='ltr'><strong>si</strong></span> <span class='ocrx_word' id='word_1_497' title='bbox 3839 760 3917 814; x_wconf 81' lang='lat' dir='ltr'><strong>fu-</strong></span> 
     </span>
    </p>
   </div>
   <div class='ocr_carea' id='block_1_63' title="bbox 2344 854 3914 933">
    <p class='ocr_par' dir='ltr' id='par_1_63' title="bbox 2344 854 3914 933">
     <span class='ocr_line' id='line_1_63' title="bbox 2344 854 3914 933; baseline -0.008 -14"><span class='ocrx_word' id='word_1_498' title='bbox 2344 876 2466 919; x_wconf 88' lang='lat' dir='ltr'><strong>tura</strong></span> <span class='ocrx_word' id='word_1_499' title='bbox 2486 866 2697 920; x_wconf 88' lang='lat' dir='ltr'><strong>sincere</strong></span> <span class='ocrx_word' id='word_1_500' title='bbox 2719 861 3209 933; x_wconf 83' lang='lat' dir='ltr'><strong>apprehendamus.</strong></span> <span class='ocrx_word' id='word_1_501' title='bbox 3248 858 3379 913; x_wconf 85' lang='lat' dir='ltr'><strong>Nam</strong></span> <span class='ocrx_word' id='word_1_502' title='bbox 3404 858 3545 928; x_wconf 87' lang='lat' dir='ltr'><strong>quod</strong></span> <span class='ocrx_word' id='word_1_503' title='bbox 3572 855 3677 908; x_wconf 87' lang='lat' dir='ltr'><strong>hoc</strong></span> <span class='ocrx_word' id='word_1_504' title='bbox 3700 868 3811 907; x_wconf 84' lang='lat' dir='ltr'><strong>non</strong></span> <span class='ocrx_word' id='word_1_505' title='bbox 3838 854 3914 907; x_wconf 55' lang='lat' dir='ltr'><strong>te.</strong></span> 
     </span>
    </p>
   </div>
   <div class='ocr_carea' id='block_1_64' title="bbox 2343 944 3916 1023">
    <p class='ocr_par' dir='ltr' id='par_1_64' title="bbox 2343 944 3916 1023">
     <span class='ocr_line' id='line_1_64' title="bbox 2343 944 3916 1023; baseline -0.01 -12"><span class='ocrx_word' id='word_1_506' title='bbox 2343 957 2479 1011; x_wconf 87' lang='lat' dir='ltr'><strong>cerit</strong></span> <span class='ocrx_word' id='word_1_507' title='bbox 2497 972 2561 1009; x_wconf 77' lang='lat' dir='ltr'><strong>ex</strong></span> <span class='ocrx_word' id='word_1_508' title='bbox 2586 955 2919 1023; x_wconf 76' lang='lat' dir='ltr'><strong>arrogantia,</strong></span> <span class='ocrx_word' id='word_1_509' title='bbox 2948 953 3291 1022; x_wconf 84' lang='lat' dir='ltr'><strong>perspicuum</strong></span> <span class='ocrx_word' id='word_1_510' title='bbox 3316 960 3399 1004; x_wconf 89' lang='lat' dir='ltr'><strong>est</strong></span> <span class='ocrx_word' id='word_1_511' title='bbox 3421 964 3485 1002; x_wconf 75' lang='lat' dir='ltr'><strong>es</strong></span> <span class='ocrx_word' id='word_1_512' title='bbox 3505 962 3571 1002; x_wconf 83' lang='lat' dir='ltr'><strong>eo</strong></span> <span class='ocrx_word' id='word_1_513' title='bbox 3592 944 3740 1015; x_wconf 86' lang='lat' dir='ltr'><strong>quod</strong></span> <span class='ocrx_word' id='word_1_514' title='bbox 3763 944 3916 997; x_wconf 72' lang='lat' dir='ltr'><strong>dive-</strong></span> 
     </span>
    </p>
   </div>
   <div class='ocr_carea' id='block_1_65' title="bbox 2347 1034 3915 1111">
    <p class='ocr_par' dir='ltr' id='par_1_65' title="bbox 2347 1034 3915 1111">
     <span class='ocr_line' id='line_1_65' title="bbox 2347 1034 3915 1111; baseline -0.008 -13"><span class='ocrx_word' id='word_1_515' title='bbox 2347 1045 2593 1111; x_wconf 81' lang='lat' dir='ltr'><strong>rit,Dona</strong></span> <span class='ocrx_word' id='word_1_516' title='bbox 2612 1054 2703 1098; x_wconf 84' lang='lat' dir='ltr'><strong>tua</strong></span> <span class='ocrx_word' id='word_1_517' title='bbox 2724 1047 2826 1097; x_wconf 85' lang='lat' dir='ltr'><strong>sint</strong></span> <span class='ocrx_word' id='word_1_518' title='bbox 2848 1045 2939 1095; x_wconf 81' lang='lat' dir='ltr'><strong>tibi</strong></span> <span class='ocrx_word' id='word_1_519' title='bbox 2961 1041 3120 1110; x_wconf 83' lang='lat' dir='ltr'><strong>(Dan.</strong></span> <span class='ocrx_word' id='word_1_520' title='bbox 3138 1040 3192 1093; x_wconf 86' lang='lat'><strong>5.</strong></span> <span class='ocrx_word' id='word_1_521' title='bbox 3214 1040 3322 1106; x_wconf 84' lang='lat' dir='ltr'><strong>l7).</strong></span> <span class='ocrx_word' id='word_1_522' title='bbox 3341 1039 3546 1092; x_wconf 79' lang='lat' dir='ltr'><strong>Etenim</strong></span> <span class='ocrx_word' id='word_1_523' title='bbox 3568 1044 3653 1090; x_wconf 85' lang='lat' dir='ltr'><strong>est</strong></span> <span class='ocrx_word' id='word_1_524' title='bbox 3671 1035 3787 1088; x_wconf 60' lang='lat' dir='ltr'><strong>haec</strong></span> <span class='ocrx_word' id='word_1_525' title='bbox 3810 1034 3915 1086; x_wconf 82' lang='lat' dir='ltr'><strong>alia</strong></span> 
     </span>
    </p>
   </div>
   <div class='ocr_carea' id='block_1_66' title="bbox 2343 1123 3916 1203">
    <p class='ocr_par' dir='ltr' id='par_1_66' title="bbox 2343 1123 3916 1203">
     <span class='ocr_line' id='line_1_66' title="bbox 2343 1123 3916 1203; baseline -0.008 -16"><span class='ocrx_word' id='word_1_526' title='bbox 2343 1135 2507 1189; x_wconf 75' lang='lat' dir='ltr'><strong>etiam</strong></span> <span class='ocrx_word' id='word_1_527' title='bbox 2529 1136 2778 1203; x_wconf 71' lang='lat' dir='ltr'><strong>qumstio,</strong></span> <span class='ocrx_word' id='word_1_528' title='bbox 2800 1130 3071 1203; x_wconf 85' lang='lat' dir='ltr'><strong>quomodo</strong></span> <span class='ocrx_word' id='word_1_529' title='bbox 3093 1129 3270 1184; x_wconf 83' lang='lat' dir='ltr'><strong>verbis</strong></span> <span class='ocrx_word' id='word_1_530' title='bbox 3294 1128 3575 1196; x_wconf 84' lang='lat' dir='ltr'><strong>repellens,</strong></span> <span class='ocrx_word' id='word_1_531' title='bbox 3596 1126 3758 1179; x_wconf 80' lang='lat' dir='ltr'><strong>factis</strong></span> <span class='ocrx_word' id='word_1_532' title='bbox 3781 1123 3916 1192; x_wconf 83' lang='lat' dir='ltr'><strong>ipsis</strong></span> 
     </span>
    </p>
   </div>
   <div class='ocr_carea' id='block_1_67' title="bbox 2341 1214 3913 1294">
    <p class='ocr_par' dir='ltr' id='par_1_67' title="bbox 2341 1214 3913 1294">
     <span class='ocr_line' id='line_1_67' title="bbox 2341 1214 3913 1294; baseline -0.01 -12"><span class='ocrx_word' id='word_1_533' title='bbox 2341 1226 2601 1282; x_wconf 86' lang='lat' dir='ltr'><strong>honorem</strong></span> <span class='ocrx_word' id='word_1_534' title='bbox 2637 1225 2894 1294; x_wconf 81' lang='lat' dir='ltr'><strong>suscepit,</strong></span> <span class='ocrx_word' id='word_1_535' title='bbox 2929 1231 2982 1277; x_wconf 88' lang='lat' dir='ltr'><strong>et</strong></span> <span class='ocrx_word' id='word_1_536' title='bbox 3020 1232 3267 1291; x_wconf 82' lang='lat' dir='ltr'><strong>torquent</strong></span> <span class='ocrx_word' id='word_1_537' title='bbox 3307 1220 3558 1289; x_wconf 76' lang='lat' dir='ltr'><strong>gestavit.</strong></span> <span class='ocrx_word' id='word_1_538' title='bbox 3580 1217 3646 1269; x_wconf 81' lang='lat' dir='ltr'><strong>Et</strong></span> <span class='ocrx_word' id='word_1_539' title='bbox 3666 1214 3913 1270; x_wconf 80' lang='lat' dir='ltr'><strong>Herodes</strong></span> 
     </span>
    </p>
   </div>
   <div class='ocr_carea' id='block_1_68' title="bbox 2338 1305 3909 1389">
    <p class='ocr_par' dir='ltr' id='par_1_68' title="bbox 2338 1305 3909 1389">
     <span class='ocr_line' id='line_1_68' title="bbox 2338 1305 3909 1389; baseline -0.01 -16"><span class='ocrx_word' id='word_1_540' title='bbox 2338 1319 2556 1389; x_wconf 87' lang='lat' dir='ltr'><strong>quidem</strong></span> <span class='ocrx_word' id='word_1_541' title='bbox 2580 1332 2645 1373; x_wconf 91' lang='lat' dir='ltr'><strong>cu</strong></span> <span class='ocrx_word' id='word_1_542' title='bbox 2654 1334 2702 1370; x_wconf 84' lang='grc' dir='ltr'><strong>ιιι</strong></span> <span class='ocrx_word' id='word_1_543' title='bbox 2724 1318 2984 1377; x_wconf 85' lang='lat' dir='ltr'><strong>audisset,</strong></span> <span class='ocrx_word' id='word_1_544' title='bbox 2997 1312 3089 1366; x_wconf 78' lang='lat' dir='ltr'><strong>Est</strong></span> <span class='ocrx_word' id='word_1_545' title='bbox 3107 1328 3202 1366; x_wconf 67' lang='lat' dir='ltr'><strong>rom:</strong></span> <span class='ocrx_word' id='word_1_546' title='bbox 3215 1311 3331 1373; x_wconf 89' lang='lat' dir='ltr'><strong>Dei,</strong></span> <span class='ocrx_word' id='word_1_547' title='bbox 3342 1318 3393 1389; x_wconf 75' lang='lat' dir='ltr'><strong>et</strong></span> <span class='ocrx_word' id='word_1_548' title='bbox 3410 1324 3512 1361; x_wconf 84' lang='lat' dir='ltr'><strong>non</strong></span> <span class='ocrx_word' id='word_1_549' title='bbox 3525 1307 3753 1360; x_wconf 83' lang='lat' dir='ltr'><strong>hominis</strong></span> <span class='ocrx_word' id='word_1_550' title='bbox 3768 1305 3909 1374; x_wconf 74' lang='lat' dir='ltr'><strong>(Act.</strong></span> 
     </span>
    </p>
   </div>
   <div class='ocr_carea' id='block_1_69' title="bbox 2340 1387 3913 1479">
    <p class='ocr_par' dir='ltr' id='par_1_69' title="bbox 2340 1387 3913 1479">
     <span class='ocr_line' id='line_1_69' title="bbox 2340 1387 3913 1479; baseline -0.011 -14"><span class='ocrx_word' id='word_1_551' title='bbox 2340 1387 2426 1465; x_wconf 60' lang='grc' dir='ltr'><strong>η.</strong></span> <span class='ocrx_word' id='word_1_552' title='bbox 2453 1410 2568 1479; x_wconf 73' lang='lat'><strong>22),</strong></span> <span class='ocrx_word' id='word_1_553' title='bbox 2592 1408 2847 1478; x_wconf 83' lang='lat' dir='ltr'><strong>quoniam</strong></span> <span class='ocrx_word' id='word_1_554' title='bbox 2874 1420 2979 1459; x_wconf 91' lang='lat' dir='ltr'><strong>non</strong></span> <span class='ocrx_word' id='word_1_555' title='bbox 3003 1404 3149 1457; x_wconf 83' lang='lat' dir='ltr'><strong>dedit</strong></span> <span class='ocrx_word' id='word_1_556' title='bbox 3176 1387 3399 1472; x_wconf 76' lang='lat' dir='ltr'><strong>gloriam</strong></span> <span class='ocrx_word' id='word_1_557' title='bbox 3436 1398 3568 1459; x_wconf 87' lang='lat' dir='ltr'><strong>Deo.</strong></span> <span class='ocrx_word' id='word_1_558' title='bbox 3591 1397 3832 1465; x_wconf 88' lang='lat' dir='ltr'><strong>crepuit,</strong></span> <span class='ocrx_word' id='word_1_559' title='bbox 3859 1404 3913 1448; x_wconf 85' lang='lat' dir='ltr'><strong>et</strong></span> 
     </span>
    </p>
   </div>
   <div class='ocr_carea' id='block_1_70' title="bbox 2333 1483 3911 1563">
    <p class='ocr_par' dir='ltr' id='par_1_70' title="bbox 2333 1483 3911 1563">
     <span class='ocr_line' id='line_1_70' title="bbox 2333 1483 3911 1563; baseline -0.008 -8"><span class='ocrx_word' id='word_1_560' title='bbox 2333 1499 2505 1555; x_wconf 74' lang='lat' dir='ltr'><strong>effusa</strong></span> <span class='ocrx_word' id='word_1_561' title='bbox 2532 1507 2659 1553; x_wconf 88' lang='lat' dir='ltr'><strong>sunt</strong></span> <span class='ocrx_word' id='word_1_562' title='bbox 2683 1498 2887 1551; x_wconf 77' lang='lat' dir='ltr'><strong>viscera</strong></span> <span class='ocrx_word' id='word_1_563' title='bbox 2910 1483 3056 1563; x_wconf 42' lang='lat' dir='ltr'><strong>ejus‘:</strong></span> <span class='ocrx_word' id='word_1_564' title='bbox 3073 1496 3161 1547; x_wconf 84' lang='lat' dir='ltr'><strong>hic</strong></span> <span class='ocrx_word' id='word_1_565' title='bbox 3181 1500 3359 1547; x_wconf 85' lang='lat' dir='ltr'><strong>autem</strong></span> <span class='ocrx_word' id='word_1_566' title='bbox 3381 1493 3542 1545; x_wconf 88' lang='lat' dir='ltr'><strong>etiam</strong></span> <span class='ocrx_word' id='word_1_567' title='bbox 3572 1488 3665 1542; x_wconf 75' lang='lat' dir='ltr'><strong>Dei</strong></span> <span class='ocrx_word' id='word_1_568' title='bbox 3689 1491 3911 1542; x_wconf 64' lang='lat' dir='ltr'><strong>aitnisit</strong></span> 
     </span>
    </p>
   </div>
   <div class='ocr_carea' id='block_1_71' title="bbox 2338 1582 3910 1652">
    <p class='ocr_par' dir='ltr' id='par_1_71' title="bbox 2338 1582 3910 1652">
     <span class='ocr_line' id='line_1_71' title="bbox 2338 1582 3910 1652; baseline -0.007 -8"><span class='ocrx_word' id='word_1_569' title='bbox 2338 1592 2617 1652; x_wconf 88' lang='lat' dir='ltr'><strong>honorem,</strong></span> <span class='ocrx_word' id='word_1_570' title='bbox 2645 1604 2751 1642; x_wconf 90' lang='lat' dir='ltr'><strong>non</strong></span> <span class='ocrx_word' id='word_1_571' title='bbox 2779 1588 2940 1642; x_wconf 86' lang='lat' dir='ltr'><strong>verba</strong></span> <span class='ocrx_word' id='word_1_572' title='bbox 2970 1596 3200 1639; x_wconf 86' lang='lat' dir='ltr'><strong>tantum.</strong></span> <span class='ocrx_word' id='word_1_573' title='bbox 3240 1582 3344 1638; x_wconf 88' lang='lat' dir='ltr'><strong>Sed</strong></span> <span class='ocrx_word' id='word_1_574' title='bbox 3373 1598 3595 1637; x_wconf 87' lang='lat' dir='ltr'><strong>necesse</strong></span> <span class='ocrx_word' id='word_1_575' title='bbox 3617 1582 3910 1635; x_wconf 77' lang='lat' dir='ltr'><strong>estdicere</strong></span> 
     </span>
    </p>
   </div>
   <div class='ocr_carea' id='block_1_72' title="bbox 2333 1671 3906 1750">
    <p class='ocr_par' dir='ltr' id='par_1_72' title="bbox 2333 1671 3906 1750">
     <span class='ocr_line' id='line_1_72' title="bbox 2333 1671 3906 1750; baseline -0.008 -16"><span class='ocrx_word' id='word_1_576' title='bbox 2333 1681 2590 1750; x_wconf 83' lang='lat' dir='ltr'><strong>quidnam</strong></span> <span class='ocrx_word' id='word_1_577' title='bbox 2628 1681 2728 1734; x_wconf 77' lang='lat' dir='ltr'><strong>hoc</strong></span> <span class='ocrx_word' id='word_1_578' title='bbox 2758 1680 2848 1733; x_wconf 90' lang='lat' dir='ltr'><strong>sit.</strong></span> <span class='ocrx_word' id='word_1_579' title='bbox 2877 1676 2988 1731; x_wconf 71' lang='lat' dir='ltr'><strong>lilic</strong></span> <span class='ocrx_word' id='word_1_580' title='bbox 3015 1676 3233 1746; x_wconf 83' lang='lat' dir='ltr'><strong>quidem</strong></span> <span class='ocrx_word' id='word_1_581' title='bbox 3272 1672 3518 1728; x_wconf 87' lang='lat' dir='ltr'><strong>homines</strong></span> <span class='ocrx_word' id='word_1_582' title='bbox 3548 1674 3601 1725; x_wconf 91' lang='lat' dir='ltr'><strong>in</strong></span> <span class='ocrx_word' id='word_1_583' title='bbox 3639 1671 3906 1739; x_wconf 73' lang='lat' dir='ltr'><strong>majorem</strong></span> 
     </span>
    </p>
   </div>
   <div class='ocr_carea' id='block_1_73' title="bbox 2333 1763 3906 1833">
    <p class='ocr_par' dir='ltr' id='par_1_73' title="bbox 2333 1763 3906 1833">
     <span class='ocr_line' id='line_1_73' title="bbox 2333 1763 3906 1833; baseline -0.01 -5"><span class='ocrx_word' id='word_1_584' title='bbox 2333 1772 2601 1828; x_wconf 88' lang='lat' dir='ltr'><strong>cadebant</strong></span> <span class='ocrx_word' id='word_1_585' title='bbox 2635 1769 3016 1833; x_wconf 89' lang='lat' dir='ltr'><strong>idololatriam,</strong></span> <span class='ocrx_word' id='word_1_586' title='bbox 3051 1767 3136 1821; x_wconf 91' lang='lat' dir='ltr'><strong>hic</strong></span> <span class='ocrx_word' id='word_1_587' title='bbox 3163 1774 3341 1820; x_wconf 87' lang='lat' dir='ltr'><strong>autem</strong></span> <span class='ocrx_word' id='word_1_588' title='bbox 3370 1780 3475 1819; x_wconf 87' lang='lat' dir='ltr'><strong>non</strong></span> <span class='ocrx_word' id='word_1_589' title='bbox 3507 1764 3718 1818; x_wconf 87' lang='lat' dir='ltr'><strong>itidem.</strong></span> <span class='ocrx_word' id='word_1_590' title='bbox 3753 1763 3906 1828; x_wconf 76' lang='lat' dir='ltr'><strong>Quo-</strong></span> 
     </span>
    </p>
   </div>
   <div class='ocr_carea' id='block_1_74' title="bbox 2333 1855 3904 1931">
    <p class='ocr_par' dir='ltr' id='par_1_74' title="bbox 2333 1855 3904 1931">
     <span class='ocr_line' id='line_1_74' title="bbox 2333 1855 3904 1931; baseline -0.003 -17"><span class='ocrx_word' id='word_1_591' title='bbox 2333 1862 2523 1916; x_wconf 79' lang='lat' dir='ltr'><strong>modo?</strong></span> <span class='ocrx_word' id='word_1_592' title='bbox 2550 1860 2684 1914; x_wconf 84' lang='lat' dir='ltr'><strong>Nam</strong></span> <span class='ocrx_word' id='word_1_593' title='bbox 2716 1860 2861 1931; x_wconf 68' lang='grc' dir='ltr'><strong>(μιοά</strong></span> <span class='ocrx_word' id='word_1_594' title='bbox 2889 1859 2976 1914; x_wconf 90' lang='lat' dir='ltr'><strong>hic</strong></span> <span class='ocrx_word' id='word_1_595' title='bbox 3003 1859 3346 1913; x_wconf 82' lang='lat' dir='ltr'><strong>existimatus</strong></span> <span class='ocrx_word' id='word_1_596' title='bbox 3368 1865 3514 1911; x_wconf 76' lang='lat' dir='ltr'><strong>esset</strong></span> <span class='ocrx_word' id='word_1_597' title='bbox 3534 1856 3681 1919; x_wconf 89' lang='lat' dir='ltr'><strong>talis,</strong></span> <span class='ocrx_word' id='word_1_598' title='bbox 3713 1856 3780 1909; x_wconf 87' lang='lat' dir='ltr'><strong>ad</strong></span> <span class='ocrx_word' id='word_1_599' title='bbox 3810 1855 3904 1909; x_wconf 86' lang='lat' dir='ltr'><strong>Dei</strong></span> 
     </span>
    </p>
   </div>
   <div class='ocr_carea' id='block_1_75' title="bbox 2333 1946 3909 2023">
    <p class='ocr_par' dir='ltr' id='par_1_75' title="bbox 2333 1946 3909 2023">
     <span class='ocr_line' id='line_1_75' title="bbox 2333 1946 3909 2023; baseline -0.005 -19"><span class='ocrx_word' id='word_1_600' title='bbox 2333 1954 2587 2007; x_wconf 88' lang='lat' dir='ltr'><strong>honorem</strong></span> <span class='ocrx_word' id='word_1_601' title='bbox 2639 1951 2979 2023; x_wconf 83' lang='lat' dir='ltr'><strong>pertinebat;</strong></span> <span class='ocrx_word' id='word_1_602' title='bbox 3029 1965 3153 2004; x_wconf 90' lang='lat' dir='ltr'><strong>nam</strong></span> <span class='ocrx_word' id='word_1_603' title='bbox 3192 1960 3476 2019; x_wconf 85' lang='lat' dir='ltr'><strong>propterea</strong></span> <span class='ocrx_word' id='word_1_604' title='bbox 3512 1946 3665 2015; x_wconf 90' lang='lat' dir='ltr'><strong>prius</strong></span> <span class='ocrx_word' id='word_1_605' title='bbox 3699 1946 3841 2000; x_wconf 76' lang='lat' dir='ltr'><strong>dixit</strong></span> <span class='ocrx_word' id='word_1_606' title='bbox 3892 1964 3909 1997; x_wconf 91' lang='grc'><strong>·.</strong></span> 
     </span>
    </p>
   </div>
   <div class='ocr_carea' id='block_1_76' title="bbox 2335 2032 3896 2105">
    <p class='ocr_par' dir='ltr' id='par_1_76' title="bbox 2335 2032 3896 2105">
     <span class='ocr_line' id='line_1_76' title="bbox 2335 2032 3896 2105; baseline -0.006 -13"><span class='ocrx_word' id='word_1_607' title='bbox 2335 2037 2465 2092; x_wconf 79' lang='lat' dir='ltr'><strong>Mihi</strong></span> <span class='ocrx_word' id='word_1_608' title='bbox 2488 2049 2654 2091; x_wconf 84' lang='lat' dir='ltr'><strong>autem</strong></span> <span class='ocrx_word' id='word_1_609' title='bbox 2677 2054 2775 2090; x_wconf 85' lang='lat' dir='ltr'><strong>non</strong></span> <span class='ocrx_word' id='word_1_610' title='bbox 2797 2054 2847 2089; x_wconf 77' lang='lat' dir='ltr'><strong>in</strong></span> <span class='ocrx_word' id='word_1_611' title='bbox 2871 2037 3137 2105; x_wconf 81' lang='lat' dir='ltr'><strong>sapientia,</strong></span> <span class='ocrx_word' id='word_1_612' title='bbox 3161 2050 3273 2101; x_wconf 66' lang='lat' dir='ltr'><strong>qm:</strong></span> <span class='ocrx_word' id='word_1_613' title='bbox 3299 2042 3371 2087; x_wconf 88' lang='lat' dir='ltr'><strong>cst</strong></span> <span class='ocrx_word' id='word_1_614' title='bbox 3398 2034 3452 2086; x_wconf 85' lang='lat' dir='ltr'><strong>iu</strong></span> <span class='ocrx_word' id='word_1_615' title='bbox 3481 2049 3593 2095; x_wconf 75' lang='lat' dir='ltr'><strong>me,</strong></span> <span class='ocrx_word' id='word_1_616' title='bbox 3612 2032 3896 2085; x_wconf 77' lang='lat' dir='ltr'><strong>revelatum</strong></span> 
     </span>
    </p>
   </div>
   <div class='ocr_carea' id='block_1_77' title="bbox 2334 2119 3909 2199">
    <p class='ocr_par' dir='ltr' id='par_1_77' title="bbox 2334 2119 3909 2199">
     <span class='ocr_line' id='line_1_77' title="bbox 2334 2119 3909 2199; baseline -0.004 -18"><span class='ocrx_word' id='word_1_617' title='bbox 2334 2138 2407 2181; x_wconf 82' lang='lat' dir='ltr'><strong>est</strong></span> <span class='ocrx_word' id='word_1_618' title='bbox 2430 2127 2589 2199; x_wconf 77' lang='lat' dir='ltr'><strong>(Dan.</strong></span> <span class='ocrx_word' id='word_1_619' title='bbox 2618 2127 2674 2180; x_wconf 72' lang='lat'><strong>2.</strong></span> <span class='ocrx_word' id='word_1_620' title='bbox 2707 2126 2816 2196; x_wconf 77' lang='grc'><strong>50).</strong></span> <span class='ocrx_word' id='word_1_621' title='bbox 2850 2126 3092 2195; x_wconf 82' lang='lat' dir='ltr'><strong>Alioquin</strong></span> <span class='ocrx_word' id='word_1_622' title='bbox 3124 2139 3221 2177; x_wconf 89' lang='lat' dir='ltr'><strong>nec</strong></span> <span class='ocrx_word' id='word_1_623' title='bbox 3259 2124 3495 2177; x_wconf 88' lang='lat' dir='ltr'><strong>cernitur</strong></span> <span class='ocrx_word' id='word_1_624' title='bbox 3534 2119 3825 2176; x_wconf 86' lang='lat' dir='ltr'><strong>admittere</strong></span> <span class='ocrx_word' id='word_1_625' title='bbox 3846 2120 3909 2175; x_wconf 83' lang='lat' dir='ltr'><strong>li-</strong></span> 
     </span>
    </p>
   </div>
   <div class='ocr_carea' id='block_1_78' title="bbox 2334 2211 3906 2286">
    <p class='ocr_par' dir='ltr' id='par_1_78' title="bbox 2334 2211 3906 2286">
     <span class='ocr_line' id='line_1_78' title="bbox 2334 2211 3906 2286; baseline -0.004 -12"><span class='ocrx_word' id='word_1_626' title='bbox 2334 2220 2541 2274; x_wconf 86' lang='lat' dir='ltr'><strong>bamina</strong></span> <span class='ocrx_word' id='word_1_627' title='bbox 2572 2237 2584 2272; x_wconf 89' lang='lat'>:</span> <span class='ocrx_word' id='word_1_628' title='bbox 2614 2219 2748 2272; x_wconf 74' lang='lat' dir='ltr'><strong>dixit</strong></span> <span class='ocrx_word' id='word_1_629' title='bbox 2788 2219 2929 2271; x_wconf 83' lang='lat' dir='ltr'><strong>enim</strong></span> <span class='ocrx_word' id='word_1_630' title='bbox 2951 2258 2965 2283; x_wconf 93' lang='lat'><strong>,</strong></span> <span class='ocrx_word' id='word_1_631' title='bbox 3021 2216 3222 2286; x_wconf 85' lang='lat' dir='ltr'><strong>inquit,</strong></span> <span class='ocrx_word' id='word_1_632' title='bbox 3266 2213 3406 2284; x_wconf 90' lang='lat' dir='ltr'><strong>quod</strong></span> <span class='ocrx_word' id='word_1_633' title='bbox 3437 2220 3652 2284; x_wconf 75' lang='lat' dir='ltr'><strong>Oportet</strong></span> <span class='ocrx_word' id='word_1_634' title='bbox 3698 2211 3871 2267; x_wconf 82' lang='lat' dir='ltr'><strong>libare</strong></span> <span class='ocrx_word' id='word_1_635' title='bbox 3892 2254 3906 2277; x_wconf 86' lang='lat'><strong>,</strong></span> 
     </span>
    </p>
   </div>
   <div class='ocr_carea' id='block_1_79' title="bbox 2335 2302 3912 2376">
    <p class='ocr_par' dir='ltr' id='par_1_79' title="bbox 2335 2302 3912 2376">
     <span class='ocr_line' id='line_1_79' title="bbox 2335 2302 3912 2376; baseline -0.007 -9"><span class='ocrx_word' id='word_1_636' title='bbox 2335 2312 2552 2367; x_wconf 88' lang='lat' dir='ltr'><strong>minime</strong></span> <span class='ocrx_word' id='word_1_637' title='bbox 2578 2318 2862 2365; x_wconf 80' lang='lat' dir='ltr'><strong>autemest</strong></span> <span class='ocrx_word' id='word_1_638' title='bbox 2900 2308 3234 2363; x_wconf 75' lang='lat' dir='ltr'><strong>manifestum</strong></span> <span class='ocrx_word' id='word_1_639' title='bbox 3259 2304 3399 2376; x_wconf 85' lang='lat' dir='ltr'><strong>quod</strong></span> <span class='ocrx_word' id='word_1_640' title='bbox 3439 2320 3528 2360; x_wconf 88' lang='lat' dir='ltr'><strong>res</strong></span> <span class='ocrx_word' id='word_1_641' title='bbox 3565 2302 3799 2359; x_wconf 82' lang='lat' dir='ltr'><strong>deducta</strong></span> <span class='ocrx_word' id='word_1_642' title='bbox 3842 2304 3912 2356; x_wconf 86' lang='lat' dir='ltr'><strong>sit</strong></span> 
     </span>
    </p>
   </div>
   <div class='ocr_carea' id='block_1_80' title="bbox 2333 2390 3910 2456">
    <p class='ocr_par' dir='ltr' id='par_1_80' title="bbox 2333 2390 3910 2456">
     <span class='ocr_line' id='line_1_80' title="bbox 2333 2390 3910 2456; baseline -0.007 -1"><span class='ocrx_word' id='word_1_643' title='bbox 2333 2402 2398 2455; x_wconf 87' lang='lat' dir='ltr'><strong>ad</strong></span> <span class='ocrx_word' id='word_1_644' title='bbox 2426 2401 2693 2456; x_wconf 79' lang='lat' dir='ltr'><strong>effectum.</strong></span> <span class='ocrx_word' id='word_1_645' title='bbox 2727 2401 2833 2455; x_wconf 87' lang='lat' dir='ltr'><strong>Illic</strong></span> <span class='ocrx_word' id='word_1_646' title='bbox 2860 2415 2988 2453; x_wconf 81' lang='lat' dir='ltr'><strong>vero</strong></span> <span class='ocrx_word' id='word_1_647' title='bbox 3017 2397 3354 2451; x_wconf 77' lang='lat' dir='ltr'><strong>adduxerunt</strong></span> <span class='ocrx_word' id='word_1_648' title='bbox 3403 2402 3582 2448; x_wconf 88' lang='lat' dir='ltr'><strong>tauros</strong></span> <span class='ocrx_word' id='word_1_649' title='bbox 3624 2401 3679 2447; x_wconf 87' lang='lat' dir='ltr'><strong>ut</strong></span> <span class='ocrx_word' id='word_1_650' title='bbox 3708 2390 3910 2445; x_wconf 88' lang='lat' dir='ltr'><strong>immo-</strong></span> 
     </span>
    </p>
   </div>
   <div class='ocr_carea' id='block_1_81' title="bbox 2344 2484 3914 2556">
    <p class='ocr_par' dir='ltr' id='par_1_81' title="bbox 2344 2484 3914 2556">
     <span class='ocr_line' id='line_1_81' title="bbox 2344 2484 3914 2556; baseline -0.006 -12"><span class='ocrx_word' id='word_1_651' title='bbox 2344 2491 2514 2545; x_wconf 89' lang='lat' dir='ltr'><strong>larcnt</strong></span> <span class='ocrx_word' id='word_1_652' title='bbox 2541 2508 2555 2544; x_wconf 87' lang='lat'><strong>:</strong></span> <span class='ocrx_word' id='word_1_653' title='bbox 2583 2500 2638 2546; x_wconf 88' lang='lat' dir='ltr'><strong>et</strong></span> <span class='ocrx_word' id='word_1_654' title='bbox 2666 2490 2922 2544; x_wconf 83' lang='lat' dir='ltr'><strong>vocabant</strong></span> <span class='ocrx_word' id='word_1_655' title='bbox 2948 2489 3169 2543; x_wconf 86' lang='lat' dir='ltr'><strong>alterum</strong></span> <span class='ocrx_word' id='word_1_656' title='bbox 3199 2485 3409 2556; x_wconf 83' lang='lat' dir='ltr'><strong>quidem</strong></span> <span class='ocrx_word' id='word_1_657' title='bbox 3431 2485 3651 2549; x_wconf 78' lang='lat' dir='ltr'><strong>Jovem,</strong></span> <span class='ocrx_word' id='word_1_658' title='bbox 3678 2484 3914 2538; x_wconf 85' lang='lat' dir='ltr'><strong>alterum</strong></span> 
     </span>
    </p>
   </div>
   <div class='ocr_carea' id='block_1_82' title="bbox 2344 2572 3911 2649">
    <p class='ocr_par' dir='ltr' id='par_1_82' title="bbox 2344 2572 3911 2649">
     <span class='ocr_line' id='line_1_82' title="bbox 2344 2572 3911 2649; baseline -0.004 -18"><span class='ocrx_word' id='word_1_659' title='bbox 2344 2594 2474 2636; x_wconf 84' lang='lat' dir='ltr'><strong>vero</strong></span> <span class='ocrx_word' id='word_1_660' title='bbox 2498 2579 2836 2635; x_wconf 81' lang='lat' dir='ltr'><strong>Mercurium.</strong></span> <span class='ocrx_word' id='word_1_661' title='bbox 2866 2579 3126 2649; x_wconf 88' lang='lat' dir='ltr'><strong>Torquem</strong></span> <span class='ocrx_word' id='word_1_662' title='bbox 3152 2586 3327 2632; x_wconf 89' lang='lat' dir='ltr'><strong>autem</strong></span> <span class='ocrx_word' id='word_1_663' title='bbox 3350 2574 3583 2639; x_wconf 82' lang='lat' dir='ltr'><strong>admisit,</strong></span> <span class='ocrx_word' id='word_1_664' title='bbox 3616 2583 3674 2628; x_wconf 91' lang='lat' dir='ltr'><strong>ut</strong></span> <span class='ocrx_word' id='word_1_665' title='bbox 3699 2588 3760 2628; x_wconf 83' lang='lat' dir='ltr'><strong>se</strong></span> <span class='ocrx_word' id='word_1_666' title='bbox 3782 2572 3911 2626; x_wconf 82' lang='lat' dir='ltr'><strong>red-</strong></span> 
     </span>
    </p>
   </div>
   <div class='ocr_carea' id='block_1_83' title="bbox 2339 2662 3913 2735">
    <p class='ocr_par' dir='ltr' id='par_1_83' title="bbox 2339 2662 3913 2735">
     <span class='ocr_line' id='line_1_83' title="bbox 2339 2662 3913 2735; baseline -0.008 -10"><span class='ocrx_word' id='word_1_667' title='bbox 2339 2672 2490 2725; x_wconf 87' lang='lat' dir='ltr'><strong>deret</strong></span> <span class='ocrx_word' id='word_1_668' title='bbox 2538 2667 2912 2735; x_wconf 78' lang='lat' dir='ltr'><strong>manifestum;</strong></span> <span class='ocrx_word' id='word_1_669' title='bbox 2958 2669 3183 2723; x_wconf 86' lang='lat' dir='ltr'><strong>libamen</strong></span> <span class='ocrx_word' id='word_1_670' title='bbox 3238 2677 3415 2721; x_wconf 87' lang='lat' dir='ltr'><strong>autem</strong></span> <span class='ocrx_word' id='word_1_671' title='bbox 3446 2680 3540 2719; x_wconf 90' lang='lat' dir='ltr'><strong>cur</strong></span> <span class='ocrx_word' id='word_1_672' title='bbox 3579 2680 3683 2718; x_wconf 91' lang='lat' dir='ltr'><strong>non</strong></span> <span class='ocrx_word' id='word_1_673' title='bbox 3714 2662 3913 2717; x_wconf 71' lang='lat' dir='ltr'><strong>dicitur</strong></span> 
     </span>
    </p>
   </div>
   <div class='ocr_carea' id='block_1_84' title="bbox 2342 2755 3909 2831">
    <p class='ocr_par' dir='ltr' id='par_1_84' title="bbox 2342 2755 3909 2831">
     <span class='ocr_line' id='line_1_84' title="bbox 2342 2755 3909 2831; baseline -0.008 -14"><span class='ocrx_word' id='word_1_674' title='bbox 2342 2760 2637 2831; x_wconf 70' lang='lat' dir='ltr'><strong>repellere?</strong></span> <span class='ocrx_word' id='word_1_675' title='bbox 2659 2760 2861 2815; x_wconf 80' lang='lat' dir='ltr'><strong>Etenim</strong></span> <span class='ocrx_word' id='word_1_676' title='bbox 2880 2760 2987 2814; x_wconf 89' lang='lat' dir='ltr'><strong>illic</strong></span> <span class='ocrx_word' id='word_1_677' title='bbox 3003 2775 3104 2813; x_wconf 89' lang='lat' dir='ltr'><strong>non</strong></span> <span class='ocrx_word' id='word_1_678' title='bbox 3126 2759 3381 2823; x_wconf 78' lang='lat' dir='ltr'><strong>fecerunt,</strong></span> <span class='ocrx_word' id='word_1_679' title='bbox 3400 2755 3495 2812; x_wconf 87' lang='lat' dir='ltr'><strong>sed</strong></span> <span class='ocrx_word' id='word_1_680' title='bbox 3510 2756 3744 2826; x_wconf 74' lang='lat' dir='ltr'><strong>aggressi</strong></span> <span class='ocrx_word' id='word_1_681' title='bbox 3765 2763 3909 2815; x_wconf 88' lang='lat' dir='ltr'><strong>sunt,</strong></span> 
     </span>
    </p>
   </div>
   <div class='ocr_carea' id='block_1_85' title="bbox 2339 2844 3915 2921">
    <p class='ocr_par' dir='ltr' id='par_1_85' title="bbox 2339 2844 3915 2921">
     <span class='ocr_line' id='line_1_85' title="bbox 2339 2844 3915 2921; baseline -0.006 -15"><span class='ocrx_word' id='word_1_682' title='bbox 2339 2859 2395 2906; x_wconf 85' lang='lat' dir='ltr'><strong>et</strong></span> <span class='ocrx_word' id='word_1_683' title='bbox 2436 2851 2819 2921; x_wconf 88' lang='lat' dir='ltr'><strong>prohibuerunt</strong></span> <span class='ocrx_word' id='word_1_684' title='bbox 2864 2849 3087 2917; x_wconf 89' lang='lat' dir='ltr'><strong>apostoli</strong></span> <span class='ocrx_word' id='word_1_685' title='bbox 3124 2868 3136 2902; x_wconf 90' lang='lat'>:</span> <span class='ocrx_word' id='word_1_686' title='bbox 3182 2847 3527 2919; x_wconf 87' lang='lat' dir='ltr'><strong>quamobrem</strong></span> <span class='ocrx_word' id='word_1_687' title='bbox 3569 2844 3658 2900; x_wconf 89' lang='lat' dir='ltr'><strong>hic</strong></span> <span class='ocrx_word' id='word_1_688' title='bbox 3697 2858 3915 2913; x_wconf 83' lang='lat' dir='ltr'><strong>quoque</strong></span> 
     </span>
    </p>
   </div>
   <div class='ocr_carea' id='block_1_86' title="bbox 2338 2938 3915 3011">
    <p class='ocr_par' dir='ltr' id='par_1_86' title="bbox 2338 2938 3915 3011">
     <span class='ocr_line' id='line_1_86' title="bbox 2338 2938 3915 3011; baseline -0.006 -15"><span class='ocrx_word' id='word_1_689' title='bbox 2338 2942 2617 3011; x_wconf 71' lang='lat' dir='ltr'><strong>oportebat</strong></span> <span class='ocrx_word' id='word_1_690' title='bbox 2653 2942 2830 2995; x_wconf 80' lang='lat' dir='ltr'><strong>statim</strong></span> <span class='ocrx_word' id='word_1_691' title='bbox 2877 2940 3175 3010; x_wconf 84' lang='lat' dir='ltr'><strong>repellere:</strong></span> <span class='ocrx_word' id='word_1_692' title='bbox 3205 2938 3389 2993; x_wconf 83' lang='lat' dir='ltr'><strong>etillic</strong></span> <span class='ocrx_word' id='word_1_693' title='bbox 3414 2946 3557 2992; x_wconf 88' lang='lat' dir='ltr'><strong>totus</strong></span> <span class='ocrx_word' id='word_1_694' title='bbox 3596 2945 3708 2990; x_wconf 90' lang='lat' dir='ltr'><strong>erat</strong></span> <span class='ocrx_word' id='word_1_695' title='bbox 3739 2949 3915 3005; x_wconf 80' lang='lat' dir='ltr'><strong>popu-</strong></span> 
     </span>
    </p>
   </div>
   <div class='ocr_carea' id='block_1_87' title="bbox 2342 3025 3910 3101">
    <p class='ocr_par' dir='ltr' id='par_1_87' title="bbox 2342 3025 3910 3101">
     <span class='ocr_line' id='line_1_87' title="bbox 2342 3025 3910 3101; baseline -0.008 -13"><span class='ocrx_word' id='word_1_696' title='bbox 2342 3033 2439 3098; x_wconf 88' lang='lat' dir='ltr'><strong>lus,</strong></span> <span class='ocrx_word' id='word_1_697' title='bbox 2470 3033 2555 3086; x_wconf 90' lang='lat' dir='ltr'><strong>hic</strong></span> <span class='ocrx_word' id='word_1_698' title='bbox 2577 3042 2753 3087; x_wconf 90' lang='lat' dir='ltr'><strong>autem</strong></span> <span class='ocrx_word' id='word_1_699' title='bbox 2780 3040 3052 3101; x_wconf 71' lang='lat' dir='ltr'><strong>tyrannus.</strong></span> <span class='ocrx_word' id='word_1_700' title='bbox 3083 3028 3190 3084; x_wconf 88' lang='lat' dir='ltr'><strong>Cur</strong></span> <span class='ocrx_word' id='word_1_701' title='bbox 3212 3043 3340 3098; x_wconf 88' lang='lat' dir='ltr'><strong>ergo</strong></span> <span class='ocrx_word' id='word_1_702' title='bbox 3367 3043 3491 3083; x_wconf 89' lang='lat' dir='ltr'><strong>eum</strong></span> <span class='ocrx_word' id='word_1_703' title='bbox 3516 3026 3583 3080; x_wconf 90' lang='lat' dir='ltr'><strong>ab</strong></span> <span class='ocrx_word' id='word_1_704' title='bbox 3608 3025 3697 3080; x_wconf 89' lang='lat' dir='ltr'><strong>illa</strong></span> <span class='ocrx_word' id='word_1_705' title='bbox 3723 3039 3783 3080; x_wconf 87' lang='lat' dir='ltr'><strong>re</strong></span> <span class='ocrx_word' id='word_1_706' title='bbox 3802 3039 3910 3078; x_wconf 89' lang='lat' dir='ltr'><strong>non</strong></span> 
     </span>
    </p>
   </div>
   <div class='ocr_carea' id='block_1_88' title="bbox 2340 3117 3916 3189">
    <p class='ocr_par' dir='ltr' id='par_1_88' title="bbox 2340 3117 3916 3189">
     <span class='ocr_line' id='line_1_88' title="bbox 2340 3117 3916 3189; baseline -0.005 -15"><span class='ocrx_word' id='word_1_707' title='bbox 2340 3121 2657 3182; x_wconf 77' lang='lat' dir='ltr'><strong>abduxerit,</strong></span> <span class='ocrx_word' id='word_1_708' title='bbox 2689 3120 2797 3175; x_wconf 83' lang='lat' dir='ltr'><strong>dixi</strong></span> <span class='ocrx_word' id='word_1_709' title='bbox 2827 3130 2981 3175; x_wconf 89' lang='lat' dir='ltr'><strong>antea</strong></span> <span class='ocrx_word' id='word_1_710' title='bbox 3003 3162 3019 3186; x_wconf 95' lang='lat'><strong>,</strong></span> <span class='ocrx_word' id='word_1_711' title='bbox 3052 3118 3191 3189; x_wconf 87' lang='lat' dir='ltr'><strong>quod</strong></span> <span class='ocrx_word' id='word_1_712' title='bbox 3241 3134 3346 3174; x_wconf 90' lang='lat' dir='ltr'><strong>non</strong></span> <span class='ocrx_word' id='word_1_713' title='bbox 3396 3117 3596 3173; x_wconf 88' lang='lat' dir='ltr'><strong>libabat</strong></span> <span class='ocrx_word' id='word_1_714' title='bbox 3642 3125 3916 3183; x_wconf 87' lang='lat' dir='ltr'><strong>tamquam</strong></span> 
     </span>
    </p>
   </div>
   <div class='ocr_carea' id='block_1_89' title="bbox 2341 3205 3919 3279">
    <p class='ocr_par' dir='ltr' id='par_1_89' title="bbox 2341 3205 3919 3279">
     <span class='ocr_line' id='line_1_89' title="bbox 2341 3205 3919 3279; baseline -0.006 -12"><span class='ocrx_word' id='word_1_715' title='bbox 2341 3212 2442 3267; x_wconf 90' lang='lat' dir='ltr'><strong>dco</strong></span> <span class='ocrx_word' id='word_1_716' title='bbox 2471 3211 2536 3267; x_wconf 90' lang='lat' dir='ltr'><strong>ad</strong></span> <span class='ocrx_word' id='word_1_717' title='bbox 2568 3211 2909 3267; x_wconf 86' lang='lat' dir='ltr'><strong>evertendam</strong></span> <span class='ocrx_word' id='word_1_718' title='bbox 2960 3211 3302 3279; x_wconf 82' lang='lat' dir='ltr'><strong>religionem,</strong></span> <span class='ocrx_word' id='word_1_719' title='bbox 3347 3208 3443 3264; x_wconf 83' lang='lat' dir='ltr'><strong>sed</strong></span> <span class='ocrx_word' id='word_1_720' title='bbox 3490 3216 3707 3278; x_wconf 85' lang='lat' dir='ltr'><strong>propter</strong></span> <span class='ocrx_word' id='word_1_721' title='bbox 3744 3205 3919 3272; x_wconf 76' lang='lat' dir='ltr'><strong>majus</strong></span> 
     </span>
    </p>
   </div>
   <div class='ocr_carea' id='block_1_90' title="bbox 2344 3296 3915 3369">
    <p class='ocr_par' dir='ltr' id='par_1_90' title="bbox 2344 3296 3915 3369">
     <span class='ocr_line' id='line_1_90' title="bbox 2344 3296 3915 3369; baseline -0.005 -14"><span class='ocrx_word' id='word_1_722' title='bbox 2344 3303 2675 3356; x_wconf 85' lang='lat' dir='ltr'><strong>miraculum.</strong></span> <span class='ocrx_word' id='word_1_723' title='bbox 2714 3300 3029 3369; x_wconf 74' lang='lat' dir='ltr'><strong>Quomodo?</strong></span> <span class='ocrx_word' id='word_1_724' title='bbox 3056 3300 3279 3368; x_wconf 86' lang='lat' dir='ltr'><strong>Propter</strong></span> <span class='ocrx_word' id='word_1_725' title='bbox 3328 3298 3491 3354; x_wconf 83' lang='lat' dir='ltr'><strong>Deum</strong></span> <span class='ocrx_word' id='word_1_726' title='bbox 3523 3297 3646 3353; x_wconf 76' lang='lat' dir='ltr'><strong>fecit</strong></span> <span class='ocrx_word' id='word_1_727' title='bbox 3680 3296 3915 3351; x_wconf 84' lang='lat' dir='ltr'><strong>edictum</strong></span> 
     </span>
    </p>
   </div>
   <div class='ocr_carea' id='block_1_91' title="bbox 2343 3387 3918 3458">
    <p class='ocr_par' dir='ltr' id='par_1_91' title="bbox 2343 3387 3918 3458">
     <span class='ocr_line' id='line_1_91' title="bbox 2343 3387 3918 3458; baseline -0.004 -14"><span class='ocrx_word' id='word_1_728' title='bbox 2343 3408 2463 3445; x_wconf 88' lang='lat' dir='ltr'><strong>eum</strong></span> <span class='ocrx_word' id='word_1_729' title='bbox 2512 3392 2787 3445; x_wconf 87' lang='lat' dir='ltr'><strong>Dominum</strong></span> <span class='ocrx_word' id='word_1_730' title='bbox 2836 3389 3097 3446; x_wconf 80' lang='lat' dir='ltr'><strong>conﬁtens</strong></span> <span class='ocrx_word' id='word_1_731' title='bbox 3141 3389 3306 3443; x_wconf 86' lang='lat' dir='ltr'><strong>:ideo</strong></span> <span class='ocrx_word' id='word_1_732' title='bbox 3356 3388 3473 3458; x_wconf 86' lang='lat' dir='ltr'><strong>ejus</strong></span> <span class='ocrx_word' id='word_1_733' title='bbox 3502 3387 3760 3441; x_wconf 89' lang='lat' dir='ltr'><strong>honorem</strong></span> <span class='ocrx_word' id='word_1_734' title='bbox 3811 3401 3918 3439; x_wconf 85' lang='lat' dir='ltr'><strong>non</strong></span> 
     </span>
    </p>
   </div>
   <div class='ocr_carea' id='block_1_92' title="bbox 2342 3478 3923 3550">
    <p class='ocr_par' dir='ltr' id='par_1_92' title="bbox 2342 3478 3923 3550">
     <span class='ocr_line' id='line_1_92' title="bbox 2342 3478 3923 3550; baseline -0.002 -16"><span class='ocrx_word' id='word_1_735' title='bbox 2342 3481 2633 3536; x_wconf 78' lang='lat' dir='ltr'><strong>auferebat.</strong></span> <span class='ocrx_word' id='word_1_736' title='bbox 2664 3480 2932 3537; x_wconf 89' lang='lat' dir='ltr'><strong>llliautem</strong></span> <span class='ocrx_word' id='word_1_737' title='bbox 2964 3496 3065 3534; x_wconf 91' lang='lat' dir='ltr'><strong>non</strong></span> <span class='ocrx_word' id='word_1_738' title='bbox 3094 3480 3172 3535; x_wconf 82' lang='lat' dir='ltr'><strong>sic</strong></span> <span class='ocrx_word' id='word_1_739' title='bbox 3190 3523 3205 3547; x_wconf 93' lang='lat'><strong>,</strong></span> <span class='ocrx_word' id='word_1_740' title='bbox 3228 3480 3319 3534; x_wconf 89' lang='lat' dir='ltr'><strong>sed</strong></span> <span class='ocrx_word' id='word_1_741' title='bbox 3346 3481 3490 3550; x_wconf 85' lang='lat' dir='ltr'><strong>ipsus</strong></span> <span class='ocrx_word' id='word_1_742' title='bbox 3514 3478 3771 3549; x_wconf 69' lang='lat' dir='ltr'><strong>putabant</strong></span> <span class='ocrx_word' id='word_1_743' title='bbox 3798 3491 3923 3533; x_wconf 73' lang='lat' dir='ltr'><strong>es~e</strong></span> 
     </span>
    </p>
   </div>
   <div class='ocr_carea' id='block_1_93' title="bbox 2343 3572 3202 3642">
    <p class='ocr_par' dir='ltr' id='par_1_93' title="bbox 2343 3572 3202 3642">
     <span class='ocr_line' id='line_1_93' title="bbox 2343 3572 3202 3642; baseline -0.001 -13"><span class='ocrx_word' id='word_1_744' title='bbox 2343 3574 2472 3629; x_wconf 80' lang='lat' dir='ltr'><strong>deos</strong></span> <span class='ocrx_word' id='word_1_745' title='bbox 2500 3592 2513 3627; x_wconf 88' lang='lat'><strong>:</strong></span> <span class='ocrx_word' id='word_1_746' title='bbox 2550 3583 2826 3642; x_wconf 82' lang='lat' dir='ltr'><strong>propterea</strong></span> <span class='ocrx_word' id='word_1_747' title='bbox 2856 3572 3202 3641; x_wconf 86' lang='lat' dir='ltr'><strong>repellebant.</strong></span> 
     </span>
    </p>
   </div>
   <div class='ocr_carea' id='block_1_94' title="bbox 2415 3658 3927 3720">
    <p class='ocr_par' dir='ltr' id='par_1_94' title="bbox 2415 3658 3927 3720">
     <span class='ocr_line' id='line_1_94' title="bbox 2415 3658 3927 3720; baseline -0.005 0"><span class='ocrx_word' id='word_1_748' title='bbox 2415 3665 2515 3720; x_wconf 85' lang='lat' dir='ltr'><strong>Cur</strong></span> <span class='ocrx_word' id='word_1_749' title='bbox 2540 3665 2725 3719; x_wconf 80' lang='lat' dir='ltr'><strong>Daniel</strong></span> <span class='ocrx_word' id='word_1_750' title='bbox 2750 3664 2843 3719; x_wconf 81' lang='lat' dir='ltr'><strong>sibi</strong></span> <span class='ocrx_word' id='word_1_751' title='bbox 2885 3664 3106 3719; x_wconf 76' lang='lat' dir='ltr'><strong>oblatum</strong></span> <span class='ocrx_word' id='word_1_752' title='bbox 3141 3664 3355 3718; x_wconf 83' lang='lat' dir='ltr'><strong>libamen</strong></span> <span class='ocrx_word' id='word_1_753' title='bbox 3403 3662 3607 3716; x_wconf 84' lang='lat' dir='ltr'><strong>admisit</strong></span> <span class='ocrx_word' id='word_1_754' title='bbox 3641 3671 3686 3714; x_wconf 84' lang='lat' dir='ltr'><strong>et</strong></span> <span class='ocrx_word' id='word_1_755' title='bbox 3714 3677 3781 3715; x_wconf 85' lang='lat' dir='ltr'><strong>an</strong></span> <span class='ocrx_word' id='word_1_756' title='bbox 3825 3658 3927 3713; x_wconf 80' lang='lat' dir='ltr'><strong>ad-</strong></span> 
     </span>
    </p>
   </div>
   <div class='ocr_carea' id='block_1_95' title="bbox 2347 3749 3925 3817">
    <p class='ocr_par' dir='ltr' id='par_1_95' title="bbox 2347 3749 3925 3817">
     <span class='ocr_line' id='line_1_95' title="bbox 2347 3749 3925 3817; baseline -0.003 -8"><span class='ocrx_word' id='word_1_757' title='bbox 2347 3756 2551 3809; x_wconf 75' lang='lat' dir='ltr'><strong>miserit.</strong></span> <span class='ocrx_word' id='word_1_758' title='bbox 2582 3784 2650 3795; x_wconf 88' lang='lat'><strong>—-</strong></span> <span class='ocrx_word' id='word_1_759' title='bbox 2679 3754 2774 3809; x_wconf 90' lang='lat' dir='ltr'><strong>llic</strong></span> <span class='ocrx_word' id='word_1_760' title='bbox 2793 3763 2970 3809; x_wconf 88' lang='lat' dir='ltr'><strong>autem</strong></span> <span class='ocrx_word' id='word_1_761' title='bbox 2996 3769 3116 3807; x_wconf 90' lang='lat' dir='ltr'><strong>cum</strong></span> <span class='ocrx_word' id='word_1_762' title='bbox 3146 3752 3445 3817; x_wconf 85' lang='lat' dir='ltr'><strong>adorasset,</strong></span> <span class='ocrx_word' id='word_1_763' title='bbox 3477 3762 3599 3805; x_wconf 91' lang='lat' dir='ltr'><strong>tunc</strong></span> <span class='ocrx_word' id='word_1_764' title='bbox 3627 3751 3727 3804; x_wconf 92' lang='lat' dir='ltr'><strong>hoc</strong></span> <span class='ocrx_word' id='word_1_765' title='bbox 3755 3749 3883 3805; x_wconf 82' lang='lat' dir='ltr'><strong>facit</strong></span> <span class='ocrx_word' id='word_1_766' title='bbox 3909 3765 3925 3805; x_wconf 74' lang='grc' dir='ltr'><strong>ι</strong></span> 
     </span>
    </p>
   </div>
   <div class='ocr_carea' id='block_1_96' title="bbox 2350 3841 3928 3913">
    <p class='ocr_par' dir='ltr' id='par_1_96' title="bbox 2350 3841 3928 3913">
     <span class='ocr_line' id='line_1_96' title="bbox 2350 3841 3928 3913; baseline -0.005 -12"><span class='ocrx_word' id='word_1_767' title='bbox 2350 3863 2452 3901; x_wconf 89' lang='lat' dir='ltr'><strong>non</strong></span> <span class='ocrx_word' id='word_1_768' title='bbox 2493 3848 2633 3900; x_wconf 85' lang='lat' dir='ltr'><strong>enim</strong></span> <span class='ocrx_word' id='word_1_769' title='bbox 2676 3860 2797 3900; x_wconf 91' lang='lat' dir='ltr'><strong>eum</strong></span> <span class='ocrx_word' id='word_1_770' title='bbox 2854 3844 3095 3899; x_wconf 85' lang='lat' dir='ltr'><strong>adoravit</strong></span> <span class='ocrx_word' id='word_1_771' title='bbox 3142 3851 3406 3913; x_wconf 84' lang='lat' dir='ltr'><strong>tamquam</strong></span> <span class='ocrx_word' id='word_1_772' title='bbox 3434 3842 3614 3907; x_wconf 89' lang='lat' dir='ltr'><strong>deum,</strong></span> <span class='ocrx_word' id='word_1_773' title='bbox 3644 3841 3738 3895; x_wconf 83' lang='lat' dir='ltr'><strong>sed</strong></span> <span class='ocrx_word' id='word_1_774' title='bbox 3785 3850 3928 3895; x_wconf 84' lang='lat' dir='ltr'><strong>tam-</strong></span> 
     </span>
    </p>
   </div>
   <div class='ocr_carea' id='block_1_97' title="bbox 2349 3931 3931 4006">
    <p class='ocr_par' dir='ltr' id='par_1_97' title="bbox 2349 3931 3931 4006">
     <span class='ocr_line' id='line_1_97' title="bbox 2349 3931 3931 4006; baseline -0.004 -17"><span class='ocrx_word' id='word_1_775' title='bbox 2349 3951 2502 4006; x_wconf 89' lang='lat' dir='ltr'><strong>quam</strong></span> <span class='ocrx_word' id='word_1_776' title='bbox 2560 3934 2827 3989; x_wconf 88' lang='lat' dir='ltr'><strong>hominem</strong></span> <span class='ocrx_word' id='word_1_777' title='bbox 2880 3935 3195 4003; x_wconf 87' lang='lat' dir='ltr'><strong>sapientcm.</strong></span> <span class='ocrx_word' id='word_1_778' title='bbox 3241 3931 3346 3989; x_wconf 84' lang='lat' dir='ltr'><strong>Sed</strong></span> <span class='ocrx_word' id='word_1_779' title='bbox 3417 3946 3516 3986; x_wconf 87' lang='lat' dir='ltr'><strong>nec</strong></span> <span class='ocrx_word' id='word_1_780' title='bbox 3565 3938 3770 3986; x_wconf 88' lang='lat' dir='ltr'><strong>certum</strong></span> <span class='ocrx_word' id='word_1_781' title='bbox 3846 3940 3931 3984; x_wconf 65' lang='lat' dir='ltr'><strong>est</strong></span> 
     </span>
    </p>
   </div>
   <div class='ocr_carea' id='block_1_98' title="bbox 2350 4020 3930 4096">
    <p class='ocr_par' dir='ltr' id='par_1_98' title="bbox 2350 4020 3930 4096">
     <span class='ocr_line' id='line_1_98' title="bbox 2350 4020 3930 4096; baseline -0.003 -17"><span class='ocrx_word' id='word_1_782' title='bbox 2350 4026 2488 4096; x_wconf 89' lang='lat' dir='ltr'><strong>quod</strong></span> <span class='ocrx_word' id='word_1_783' title='bbox 2518 4025 2756 4081; x_wconf 84' lang='lat' dir='ltr'><strong>libaverit</strong></span> <span class='ocrx_word' id='word_1_784' title='bbox 2782 4042 2796 4079; x_wconf 91' lang='lat'><strong>:</strong></span> <span class='ocrx_word' id='word_1_785' title='bbox 2823 4023 2973 4091; x_wconf 85' lang='lat' dir='ltr'><strong>Quod</strong></span> <span class='ocrx_word' id='word_1_786' title='bbox 3001 4023 3045 4077; x_wconf 90' lang='lat' dir='ltr'><strong>si</strong></span> <span class='ocrx_word' id='word_1_787' title='bbox 3084 4024 3244 4079; x_wconf 89' lang='lat' dir='ltr'><strong>etiam</strong></span> <span class='ocrx_word' id='word_1_788' title='bbox 3284 4022 3499 4089; x_wconf 83' lang='lat' dir='ltr'><strong>libavit,</strong></span> <span class='ocrx_word' id='word_1_789' title='bbox 3526 4021 3707 4076; x_wconf 87' lang='lat' dir='ltr'><strong>libavit</strong></span> <span class='ocrx_word' id='word_1_790' title='bbox 3734 4020 3785 4075; x_wconf 93' lang='lat' dir='ltr'><strong>id</strong></span> <span class='ocrx_word' id='word_1_791' title='bbox 3820 4036 3930 4074; x_wconf 90' lang='lat' dir='ltr'><strong>non</strong></span> 
     </span>
    </p>
   </div>
   <div class='ocr_carea' id='block_1_99' title="bbox 2349 4110 3933 4187">
    <p class='ocr_par' dir='ltr' id='par_1_99' title="bbox 2349 4110 3933 4187">
     <span class='ocr_line' id='line_1_99' title="bbox 2349 4110 3933 4187; baseline -0.004 -15"><span class='ocrx_word' id='word_1_792' title='bbox 2349 4116 2667 4187; x_wconf 82' lang='lat' dir='ltr'><strong>suscipiente</strong></span> <span class='ocrx_word' id='word_1_793' title='bbox 2698 4114 2931 4170; x_wconf 85' lang='lat' dir='ltr'><strong>Daniele.</strong></span> <span class='ocrx_word' id='word_1_794' title='bbox 2962 4113 3126 4182; x_wconf 84' lang='lat' dir='ltr'><strong>Quid,</strong></span> <span class='ocrx_word' id='word_1_795' title='bbox 3161 4112 3301 4183; x_wconf 89' lang='lat' dir='ltr'><strong>quod</strong></span> <span class='ocrx_word' id='word_1_796' title='bbox 3330 4112 3489 4166; x_wconf 88' lang='lat' dir='ltr'><strong>etiam</strong></span> <span class='ocrx_word' id='word_1_797' title='bbox 3517 4111 3685 4180; x_wconf 86' lang='lat' dir='ltr'><strong>ipsum</strong></span> <span class='ocrx_word' id='word_1_798' title='bbox 3718 4110 3933 4165; x_wconf 86' lang='lat' dir='ltr'><strong>vocavit</strong></span> 
     </span>
    </p>
   </div>
   <div class='ocr_carea' id='block_1_100' title="bbox 2352 4200 3929 4277">
    <p class='ocr_par' dir='ltr' id='par_1_100' title="bbox 2352 4200 3929 4277">
     <span class='ocr_line' id='line_1_100' title="bbox 2352 4200 3929 4277; baseline -0.008 -12"><span class='ocrx_word' id='word_1_799' title='bbox 2352 4210 2589 4265; x_wconf 78' lang='lat' dir='ltr'><strong>Baltasar</strong></span> <span class='ocrx_word' id='word_1_800' title='bbox 2613 4207 2777 4277; x_wconf 87' lang='lat' dir='ltr'><strong>ipsius</strong></span> <span class='ocrx_word' id='word_1_801' title='bbox 2803 4204 2885 4260; x_wconf 90' lang='lat' dir='ltr'><strong>dei</strong></span> <span class='ocrx_word' id='word_1_802' title='bbox 2929 4218 3124 4259; x_wconf 89' lang='lat' dir='ltr'><strong>nomen</strong></span> <span class='ocrx_word' id='word_1_803' title='bbox 3148 4204 3173 4255; x_wconf 72' lang='grc' dir='ltr'><strong><em>τ</em></strong></span> <span class='ocrx_word' id='word_1_804' title='bbox 3217 4203 3291 4258; x_wconf 85' lang='lat' dir='ltr'><strong>Ita</strong></span> <span class='ocrx_word' id='word_1_805' title='bbox 3320 4202 3452 4258; x_wconf 86' lang='lat' dir='ltr'><strong>deos</strong></span> <span class='ocrx_word' id='word_1_806' title='bbox 3484 4215 3609 4256; x_wconf 84' lang='lat' dir='ltr'><strong>suos</strong></span> <span class='ocrx_word' id='word_1_807' title='bbox 3633 4200 3767 4255; x_wconf 84' lang='lat' dir='ltr'><strong>nihil</strong></span> <span class='ocrx_word' id='word_1_808' title='bbox 3814 4215 3929 4254; x_wconf 86' lang='lat' dir='ltr'><strong>ma-</strong></span> 
     </span>
    </p>
   </div>
   <div class='ocr_carea' id='block_1_101' title="bbox 2350 4290 3925 4368">
    <p class='ocr_par' dir='ltr' id='par_1_101' title="bbox 2350 4290 3925 4368">
     <span class='ocr_line' id='line_1_101' title="bbox 2350 4290 3925 4368; baseline -0.006 -16"><span class='ocrx_word' id='word_1_809' title='bbox 2350 4314 2508 4368; x_wconf 85' lang='lat' dir='ltr'><strong>gnum</strong></span> <span class='ocrx_word' id='word_1_810' title='bbox 2556 4295 2957 4360; x_wconf 74' lang='lat' dir='ltr'><strong>existimabant,</strong></span> <span class='ocrx_word' id='word_1_811' title='bbox 2982 4308 3104 4351; x_wconf 90' lang='lat' dir='ltr'><strong>cum</strong></span> <span class='ocrx_word' id='word_1_812' title='bbox 3149 4293 3309 4349; x_wconf 83' lang='lat' dir='ltr'><strong>etiam</strong></span> <span class='ocrx_word' id='word_1_813' title='bbox 3340 4290 3607 4360; x_wconf 88' lang='lat' dir='ltr'><strong>captivum</strong></span> <span class='ocrx_word' id='word_1_814' title='bbox 3630 4290 3708 4344; x_wconf 88' lang='lat' dir='ltr'><strong>sic</strong></span> <span class='ocrx_word' id='word_1_815' title='bbox 3765 4303 3925 4343; x_wconf 65' lang='grc' dir='ltr'><strong>νοω-</strong></span> 
     </span>
    </p>
   </div>
   <div class='ocr_carea' id='block_1_102' title="bbox 2356 4378 3932 4457">
    <p class='ocr_par' dir='ltr' id='par_1_102' title="bbox 2356 4378 3932 4457">
     <span class='ocr_line' id='line_1_102' title="bbox 2356 4378 3932 4457; baseline -0.008 -12"><span class='ocrx_word' id='word_1_816' title='bbox 2356 4401 2434 4445; x_wconf 83' lang='lat' dir='ltr'><strong>ret</strong></span> <span class='ocrx_word' id='word_1_817' title='bbox 2458 4389 2546 4457; x_wconf 88' lang='lat' dir='ltr'><strong>qui</strong></span> <span class='ocrx_word' id='word_1_818' title='bbox 2576 4402 2762 4444; x_wconf 89' lang='lat' dir='ltr'><strong>omnes</strong></span> <span class='ocrx_word' id='word_1_819' title='bbox 2800 4385 3020 4456; x_wconf 86' lang='lat' dir='ltr'><strong>jubebat</strong></span> <span class='ocrx_word' id='word_1_820' title='bbox 3047 4384 3243 4438; x_wconf 88' lang='lat' dir='ltr'><strong>variam</strong></span> <span class='ocrx_word' id='word_1_821' title='bbox 3264 4392 3315 4438; x_wconf 91' lang='lat' dir='ltr'><strong>et</strong></span> <span class='ocrx_word' id='word_1_822' title='bbox 3334 4379 3679 4451; x_wconf 85' lang='lat' dir='ltr'><strong>multiplicem</strong></span> <span class='ocrx_word' id='word_1_823' title='bbox 3701 4378 3932 4433; x_wconf 81' lang='lat' dir='ltr'><strong>adorare</strong></span> 
     </span>
    </p>
   </div>
   <div class='ocr_carea' id='block_1_103' title="bbox 2358 4470 3932 4553">
    <p class='ocr_par' dir='ltr' id='par_1_103' title="bbox 2358 4470 3932 4553">
     <span class='ocr_line' id='line_1_103' title="bbox 2358 4470 3932 4553; baseline -0.008 -16"><span class='ocrx_word' id='word_1_824' title='bbox 2358 4481 2674 4553; x_wconf 79' lang='lat' dir='ltr'><strong>imaginem,</strong></span> <span class='ocrx_word' id='word_1_825' title='bbox 2717 4491 2770 4535; x_wconf 88' lang='lat' dir='ltr'><strong>et</strong></span> <span class='ocrx_word' id='word_1_826' title='bbox 2797 4478 2887 4548; x_wconf 82' lang='lat' dir='ltr'><strong>qui</strong></span> <span class='ocrx_word' id='word_1_827' title='bbox 2910 4477 3121 4534; x_wconf 83' lang='lat' dir='ltr'><strong>colebat</strong></span> <span class='ocrx_word' id='word_1_828' title='bbox 3146 4475 3431 4531; x_wconf 88' lang='lat' dir='ltr'><strong>draconem</strong></span> <span class='ocrx_word' id='word_1_829' title='bbox 3454 4480 3548 4553; x_wconf 20' lang='lat' dir='ltr'><strong>:Aet</strong></span> <span class='ocrx_word' id='word_1_830' title='bbox 3572 4479 3727 4553; x_wconf 71' lang='lat' dir='ltr'><strong>erant</strong></span> <span class='ocrx_word' id='word_1_831' title='bbox 3756 4470 3932 4539; x_wconf 69' lang='lat' dir='ltr'><strong>Baby-</strong></span> 
     </span>
    </p>
   </div>
   <div class='ocr_carea' id='block_1_104' title="bbox 2371 4548 3946 4644">
    <p class='ocr_par' dir='ltr' id='par_1_104' title="bbox 2371 4548 3946 4644">
     <span class='ocr_line' id='line_1_104' title="bbox 2371 4548 3946 4644; baseline -0.025 -10"><span class='ocrx_word' id='word_1_832' title='bbox 2371 4548 2498 4635; x_wconf 75' lang='lat' dir='ltr'><strong>lcnil</strong></span> <span class='ocrx_word' id='word_1_833' title='bbox 2521 4576 2680 4644; x_wconf 83' lang='lat' dir='ltr'><strong>longe</strong></span> <span class='ocrx_word' id='word_1_834' title='bbox 2706 4570 3029 4627; x_wconf 87' lang='lat' dir='ltr'><strong>amentiores</strong></span> <span class='ocrx_word' id='word_1_835' title='bbox 3054 4565 3121 4620; x_wconf 84' lang='lat' dir='ltr'><strong>iis</strong></span> <span class='ocrx_word' id='word_1_836' title='bbox 3142 4560 3237 4633; x_wconf 87' lang='lat' dir='ltr'><strong>qui</strong></span> <span class='ocrx_word' id='word_1_837' title='bbox 3276 4564 3431 4613; x_wconf 85' lang='lat' dir='ltr'><strong>erant</strong></span> <span class='ocrx_word' id='word_1_838' title='bbox 3476 4548 3724 4644; x_wconf 41' lang='grc' dir='ltr'><strong>ζει-διῆκε</strong></span> 
     </span>
    </p>
   </div>
   <div class='ocr_carea' id='block_1_105' title="bbox 2372 4634 3947 4723">
    <p class='ocr_par' dir='ltr' id='par_1_105' title="bbox 2372 4634 3947 4723">
     <span class='ocr_line' id='line_1_105' title="bbox 2372 4634 3947 4723; baseline -0.024 0"><span class='ocrx_word' id='word_1_839' title='bbox 2372 4634 2554 4723; x_wconf 65' lang='lat' dir='ltr'><strong>ouem</strong></span> <span class='ocrx_word' id='word_1_840' title='bbox 2579 4634 2684 4719; x_wconf 67' lang='lat' dir='ltr'><strong>non</strong></span> <span class='ocrx_word' id='word_1_841' title='bbox 2710 4661 2905 4716; x_wconf 84' lang='lat' dir='ltr'><strong>licebat</strong></span> <span class='ocrx_word' id='word_1_842' title='bbox 2939 4672 3034 4713; x_wconf 88' lang='lat' dir='ltr'><strong>eos</strong></span> <span class='ocrx_word' id='word_1_843' title='bbox 3061 4653 3239 4711; x_wconf 80' lang='lat' dir='ltr'><strong>statim</strong></span> <span class='ocrx_word' id='word_1_844' title='bbox 3261 4648 3327 4703; x_wconf 86' lang='lat' dir='ltr'><strong>ad</strong></span> <span class='ocrx_word' id='word_1_845' title='bbox 3350 4647 3453 4701; x_wconf 89' lang='lat' dir='ltr'><strong>hoc</strong></span> <span class='ocrx_word' id='word_1_846' title='bbox 3478 4640 3760 4699; x_wconf 85' lang='lat' dir='ltr'><strong>inducere.</strong></span> <span class='ocrx_word' id='word_1_847' title='bbox 3784 4634 3947 4688; x_wconf 72' lang='lat' dir='ltr'><strong>Multa</strong></span> 
     </span>
    </p>
   </div>
   <div class='ocr_carea' id='block_1_106' title="bbox 2374 4728 3948 4830">
    <p class='ocr_par' dir='ltr' id='par_1_106' title="bbox 2374 4728 3948 4830">
     <span class='ocr_line' id='line_1_106' title="bbox 2374 4728 3948 4830; baseline -0.022 -20"><span class='ocrx_word' id='word_1_848' title='bbox 2374 4768 2628 4830; x_wconf 66' lang='lat' dir='ltr'><strong>prteterea</strong></span> <span class='ocrx_word' id='word_1_849' title='bbox 2676 4753 2779 4808; x_wconf 89' lang='lat' dir='ltr'><strong>dici</strong></span> <span class='ocrx_word' id='word_1_850' title='bbox 2815 4758 3079 4823; x_wconf 85' lang='lat' dir='ltr'><strong>possunt,</strong></span> <span class='ocrx_word' id='word_1_851' title='bbox 3123 4743 3218 4801; x_wconf 90' lang='lat' dir='ltr'><strong>sed</strong></span> <span class='ocrx_word' id='word_1_852' title='bbox 3270 4742 3482 4797; x_wconf 87' lang='lat' dir='ltr'><strong>interim</strong></span> <span class='ocrx_word' id='word_1_853' title='bbox 3513 4728 3948 4830; x_wconf 71' lang='lat' dir='ltr'><strong>lmesulticiunt.</strong></span> 
     </span>
    </p>
   </div>
   <div class='ocr_carea' id='block_1_107' title="bbox 2372 4823 3944 4919">
    <p class='ocr_par' dir='ltr' id='par_1_107' title="bbox 2372 4823 3944 4919">
     <span class='ocr_line' id='line_1_107' title="bbox 2372 4823 3944 4919; baseline -0.024 -13"><span class='ocrx_word' id='word_1_854' title='bbox 2372 4823 2427 4906; x_wconf 60' lang='grc' dir='ltr'><strong>ἐξ</strong></span> <span class='ocrx_word' id='word_1_855' title='bbox 2483 4864 2610 4919; x_wconf 87' lang='lat' dir='ltr'><strong>ergo</strong></span> <span class='ocrx_word' id='word_1_856' title='bbox 2665 4845 2908 4900; x_wconf 79' lang='lat' dir='ltr'><strong>volumus</strong></span> <span class='ocrx_word' id='word_1_857' title='bbox 2954 4843 3135 4896; x_wconf 82' lang='lat' dir='ltr'><strong>omnia</strong></span> <span class='ocrx_word' id='word_1_858' title='bbox 3193 4836 3328 4890; x_wconf 86' lang='lat' dir='ltr'><strong>bona</strong></span> <span class='ocrx_word' id='word_1_859' title='bbox 3388 4823 3688 4893; x_wconf 59' lang='lat' dir='ltr'><strong>consequi;</strong></span> <span class='ocrx_word' id='word_1_860' title='bbox 3740 4831 3944 4889; x_wconf 62' lang='lat' dir='ltr'><strong>quzera-</strong></span> 
     </span>
    </p>
   </div>
   <div class='ocr_carea' id='block_1_108' title="bbox 2377 4912 3947 5013">
    <p class='ocr_par' dir='ltr' id='par_1_108' title="bbox 2377 4912 3947 5013">
     <span class='ocr_line' id='line_1_108' title="bbox 2377 4912 3947 5013; baseline -0.025 -14"><span class='ocrx_word' id='word_1_861' title='bbox 2377 4959 2493 4999; x_wconf 87' lang='lat' dir='ltr'><strong>mus</strong></span> <span class='ocrx_word' id='word_1_862' title='bbox 2540 4912 2662 5013; x_wconf 75' lang='lat' dir='ltr'><strong>qua:</strong></span> <span class='ocrx_word' id='word_1_863' title='bbox 2707 4937 2774 4993; x_wconf 89' lang='lat' dir='ltr'><strong>ad</strong></span> <span class='ocrx_word' id='word_1_864' title='bbox 2824 4937 2989 4991; x_wconf 89' lang='lat' dir='ltr'><strong>Deum</strong></span> <span class='ocrx_word' id='word_1_865' title='bbox 3018 4922 3489 5013; x_wconf 72' lang='lat' dir='ltr'><strong>pertinent.Sicut</strong></span> <span class='ocrx_word' id='word_1_866' title='bbox 3513 4916 3656 5013; x_wconf 73' lang='lat' dir='ltr'><strong>enim</strong></span> <span class='ocrx_word' id='word_1_867' title='bbox 3684 4912 3947 5013; x_wconf 41' lang='lat' dir='ltr'><strong>quique.</strong></span> 
     </span>
    </p>
   </div>
   <div class='ocr_carea' id='block_1_109' title="bbox 2370 4997 3952 5109">
    <p class='ocr_par' dir='ltr' id='par_1_109' title="bbox 2370 4997 3952 5109">
     <span class='ocr_line' id='line_1_109' title="bbox 2370 4997 3952 5109; baseline -0.032 -10"><span class='ocrx_word' id='word_1_868' title='bbox 2370 4997 2493 5097; x_wconf 79' lang='lat' dir='ltr'><strong>runt</strong></span> <span class='ocrx_word' id='word_1_869' title='bbox 2511 4997 2631 5109; x_wconf 67' lang='lat' dir='ltr'><strong>the</strong></span> <span class='ocrx_word' id='word_1_870' title='bbox 2656 5039 2780 5088; x_wconf 85' lang='lat' dir='ltr'><strong>sunt</strong></span> <span class='ocrx_word' id='word_1_871' title='bbox 2801 5024 3005 5087; x_wconf 90' lang='lat' dir='ltr'><strong>mundi,</strong></span> <span class='ocrx_word' id='word_1_872' title='bbox 3022 4997 3095 5076; x_wconf 29' lang='lat' dir='ltr'><strong>vet</strong></span> <span class='ocrx_word' id='word_1_873' title='bbox 3123 5019 3205 5072; x_wconf 90' lang='lat' dir='ltr'><strong>his</strong></span> <span class='ocrx_word' id='word_1_874' title='bbox 3231 5023 3286 5071; x_wconf 85' lang='lat' dir='ltr'><strong>et</strong></span> <span class='ocrx_word' id='word_1_875' title='bbox 3308 5012 3419 5109; x_wconf 73' lang='lat' dir='ltr'><strong>illis</strong></span> <span class='ocrx_word' id='word_1_876' title='bbox 3442 5005 3740 5063; x_wconf 79' lang='lat' dir='ltr'><strong>excidant:</strong></span> <span class='ocrx_word' id='word_1_877' title='bbox 3770 5000 3845 5054; x_wconf 81' lang='lat' dir='ltr'><strong>ita</strong></span> <span class='ocrx_word' id='word_1_878' title='bbox 3867 4997 3952 5066; x_wconf 83' lang='lat' dir='ltr'><strong>qui</strong></span> 
     </span>
    </p>
   </div>
   <div class='ocr_carea' id='block_1_110' title="bbox 2374 5103 3948 5206">
    <p class='ocr_par' dir='ltr' id='par_1_110' title="bbox 2374 5103 3948 5206">
     <span class='ocr_line' id='line_1_110' title="bbox 2374 5103 3948 5206; baseline -0.035 -15"><span class='ocrx_word' id='word_1_879' title='bbox 2374 5103 2693 5206; x_wconf 66' lang='lat' dir='ltr'><strong>pratponunt</strong></span> <span class='ocrx_word' id='word_1_880' title='bbox 2714 5135 2834 5193; x_wconf 64' lang='lat' dir='ltr'><strong>quae</strong></span> <span class='ocrx_word' id='word_1_881' title='bbox 2867 5116 2935 5172; x_wconf 90' lang='lat' dir='ltr'><strong>ad</strong></span> <span class='ocrx_word' id='word_1_882' title='bbox 2977 5114 3142 5168; x_wconf 87' lang='lat' dir='ltr'><strong>Deum</strong></span> <span class='ocrx_word' id='word_1_883' title='bbox 3184 5103 3460 5178; x_wconf 88' lang='lat' dir='ltr'><strong>pertinent</strong></span> <span class='ocrx_word' id='word_1_884' title='bbox 3480 5140 3517 5206; x_wconf 50' lang='lat'><strong>,.</strong></span> <span class='ocrx_word' id='word_1_885' title='bbox 3540 5106 3772 5206; x_wconf 52' lang='lat' dir='ltr'><strong>tt‘t&#39;raque</strong></span> 
     </span>
    </p>
   </div>
   <div class='ocr_carea' id='block_1_111' title="bbox 2376 5181 3950 5297">
    <p class='ocr_par' dir='ltr' id='par_1_111' title="bbox 2376 5181 3950 5297">
     <span class='ocr_line' id='line_1_111' title="bbox 2376 5181 3950 5297; baseline -0.032 -16"><span class='ocrx_word' id='word_1_886' title='bbox 2376 5181 2632 5297; x_wconf 65' lang='lat' dir='ltr'><strong>huuhtur.</strong></span> <span class='ocrx_word' id='word_1_887' title='bbox 2664 5181 2749 5271; x_wconf 50' lang='lat' dir='ltr'><strong>Ne&#39;</strong></span> <span class='ocrx_word' id='word_1_888' title='bbox 2763 5226 2889 5281; x_wconf 82' lang='lat' dir='ltr'><strong>ergo</strong></span> <span class='ocrx_word' id='word_1_889' title='bbox 2913 5207 3030 5261; x_wconf 71' lang='lat' dir='ltr'><strong>haec</strong></span> <span class='ocrx_word' id='word_1_890' title='bbox 3058 5208 3401 5297; x_wconf 56' lang='lat' dir='ltr'><strong>quaeramus,</strong></span> <span class='ocrx_word' id='word_1_891' title='bbox 3548 5186 3637 5297; x_wconf 58' lang='lat' dir='ltr'><strong>il‘la</strong></span> <span class='ocrx_word' id='word_1_892' title='bbox 3668 5202 3683 5239; x_wconf 89' lang='lat'><strong>:</strong></span> <span class='ocrx_word' id='word_1_893' title='bbox 3708 5194 3771 5297; x_wconf 58' lang='lat' dir='ltr'><strong>u&#39;t</strong></span> <span class='ocrx_word' id='word_1_894' title='bbox 3791 5181 3950 5283; x_wconf 46' lang='lat' dir='ltr'><strong>etiam</strong></span> 
     </span>
    </p>
   </div>
   <div class='ocr_carea' id='block_1_112' title="bbox 2381 5273 3955 5386">
    <p class='ocr_par' dir='ltr' id='par_1_112' title="bbox 2381 5273 3955 5386">
     <span class='ocr_line' id='line_1_112' title="bbox 2381 5273 3955 5386; baseline -0.033 -11"><span class='ocrx_word' id='word_1_895' title='bbox 2533 5273 2810 5386; x_wconf 76' lang='lat' dir='ltr'><strong>promissa</strong></span> <span class='ocrx_word' id='word_1_896' title='bbox 2825 5273 3242 5366; x_wconf 67' lang='lat' dir='ltr'><strong>consequamur,</strong></span> <span class='ocrx_word' id='word_1_897' title='bbox 3264 5287 3317 5345; x_wconf 83' lang='lat' dir='ltr'><strong>in</strong></span> <span class='ocrx_word' id='word_1_898' title='bbox 3332 5281 3549 5339; x_wconf 86' lang='lat' dir='ltr'><strong>Christo</strong></span> <span class='ocrx_word' id='word_1_899' title='bbox 3570 5276 3699 5334; x_wconf 74' lang='lat' dir='ltr'><strong>Jesu</strong></span> <span class='ocrx_word' id='word_1_900' title='bbox 3728 5273 3955 5331; x_wconf 72' lang='lat' dir='ltr'><strong>Domino</strong></span> 
     </span>
    </p>
   </div>
   <div class='ocr_carea' id='block_1_113' title="bbox 2386 5419 2587 5466">
    <p class='ocr_par' dir='ltr' id='par_1_113' title="bbox 2386 5419 2587 5466">
     <span class='ocr_line' id='line_1_113' title="bbox 2386 5419 2587 5466; baseline -0.025 0"><span class='ocrx_word' id='word_1_901' title='bbox 2386 5419 2587 5466; x_wconf 60' lang='lat' dir='ltr'><strong>rostro.</strong></span> 
     </span>
    </p>
   </div>
  </div>
