4060 6414
177 398 273 449 13:)

1024 389 1086 444 ΙΝ
1124 389 1339 446 EPIST.
1380 386 1470 441 AD
1509 384 1866 441 ιιεωωξυδ.
1906 386 2057 441 CAP.
2103 385 2192 442 Xl.
2237 386 2462 443 llOMlL.
2512 385 2716 443 XXVII.

3355 376 3454 429 186

677 533 3453 563 Μ

1486 615 1836 680 HOMILIA
1878 608 2147 674 XXVII.

170 761 304 815 Car.
338 760 424 812 ll.
455 772 505 809 γ.
533 755 627 811 9.8.
660 752 790 807 Fide
815 750 1079 806 celebravit
1108 748 1299 818 pascha
1325 758 1369 799 et
1399 740 1663 813 sanguinis
1690 738 1763 806 ef-

247 851 539 921 fusionem,
581 863 644 900 ne
678 844 763 915 qui
806 841 1029 898 vastabat
1068 838 1352 911 primitiva,
1399 840 1621 904 tangeret
1657 845 1762 885 eos.

244 941 339 997 29.
370 939 502 993 Fide
522 938 825 991 transierunt
847 951 985 988 mare
1013 932 1258 996 Rubrum,
1284 939 1537 998 tamquam
1559 940 1649 994 per
1669 922 1767 975 ari-

246 1032 368 1085 dam
410 1042 596 1084 terram
624 1028 798 1097 :quod
836 1024 1027 1095 experti
1065 1020 1325 1092 ﬁgyptii,
1366 1016 1587 1072 devorati
1625 1022 1761 1068 sunt.

234 1102 339 1178 ‘30.
387 1119 521 1174 Fide
559 1119 692 1173 muri
733 1116 937 1171 Jericho
981 1120 1295 1176 corruerunt,
1323 1110 1539 1164 circuitu
1566 1107 1765 1159 dierum

248 1222 459 1281 septem.
488 1212 576 1268 51.
614 1208 746 1263 Fide
776 1207 954 1263 Rahab
983 1205 1220 1261 meretrix
1247 1219 1347 1257 non
1376 1202 1521 1272 periit
1550 1214 1662 1253 cum
1686 1198 1766 1250 in-

251 1306 494 1367 credulis,
518 1302 773 1373 excipieus
801 1300 1145 1367 exploratores
1169 1313 1281 1352 cum
1312 1309 1453 1366 pace.

249 1399 304 1451 l.
336 1396 498 1451 llulta
525 1395 660 1449 solet
688 1393 882 1449 Paulus
912 1391 1193 1461 interjeeta
1218 1390 1446 1461 probare
1472 1401 1535 1442 ac
1563 1386 1763 1442 confir-

175 1504 350 1552 mare,
382 1496 437 1543 ct
463 1496 546 1542 est
569 1485 757 1540 creber
782 1482 1084 1539 sententiis.
1120 1482 1263 1537 Talis
1295 1482 1436 1536 enim
1478 1488 1562 1535 est
1594 1480 1764 1549 gratia

176 1580 412 1650 Spiritus
444 1596 456 1631 :
485 1592 591 1632 non
619 1576 673 1631 in
696 1575 980 1631 verborum
1009 1573 1345 1629 multitudine
1371 1573 1607 1629 continet
1636 1588 1766 1643 pau-

173 1687 273 1727 cos
297 1685 507 1733 sensus,
531 1669 623 1725 sed
651 1669 703 1723 iu
734 1666 1016 1722 verborum
1040 1666 1298 1721 brevitate
1325 1665 1546 1720 multam
1570 1674 1624 1721 et
1649 1681 1763 1720 ma-

173 1775 338 1829 gnam
389 1760 522 1813 indit
569 1756 991 1827 intelligentiam.
1041 1755 1173 1811 Vide
1214 1770 1381 1825 ergo,
1429 1770 1549 1809 eum
1600 1756 1767 1810 instar

174 1849 569 1905 adhortationis
595 1847 663 1903 de
694 1848 799 1903 ﬁde
825 1848 1146 1911 dissereret,
1177 1846 1331 1915 cujus
1362 1846 1542 1915 ﬁgura:
1568 1854 1622 1901 et
1649 1862 1766 1916 my~

176 1944 332 1998 stcrii
364 1943 668 2007 admoneat,
700 1940 850 2010 cujus
878 1939 1136 1993 habemus
1160 1939 1462 1994 veritatem.
1494 1936 1645 2002 Fide,
1680 1938 1764 1992 in-

177 2035 320 2107 quit,
352 2034 614 2088 celebravit
645 2032 848 2085 Pascha
877 2041 921 2084 et
949 2031 1210 2101 sanguinis
1238 2029 1554 2097 eﬂ'usioncm,
1590 2045 1653 2083 ne
1680 2031 1768 2097 qui

178 2125 409 2179 restabat
441 2124 772 2193 primogenita
794 2138 877 2175 eos
900 2132 1143 2191 tangeret.
1165 2123 1245 2195 (a)
1277 2120 1412 2189 Quid
1437 2131 1518 2175 est
1544 2122 1767 2192 sangui-

180 2218 267 2270 nis
297 2215 520 2270 effusio?
560 2217 740 2283 Agnus
772 2212 1169 2267 sacrificabatur
1208 2212 1257 2263 in
1299 2212 1501 2267 sedibus
1521 2252 1535 2277 ,
1562 2221 1616 2269 et
1645 2229 1769 2267 san-

179 2311 303 2378 guis
325 2309 441 2377 ejus
464 2306 769 2360 illiuebatur
794 2304 1056 2374 postibus,
1081 2312 1135 2357 et
1161 2302 1259 2356 hoc
1286 2313 1400 2357 erat
1428 2320 1533 2373 quo
1564 2306 1771 2359 munie-

181 2410 341 2456 liatur
391 2394 669 2466 {Egyplius
714 2391 981 2446 interitus.
1028 2390 1085 2444 Si
1128 2406 1254 2460 ergo
1295 2392 1512 2461 sanguis
1551 2393 1674 2462 agni
1722 2392 1772 2444 iu

180 2491 363 2548 medio
394 2486 764 2557 Egyptiorum
797 2492 851 2537 et
894 2482 947 2535 in
982 2491 1127 2536 tanto
1162 2484 1328 2567 .cxitio
1369 2484 1563 2537 illa‘sos
1598 2492 1778 2538 custo-

179 2586 367 2639 diebat
394 2580 610 2638 Judaros
628 2618 643 2643 ,
682 2577 852 2631 multo
878 2575 1047 2644 magis
1075 2589 1172 2628 nos
1197 2574 1536 2630 conservabit
1560 2576 1778 2644 sanguis

180 2677 407 2739 Christi,
439 2673 605 2726 illitos
626 2685 731 2724 non
762 2668 1037 2737 postibus,
1073 2666 1168 2721 sed
1205 2666 1401 2721 nostris
1428 2666 1620 2722 animis
1649 2685 1661 2719 :
1692 2675 1777 2722 et-

181 2766 330 2820 enim
361 2777 503 2817 nunc
532 2774 743 2830 quoque
772 2758 861 2827 qui
891 2766 1062 2810 vastat
1091 2764 1144 2811 et
1171 2758 1366 2824 perdit,
1399 2757 1449 2810 in
1481 2757 1580 2812 hac
1602 2757 1778 2812 media

186 2866 345 2911 nocte
372 2852 578 2908 circuit.
609 2850 714 2906 Sed
739 2863 1010 2903 armemur
1031 2848 1123 2902 illo
1149 2849 1428 2902 sacriﬁcio.
1466 2848 1776 2904 Unctionem

182 2956 345 3001 vocat
375 2944 689 2998 ellusionem
722 2958 734 2994 :
760 2956 821 2994 ex
851 2938 1086 3009 Aigypto
1112 2938 1254 2992 enim
1279 2954 1383 2992 nos
1409 2938 1591 2994 eduxit
1617 2940 1777 3008 Deus,

184 3056 219 3094 c
252 3034 511 3099 tenebris,
542 3048 611 3087 ex
644 3030 965 3085 idololatria.
997 3029 1154 3097 Atqui
1176 3029 1318 3098 quod
1343 3029 1539 3083 factum
1564 3031 1778 3100 quidem

185 3130 309 3192 fuit,
347 3126 479 3181 nihil
521 3134 665 3187 erat;
712 3122 851 3192 quod
891 3132 1071 3175 autent
1107 3121 1232 3175 hinc
1264 3122 1659 3189 perﬁciebatur,
1695 3138 1782 3179 res

184 3232 400 3288 magna.
429 3215 557 3269 Nam
586 3212 727 3283 quod
759 3213 953 3265 factum
983 3210 1195 3279 quidem
1230 3212 1321 3265 fuit
1342 3253 1356 3277 ,
1386 3220 1503 3266 erat
1529 3217 1780 3283 sanguis;

183 3309 334 3379 quod
362 3315 542 3361 autem
570 3303 917 3367 efficiebatur,
941 3304 1086 3357 salus
1112 3309 1168 3355 et
1197 3303 1488 3357 obstructio
1515 3318 1576 3358 ac
1604 3306 1786 3374 probi-

187 3400 326 3455 bitio
376 3396 645 3451 interitus.
687 3394 885 3447 Timuit
924 3394 1237 3462 sanguinem
1281 3395 1534 3463 angelus;
1586 3396 1787 3451 sciebat

185 3492 335 3546 enim
381 3488 531 3557 cujus
577 3494 724 3541 esset
767 3494 955 3556 typus;
1005 3484 1245 3552 horruit,
1294 3495 1521 3541 mortem
1574 3488 1787 3543 Domini

188 3580 435 3648 cogitans
470 3594 483 3629 :
512 3586 790 3644 propterea
820 3591 924 3627 non
954 3574 1202 3645 tangebat
1229 3586 1427 3644 postes.
1471 3576 1611 3631 Dixit
1640 3577 1791 3649 Moy-

190 3685 322 3733 ses,
364 3666 587 3737 Ungite;
645 3673 700 3719 et
745 3673 1043 3731 unxerunt,
1092 3663 1411 3735 fueruntque
1460 3667 1791 3725 cenﬁdentes

191 3772 249 3815 et
281 3758 477 3814 securi.
509 3757 615 3811 Vos
640 3765 818 3811 autem
846 3756 1012 3826 ipsius
1029 3757 1150 3826 agni
1172 3756 1431 3812 habentes
1453 3762 1789 3829 sanguinem,

195 3868 305 3907 non
336 3848 638 3904 confiditis?
684 3847 815 3900 Fide
852 3850 1157 3901 transierunt
1188 3864 1326 3903 mare
1358 3850 1587 3904 Rubrum
1608 3894 1621 3917 ,
1656 3862 1789 3906 tam-

193 3958 349 4012 quam
377 3956 465 4010 per
489 3939 686 3991 aridam
708 3935 913 3992 terram.
948 3938 1150 3993 Rursus
1180 3949 1345 3994 totum
1372 3943 1623 4012 populum
1648 3959 1793 3998 com-

202 4041 359 4103 parat
395 4030 610 4100 populo,
644 4043 711 4082 ne
750 4030 959 4092 dicant,
1001 4029 1113 4083 Non
1160 4044 1445 4100 possunms
1493 4050 1613 4089 esse
1656 4037 1797 4091 ‘sicut

199 4125 395 4179 sancti.
427 4122 575 4184 Fide,
610 4122 801 4190 inquit,
831 4123 1138 4184 transierunt
1181 4140 1319 4177 mare
1370 4127 1623 4182 Rubrum.
1661 4142 1790 4181 tam-

207 4232 360 4285 quam
384 4230 472 4273 per
495 4213 691 4265 aridam
712 4222 895 4264 terram
918 4227 934 4262 :
956 4210 1088 4276 quod
1114 4210 1303 4278 experti
1322 4208 1557 4277 At'gyptii
1578 4208 1604 4275 f
1605 4219 1783 4260 uerunt

207 4306 471 4361 submersi.
510 4304 607 4358 llic
636 4304 712 4357 eis
744 4312 955 4355 revocat
983 4302 1035 4354 in
1068 4300 1376 4353 memoriam
1417 4314 1476 4350 ea
1505 4313 1622 4366 qurc
1662 4313 1783 4366 per-

208 4397 351 4465 pessi
383 4404 505 4449 sunt
534 4395 584 4447 in
616 4391 864 4463 Egypto.
898 4390 1175 4458 Quomodo
1204 4389 1338 4442 ﬁde?
1368 4388 1629 4454 Quoniam
1660 4402 1782 4455 spe-

206 4496 396 4543 rarunt
420 4501 478 4540 se
509 4501 602 4552 per
625 4500 769 4537 mare
798 4480 1131 4543 transituros,
1156 4488 1208 4532 et
1238 4480 1354 4532 ideo
1384 4479 1641 4531 orabant:
1674 4478 1780 4529 imo

204 4593 335 4631 vero
358 4586 471 4630 erat
502 4577 708 4644 Moyses
734 4574 819 4642 qui
843 4573 1046 4625 orabat.
1079 4570 1234 4623 Vides
1265 4568 1403 4637 quod
1435 4568 1625 4637 ubique
1648 4568 1778 4621 ﬁdes

204 4669 435 4722 humana
463 4673 747 4733 exsopcrat
774 4663 1045 4717 ratiocinia
1073 4671 1127 4716 et
1158 4661 1570 4714 imbecillitatem
1601 4669 1652 4713 et
1680 4660 1776 4712 Iut-

202 4758 522 4812 militatem?
558 4756 739 4819 vides,
768 4755 923 4809 simul
953 4764 1006 4807 et
1032 4752 1350 4814 credebant,
1385 4760 1437 4806 et
1460 4752 1772 4819 supplicium

200 4854 581 4911 extimuerunt,
624 4855 676 4899 et
714 4847 764 4899 in
805 4846 1058 4913 sanguine
1092 4844 1370 4907 ostiorum,
1413 4854 1465 4896 et
1501 4844 1551 4895 in
1594 4842 1773 4896 Rubro

199 4942 372 4996 mari?
411 4941 477 4995 Et
503 4939 603 4992 hoc
627 4939 925 4991 declarabat
956 4937 1115 4989 fuisse
1144 4950 1367 5003 aquam,
1410 4951 1505 5004 per
1549 4949 1641 4987 eos
1684 4934 1770 5003 qui

194 5032 511 5087 ceciderunt
550 5039 602 5081 et
646 5030 694 5079 in
732 5043 790 5079 ea
835 5027 1045 5079 fuerunt
1075 5025 1334 5089 suffocati,
1370 5035 1420 5079 et
1458 5041 1559 5077 non
1608 5023 1771 5078 fuisse

198 5122 485 5181 visionem,
517 5116 610 5170 sed
640 5117 929 5169 veritatem.
972 5113 1075 5167 Sed
1111 5114 1247 5166 sicut
1281 5114 1367 5183 qui
1406 5112 1617 5166 fuerunt
1642 5128 1769 5166 eon-

194 5211 395 5281 snutpti
425 5226 452 5261 a
487 5208 744 5271 leonibus,
768 5206 1118 5261 ostendebant
1161 5222 1335 5258 rerum
1369 5208 1680 5270 veritatem,
1714 5218 1768 5259 et

192 5303 279 5372 qui
307 5299 571 5355 combusti
604 5297 813 5351 fuerunt
840 5297 887 5349 in
916 5296 1149 5361 fornace,
1184 5296 1253 5349 ita
1288 5313 1425 5349 nunc
1452 5312 1655 5365 quoque
1689 5299 1783 5350 vi-.

190 5396 287 5449 des
314 5409 402 5447 res
424 5390 635 5446 easdem
662 5390 741 5442 his
766 5388 977 5458 quidem
1002 5388 1161 5441 fuisse
1185 5388 1338 5442 saluti
1360 5399 1413 5443 et
1435 5389 1633 5458 glorize,
1663 5390 1767 5444 illis

189 5494 368 5537 autem
396 5481 580 5535 exilio.
612 5479 837 5533 Tantum
870 5479 1063 5533 bonum
1093 5488 1175 5535 est
1202 5480 1331 5533 ﬁdes
1362 5499 1371 5532 :
1402 5496 1522 5532 nam
1554 5480 1763 5549 quando

192 5576 255 5629 ad
297 5584 501 5627 tantam
538 5572 839 5625 venerimus
885 5571 1317 5639 perplexitatem,
1364 5584 1417 5626 ut
1464 5571 1638 5626 nullus
1680 5574 1761 5626 in-

245 5739 317 5797 (εί)
346 5739 432 5788 ηις
460 5741 703 5794 lzoutiltutn
728 5747 838 5807 meq
860 5746 893 5794 it
919 5750 1053 5798 LM“).

1883 732 2331 795 veniaturexitus,
2353 740 2479 784 tunc
2496 728 2801 794 liberamur,
2821 728 3028 783 etiamsi
3053 726 3118 781 ad
3137 727 3305 796 ipsam
3323 742 3459 781 mor-

1881 835 1986 880 tem
2003 818 2537 884 venerimus,ctiatnsi
2556 834 2640 873 res
2653 828 2847 872 nostra:
2864 819 2971 872 sint
2988 817 3144 885 plane
3159 818 3458 889 desperata:

1880 928 1934 973 et
1966 914 2281 984 deploratas.
2309 909 2449 979 Quid
2489 908 2633 965 enim
2672 908 2908 967 restabat
2943 907 3386 980 aliud?£gyptii
3402 918 3457 965 ct

1877 1021 2024 1061 mare
2062 1018 2155 1061 cos
2187 998 2592 1057 circumdabant
2636 999 2903 1065 inermes,
2946 1008 3002 1054 et
3043 1000 3323 1070 oportebat
3359 1015 3453 1056 eos

1877 1098 1957 1153 vel
1997 1095 2249 1153 suffocari
2288 1092 2549 1163 fugientes
2571 1131 2586 1155 ,
2616 1090 2699 1145 vel
2731 1088 2965 1145 incidere
2992 1090 3044 1144 in
3076 1105 3261 1145 manus
3284 1089 3451 1162 [Egy-

1873 1192 2093 1262 ptiacas.
2136 1184 2243 1243 Sed
2282 1193 2457 1240 tamen
2485 1198 2518 1237 a
2544 1185 2703 1237 rebus
2725 1181 2861 1236 adeo
2887 1181 3063 1236 dubiis
3096 1191 3150 1235 et
3186 1182 3452 1252 perplexis

1870 1298 1964 1340 eos
1994 1280 2237 1338 liberavit
2269 1292 2332 1332 ac
2360 1278 2719 1332 conservavit.
2765 1274 2859 1330 His
2888 1275 3029 1330 idem
3057 1290 3205 1329 mare
3234 1276 3447 1345 quidem

1869 1382 2093 1428 stratura
2135 1370 2231 1423 fuit
2271 1368 2409 1422 sicut
2446 1375 2585 1421 terra
2606 1404 2623 1431 ,
2653 1365 2770 1420 illos
2798 1375 2977 1419 autem
3004 1365 3286 1421 submersit
3316 1374 3449 1420 tam-

1868 1479 2026 1535 quam
2065 1474 2232 1515 mare.
2282 1458 2392 1513 lllic
2417 1455 2629 1527 quidem
2653 1455 3064 1510 obliviscebatur
3098 1465 3320 1521 natum,
3362 1455 3447 1511 hic

1868 1558 2027 1612 etiam
2065 1553 2328 1607 adversus
2381 1549 2527 1618 ipsos
2554 1548 2876 1603 armabatur.
2920 1546 3053 1602 Fide
3078 1550 3212 1601 muri
3235 1549 3444 1603 Iericho

1865 1653 2159 1702 corruerunt
2198 1643 2411 1697 circuitu
2452 1649 2636 1711 septem
2673 1639 2888 1692 dierum.
2933 1638 3050 1693 Non
3093 1641 3236 1695 enim
3276 1656 3444 1697 sonus

1867 1741 2110 1797 tubarum
2139 1745 2317 1807 potest
2345 1750 2529 1790 muros
2554 1734 2787 1803 dejicere
2808 1775 2823 1800 ,
2856 1734 3065 1789 etiamsi
3097 1737 3242 1790 mille
3269 1751 3443 1791 annos

1863 1828 2120 1889 soaucrit.
2150 1826 2245 1882 sed
2270 1826 2400 1881 ﬁdes
2424 1834 2602 1893 potest
2630 1825 2828 1879 omnia.

1931 1922 1986 1975 2.
2019 1920 2177 1973 Vides
2218 1932 2335 1973 eam
2377 1916 2574 1983 ubique
2624 1910 2839 1975 mutari,
2881 1923 2985 1962 non
3035 1902 3439 1975 consequentia,

1864 2028 1965 2067 nec
1990 2012 2103 2080 lege
2135 2018 2359 2073 naturae,
2387 2005 2483 2062 sed
2515 2003 2689 2059 omnia
2722 2002 2837 2056 ﬁeri
2867 2008 3060 2069 prmter
3088 1996 3443 2068 exspectatio-

1864 2101 2019 2157 nem?
2057 2100 2197 2168 Ergo
2230 2097 2318 2152 hic
2354 2111 2566 2166 quoque
2599 2102 2790 2162 pra-ter
2830 2090 3282 2161 exspectationem
3312 2086 3444 2140 liuut

1863 2192 2061 2247 omnia.
2101 2189 2233 2244 Nam
2259 2187 2509 2256 quoniam
2536 2199 2734 2254 susque
2769 2183 2941 2252 deque
2978 2176 3439 2236 diccbal'creden-

1861 2281 1989 2337 dum
2032 2293 2153 2334 esse
2191 2278 2305 2347 spei
2354 2278 2545 2331 futura:
2578 2316 2592 2340 ,
2650 2275 2750 2327 hoc
2816 2282 2984 2326 totum
3045 2269 3187 2340 quod
3242 2268 3442 2322 dicitur

1862 2373 2048 2439 movit,
2069 2370 2359 2426 ostendens
2381 2367 2521 2437 quod
2551 2382 2656 2419 non
2675 2380 2816 2420 mine
2842 2364 3036 2427 solum,
3061 2361 3155 2416 sed
3184 2358 3443 2415 etiam'ab

1861 2464 2013 2518 initio
2034 2460 2211 2515 omnia
2238 2458 2493 2513 miracula
2519 2472 2613 2525 per
2640 2456 2778 2510 hanc
2802 2463 2916 2508 acta
2945 2462 3070 2507 sunt
3097 2460 3151 2505 et
3183 2449 3439 2518 perfecta.

1861 2552 1994 2607 Fide
2023 2550 2202 2604 liahab
2233 2550 2465 2601 meretrix
2499 2563 2598 2600 non
2633 2546 2781 2616 periit
2820 2560 2934 2597 cum
2969 2540 3275 2603 incredulis,
3306 2539 3442 2592 exci-

1862 2646 2003 2716 piens
2032 2643 2374 2709 exploratores
2398 2656 2514 2693 cum
2550 2654 2691 2707 pace.
2734 2636 2914 2705 Turpe
2941 2642 3024 2690 est
3052 2647 3180 2703 ergo
3206 2632 3251 2686 si
3279 2629 3439 2686 etiam

1862 2734 2145 2790 meretrice
2191 2730 2495 2800 appareatis
2540 2728 2706 2797 magis
2754 2724 3014 2780 increduli
3058 2741 3072 2777 :
3118 2734 3440 2791 quamquam

1862 2827 1947 2880 illa
1988 2826 2129 2878 viros
2165 2823 2363 2877 audivit
2405 2830 2609 2875 tantum
2633 2818 3009 2873 annuntiantes
3032 2824 3087 2870 et
3112 2814 3288 2869 statim
3319 2826 3443 2866 cre-

1861 2916 2014 2971 didit.
2064 2915 2209 2969 Finis
2244 2929 2370 2982 ergo
2402 2922 2485 2967 est
2517 2920 2877 2978 consequutus
2906 2929 2918 2961 :
2947 2922 3067 2961 nam
3097 2920 3220 2960 cum
3252 2918 3441 2959 omnes

1863 3007 2165 3077 periissent,
2190 3006 2301 3059 sola
2326 3003 2420 3057 fuit
2442 3002 2606 3057 salva.
2627 3000 2748 3056 Non
2770 2999 2903 3053 dixit
2921 2997 3063 3067 apud
3085 3010 3163 3061 se,
3191 2996 3296 3049 Ero
3319 3008 3441 3047 cum

1863 3096 2040 3151 multis
2075 3096 2162 3165 qui
2204 3104 2326 3149 sunt
2367 3093 2469 3146 mei
2503 3107 2647 3145 :non
2689 3090 2839 3156 dixit,
2874 3089 3053 3157 Egone
3081 3101 3293 3156 possmn
3321 3099 3443 3139 esse

1863 3187 2176 3259 prudentior
2214 3195 2291 3239 tot
2325 3186 2453 3239 viris
2494 3180 2912 3252 intclligcntibus
2936 3180 3023 3248 qui
3054 3192 3155 3232 non
3182 3177 3439 3239 credunt,

1861 3289 1915 3334 et
1937 3293 2036 3348 ego
2062 3278 2259 3333 credo?
2290 3276 2431 3331 Nihil
2453 3275 2584 3329 dixit
2609 3271 2889 3343 ejusmodi,
2912 3270 3053 3339 quod
3078 3269 3443 3324 verisimiliter

1861 3376 1997 3428 alius
2037 3374 2262 3428 dixisset
2304 3384 2356 3427 et
2397 3370 2634 3434 fecisset,
2664 3367 2758 3423 sed
2788 3368 2941 3422 dictis
2972 3365 3217 3420 credidit.
3251 3363 3341 3418 52.
3381 3363 3443 3415 Et

1861 3467 1981 3536 quid
2012 3465 2176 3517 adhuc
2197 3463 2403 3516 diram?
2432 3461 2628 3528 deﬁciet
2652 3475 2729 3511 me
2748 3468 2943 3525 tempus
2963 3466 3300 3509 enarrantem.
3326 3454 3442 3508 Non

1862 3558 2090 3627 amplius
2110 3557 2176 3609 tle
2201 3565 2397 3609 ozctcro
2421 3554 2562 3622 ponit
2592 3550 2828 3615 nomina,
2857 3549 2948 3602 sed
2976 3564 3096 3602 cum
3120 3548 3367 3601 desiisset
3391 3549 3441 3599 iu

1863 3650 2224 3713 meretricem,
2272 3658 2326 3701 et
2366 3660 2459 3699 eos
2507 3644 2791 3698 excitasset
2828 3656 2924 3712 per
2966 3640 3270 3709 qualitatem
3315 3651 3441 3706 per-

1861 3756 2028 3806 sonae,
2054 3754 2157 3793 non
2184 3736 2411 3805 amplius
2432 3735 2619 3789 dilatat
2643 3733 2906 3795 historias,
2928 3746 2994 3783 ne
3018 3730 3259 3783 videatur
3284 3728 3443 3781 nimis

1863 3833 2065 3904 prolixa
2098 3832 2170 3885 uti
2201 3830 2437 3893 ratione;
2487 3842 2591 3879 non
2625 3834 2799 3878 tamen
2829 3836 2919 3876 eas
2948 3821 3200 3885 dimittit,
3230 3819 3323 3873 sed
3351 3819 3444 3871 ad—

1864 3924 2075 3978 modum
2106 3922 2373 3990 Sapientcr
2405 3916 2682 3988 percurrit,
2720 3923 3003 3983 utrumque
3029 3926 3244 3975 curans,
3276 3921 3331 3966 et
3359 3927 3445 3966 sa-

1864 4017 2100 4070 tietatem
2147 4012 2373 4081 fugiens,
2423 4019 2477 4065 et
2521 4007 2904 4062 sententiarum
2946 4005 3288 4059 crebritatem
3336 4019 3441 4057 non

1863 4107 2129 4176 perimens
2156 4122 2169 4157 :
2207 4117 2376 4171 neque
2407 4101 2625 4154 omnino
2657 4099 2834 4159 siluit.
2892 4104 3065 4165 neque
3092 4096 3277 4150 dicens
3303 4104 3443 4150 attu-

1863 4200 1922 4252 lit
1958 4197 2282 4259 molestiam,
2304 4194 2395 4248 sed
2422 4203 2703 4260 utrumque
2728 4190 2869 4244 facit.
2895 4190 3025 4243 Nam
3050 4188 3261 4258 quando
3291 4191 3442 4259 quis-

1864 4288 2002 4357 piam
2030 4288 2375 4341 vehementer
2417 4281 2709 4345 contendit,
2762 4282 2806 4335 si
2845 4288 3033 4352 pergat
3077 4279 3440 4346 contendere,

1864 4386 2051 4431 enecat
2089 4376 2381 4429 auditorem
2428 4387 2738 4441 pcrsuasum
2761 4414 2775 4437 ,
2826 4371 3067 4424 molestia
3106 4369 3364 4435 afﬁciens,
3388 4381 3445 4426 et

1866 4467 2108 4536 pratbens
2129 4465 2197 4520 de
2213 4481 2270 4519 se
2291 4465 2594 4533 opinionem
2612 4462 2752 4532 quod
2770 4463 2837 4515 sit
2858 4460 3168 4514 ambitiosus
3192 4471 3245 4513 et
3272 4461 3443 4515 bono-

1862 4558 1933 4609 ris
1950 4555 2174 4623 cupidus
2196 4563 2408 4624 oportet
2432 4555 2574 4607 enim
2602 4570 2660 4608 se
2687 4553 3095 4607 accommodare
3120 4554 3352 4608 utilitati.
3379 4554 3447 4608 Et

1859 4646 1979 4714 quid
1994 4646 2161 4699 adhuc
2179 4647 2381 4700 dicam?
2399 4646 2568 4714 inquit
2585 4664 2596 4698 :
2614 4646 2808 4711 deﬁciet
2828 4662 2903 4698 me
2920 4656 3113 4714 tempus
3131 4657 3449 4699 enarrantem

1859 4740 1921 4790 de
1943 4738 2164 4803 cheon,
2188 4738 2371 4802 Barac,
2404 4738 2679 4806 Sampson,
2703 4736 2907 4807 Iephte,
2937 4737 3123 4805 David,
3148 4740 3377 4805 Samuel,
3404 4749 3450 4793 et

1862 4830 2140 4898 prophetis.
2165 4828 2390 4895 Quidam
2414 4829 2635 4882 Paulum
2657 4828 3076 4897 reprehendunt,
3098 4830 3238 4899 quod
3258 4829 3449 4895 Barac,

1861 4921 2123 4989 Sampson
2151 4919 2423 4988 ctJephte
2461 4920 2513 4971 in
2557 4919 2643 4972 his
2689 4929 2851 4988 ponat
2893 4920 3045 4975 locis.
3097 4920 3233 4987 Quid
3279 4921 3450 4976 dicis?

1860 5026 1980 5063 cum
2025 5011 2360 5065 meretricem
2394 5010 2627 5077 postuerit
2648 5049 2663 5073 ,
2696 5009 2795 5062 bos
2827 5026 2930 5063 non
2964 5011 3165 5081 ponet?
3201 5011 3279 5066 Ne
3321 5012 3451 5066 mihi

1862 5104 2001 5155 enim
2031 5103 2289 5171 reliquam
2322 5116 2508 5156 eorum
2538 5101 2699 5154 vitam
2730 5101 2930 5155 dixeris
2950 5143 2964 5165 ,
2994 5103 3088 5156 sed
3118 5119 3245 5157 num
3272 5103 3451 5157 credi-

1861 5194 2054 5247 derunt
2092 5202 2147 5248 et
2189 5193 2291 5248 ﬁde
2327 5194 2797 5263 resplenduerunt.
2838 5193 2900 5247 lit
2928 5198 3209 5265 prophetis,
3244 5198 3332 5252 55.
3364 5200 3453 5268 qui

1861 5302 1948 5353 pt’r
1988 5284 2139 5351 [idem
2182 5286 2403 5338 vicerunt
2446 5303 2622 5357 regna.
2659 5286 2822 5341 Vides
2860 5287 3000 5357 quod
3040 5302 3145 5343 non
3190 5288 3323 5343 ferat
3350 5290 3452 5345 hoc

1864 5376 2226 5429 testimonium
2249 5375 2315 5429 de
2340 5378 2443 5429 vita
2469 5377 2724 5446 praeclara
2752 5395 2765 5430 :
2794 5394 2898 5431 non
2924 5379 3068 5433 enim
3091 5388 3206 5434 erat
3236 5380 3286 5434 id
3307 5382 3449 5449 quod

1863 5468 2128 5535 pr:t‘cipuc
2170 5468 2544 5536 quaerebatur;
2592 5468 2684 5522 sed
2718 5468 2839 5523 fidei
2869 5470 3081 5523 interim
3108 5478 3225 5525 erat
3250 5473 3451 5525 exami-

1861 5560 2025 5612 natio.
2061 5556 2192 5611 Nam
2224 5557 2309 5611 die
2335 5558 2487 5625 mibi,
2518 5574 2696 5613 annon
2725 5559 2829 5614 ﬁde
2857 5561 3165 5615 universum
3198 5562 3448 5617 confece-

1860 5654 2015 5706 runt?
2061 5654 2375 5719 Quomodo?
2424 5654 2529 5707 Per
2568 5656 2741 5724 ﬁdem,
2788 5656 2978 5725 inquit,
3010 5657 3230 5709 vicerunt
3270 5672 3443 5726 regna,

1862 5763 2051 5813 nempe
2096 5748 2336 5804 cheou.
2389 5747 2601 5812 Oprrati
2642 5758 2757 5804 sunt
2803 5748 3068 5815 iustitiam.
3122 5749 3347 5816 Quinam
3393 5749 3445 5803 lti
