  <div class='ocr_page' id='page_1' title='image "/cluster/home/n/w/nwhite01/storage/ocr_20150623/63/ien.35556001660919/195.png"; bbox 0 0 4060 6412; ppageno 0'>
   <div class='ocr_carea' id='block_1_1' title="bbox 654 358 754 415">
    <p class='ocr_par' dir='ltr' id='par_1_1' title="bbox 654 358 754 415">
     <span class='ocr_line' id='line_1_1' title="bbox 654 358 754 415; baseline 0.01 -1"><span class='ocrx_word' id='word_1_1' title='bbox 654 358 754 415; x_wconf 73' lang='grc'><strong>187</strong></span> 
     </span>
    </p>
   </div>
   <div class='ocr_carea' id='block_1_2' title="bbox 648 469 2210 538">
    <p class='ocr_par' dir='ltr' id='par_1_2' title="bbox 648 469 2210 538">
     <span class='ocr_line' id='line_1_2' title="bbox 648 469 2210 538; baseline -0.008 -4"><span class='ocrx_word' id='word_1_2' title='bbox 648 477 806 534; x_wconf 82' lang='lat' dir='ltr'><strong>sant?</strong></span> <span class='ocrx_word' id='word_1_3' title='bbox 835 477 995 532; x_wconf 88' lang='lat' dir='ltr'><strong>lidetn</strong></span> <span class='ocrx_word' id='word_1_4' title='bbox 1021 475 1236 530; x_wconf 82' lang='lat' dir='ltr'><strong>omnino</strong></span> <span class='ocrx_word' id='word_1_5' title='bbox 1265 473 1341 527; x_wconf 79' lang='lat' dir='ltr'><strong>illi</strong></span> <span class='ocrx_word' id='word_1_6' title='bbox 1373 490 1386 526; x_wconf 87' lang='lat'><strong>:</strong></span> <span class='ocrx_word' id='word_1_7' title='bbox 1415 482 1509 526; x_wconf 85' lang='lat' dir='ltr'><strong>aut</strong></span> <span class='ocrx_word' id='word_1_8' title='bbox 1540 472 1917 538; x_wconf 74' lang='lat' dir='ltr'><strong>benignitatem</strong></span> <span class='ocrx_word' id='word_1_9' title='bbox 1946 469 2030 524; x_wconf 89' lang='lat' dir='ltr'><strong>hic</strong></span> <span class='ocrx_word' id='word_1_10' title='bbox 2055 469 2210 537; x_wconf 84' lang='lat' dir='ltr'><strong>justi-</strong></span> 
     </span>
    </p>
   </div>
   <div class='ocr_carea' id='block_1_3' title="bbox 651 560 2210 635">
    <p class='ocr_par' dir='ltr' id='par_1_3' title="bbox 651 560 2210 635">
     <span class='ocr_line' id='line_1_3' title="bbox 651 560 2210 635; baseline -0.005 -14"><span class='ocrx_word' id='word_1_11' title='bbox 651 570 774 621; x_wconf 89' lang='lat' dir='ltr'><strong>tiam</strong></span> <span class='ocrx_word' id='word_1_12' title='bbox 802 567 944 621; x_wconf 79' lang='lat' dir='ltr'><strong>dicit.</strong></span> <span class='ocrx_word' id='word_1_13' title='bbox 982 566 1161 635; x_wconf 73' lang='grc' dir='ltr'><strong>Λόφιί</strong></span> <span class='ocrx_word' id='word_1_14' title='bbox 1186 572 1301 618; x_wconf 82' lang='lat' dir='ltr'><strong>sunt</strong></span> <span class='ocrx_word' id='word_1_15' title='bbox 1328 563 1751 631; x_wconf 76' lang='lat' dir='ltr'><strong>repromissioncs.</strong></span> <span class='ocrx_word' id='word_1_16' title='bbox 1801 561 1873 615; x_wconf 94' lang='lat' dir='ltr'><strong>Dc</strong></span> <span class='ocrx_word' id='word_1_17' title='bbox 1910 560 2099 613; x_wconf 76' lang='lat' dir='ltr'><strong>Datide</strong></span> <span class='ocrx_word' id='word_1_18' title='bbox 2126 575 2210 613; x_wconf 80' lang='lat' dir='ltr'><strong>ar-</strong></span> 
     </span>
    </p>
   </div>
   <div class='ocr_carea' id='block_1_4' title="bbox 650 650 2209 721">
    <p class='ocr_par' dir='ltr' id='par_1_4' title="bbox 650 650 2209 721">
     <span class='ocr_line' id='line_1_4' title="bbox 650 650 2209 721; baseline -0.003 -11"><span class='ocrx_word' id='word_1_19' title='bbox 650 656 818 712; x_wconf 87' lang='lat' dir='ltr'><strong>bitror</strong></span> <span class='ocrx_word' id='word_1_20' title='bbox 831 672 951 712; x_wconf 89' lang='lat' dir='ltr'><strong>eum</strong></span> <span class='ocrx_word' id='word_1_21' title='bbox 972 656 1167 710; x_wconf 84' lang='lat' dir='ltr'><strong>dicere.</strong></span> <span class='ocrx_word' id='word_1_22' title='bbox 1196 654 1462 719; x_wconf 87' lang='lat' dir='ltr'><strong>Quasnam</strong></span> <span class='ocrx_word' id='word_1_23' title='bbox 1489 650 1898 721; x_wconf 85' lang='lat' dir='ltr'><strong>promissiones?</strong></span> <span class='ocrx_word' id='word_1_24' title='bbox 1929 650 1999 705; x_wconf 82' lang='lat' dir='ltr'><strong>De</strong></span> <span class='ocrx_word' id='word_1_25' title='bbox 2024 651 2087 704; x_wconf 91' lang='lat' dir='ltr'><strong>iis</strong></span> <span class='ocrx_word' id='word_1_26' title='bbox 2104 652 2209 720; x_wconf 75' lang='lat' dir='ltr'><strong>agit</strong></span> 
     </span>
    </p>
   </div>
   <div class='ocr_carea' id='block_1_5' title="bbox 648 742 2208 821">
    <p class='ocr_par' dir='ltr' id='par_1_5' title="bbox 648 742 2208 821">
     <span class='ocr_line' id='line_1_5' title="bbox 648 742 2208 821; baseline -0.006 -18"><span class='ocrx_word' id='word_1_27' title='bbox 648 749 716 805; x_wconf 89' lang='lat' dir='ltr'><strong>de</strong></span> <span class='ocrx_word' id='word_1_28' title='bbox 742 750 929 820; x_wconf 88' lang='lat' dir='ltr'><strong>quibus</strong></span> <span class='ocrx_word' id='word_1_29' title='bbox 952 746 1179 809; x_wconf 83' lang='lat' dir='ltr'><strong>diccbat,</strong></span> <span class='ocrx_word' id='word_1_30' title='bbox 1206 744 1347 821; x_wconf 85' lang='lat' dir='ltr'><strong>quod</strong></span> <span class='ocrx_word' id='word_1_31' title='bbox 1378 759 1560 799; x_wconf 87' lang='lat' dir='ltr'><strong>semen</strong></span> <span class='ocrx_word' id='word_1_32' title='bbox 1588 744 1702 812; x_wconf 85' lang='lat' dir='ltr'><strong>ejus</strong></span> <span class='ocrx_word' id='word_1_33' title='bbox 1731 757 2000 797; x_wconf 87' lang='lat' dir='ltr'><strong>sessurum</strong></span> <span class='ocrx_word' id='word_1_34' title='bbox 2026 742 2092 794; x_wconf 89' lang='lat' dir='ltr'><strong>sit</strong></span> <span class='ocrx_word' id='word_1_35' title='bbox 2121 756 2208 794; x_wconf 89' lang='lat' dir='ltr'><strong>su-</strong></span> 
     </span>
    </p>
   </div>
   <div class='ocr_carea' id='block_1_6' title="bbox 648 833 2209 908">
    <p class='ocr_par' dir='ltr' id='par_1_6' title="bbox 648 833 2209 908">
     <span class='ocr_line' id='line_1_6' title="bbox 648 833 2209 908; baseline -0.005 -14"><span class='ocrx_word' id='word_1_36' title='bbox 648 852 743 908; x_wconf 83' lang='lat' dir='ltr'><strong>per</strong></span> <span class='ocrx_word' id='word_1_37' title='bbox 764 837 940 895; x_wconf 88' lang='lat' dir='ltr'><strong>sedem</strong></span> <span class='ocrx_word' id='word_1_38' title='bbox 959 836 1093 903; x_wconf 87' lang='lat' dir='ltr'><strong>ejus.</strong></span> <span class='ocrx_word' id='word_1_39' title='bbox 1123 835 1485 889; x_wconf 79' lang='lat' dir='ltr'><strong>Obtnravcrunt</strong></span> <span class='ocrx_word' id='word_1_40' title='bbox 1505 850 1593 888; x_wconf 90' lang='lat' dir='ltr'><strong>ora</strong></span> <span class='ocrx_word' id='word_1_41' title='bbox 1618 835 1833 894; x_wconf 85' lang='lat' dir='ltr'><strong>leonum,</strong></span> <span class='ocrx_word' id='word_1_42' title='bbox 1859 833 1945 888; x_wconf 74' lang='grc' dir='ltr'><strong>δι.</strong></span> <span class='ocrx_word' id='word_1_43' title='bbox 1968 833 2209 886; x_wconf 72' lang='lat' dir='ltr'><strong>exstinxe-</strong></span> 
     </span>
    </p>
   </div>
   <div class='ocr_carea' id='block_1_7' title="bbox 648 921 2197 997">
    <p class='ocr_par' dir='ltr' id='par_1_7' title="bbox 648 921 2197 997">
     <span class='ocr_line' id='line_1_7' title="bbox 648 921 2197 997; baseline -0.003 -18"><span class='ocrx_word' id='word_1_44' title='bbox 648 937 761 981; x_wconf 83' lang='lat' dir='ltr'><strong>runt</strong></span> <span class='ocrx_word' id='word_1_45' title='bbox 788 928 1025 995; x_wconf 78' lang='lat' dir='ltr'><strong>impetum</strong></span> <span class='ocrx_word' id='word_1_46' title='bbox 1054 927 1203 997; x_wconf 78' lang='lat' dir='ltr'><strong>ignis,</strong></span> <span class='ocrx_word' id='word_1_47' title='bbox 1229 924 1513 995; x_wconf 58' lang='lat' dir='ltr'><strong>eiugerunt</strong></span> <span class='ocrx_word' id='word_1_48' title='bbox 1534 924 1688 976; x_wconf 80' lang='lat' dir='ltr'><strong>aciem</strong></span> <span class='ocrx_word' id='word_1_49' title='bbox 1711 922 1890 993; x_wconf 80' lang='lat' dir='ltr'><strong>gladii.</strong></span> <span class='ocrx_word' id='word_1_50' title='bbox 1919 921 2049 977; x_wconf 75' lang='lat' dir='ltr'><strong>Vide</strong></span> <span class='ocrx_word' id='word_1_51' title='bbox 2076 937 2197 991; x_wconf 88' lang='lat' dir='ltr'><strong>quo-</strong></span> 
     </span>
    </p>
   </div>
   <div class='ocr_carea' id='block_1_8' title="bbox 648 1010 2204 1085">
    <p class='ocr_par' dir='ltr' id='par_1_8' title="bbox 648 1010 2204 1085">
     <span class='ocr_line' id='line_1_8' title="bbox 648 1010 2204 1085; baseline -0.004 -13"><span class='ocrx_word' id='word_1_52' title='bbox 648 1018 806 1073; x_wconf 91' lang='lat' dir='ltr'><strong>modo</strong></span> <span class='ocrx_word' id='word_1_53' title='bbox 848 1026 1000 1073; x_wconf 84' lang='lat' dir='ltr'><strong>erant</strong></span> <span class='ocrx_word' id='word_1_54' title='bbox 1046 1017 1099 1070; x_wconf 90' lang='lat' dir='ltr'><strong>in</strong></span> <span class='ocrx_word' id='word_1_55' title='bbox 1152 1017 1262 1085; x_wconf 79' lang='lat' dir='ltr'><strong>ipsa</strong></span> <span class='ocrx_word' id='word_1_56' title='bbox 1307 1025 1510 1078; x_wconf 83' lang='lat' dir='ltr'><strong>morte,</strong></span> <span class='ocrx_word' id='word_1_57' title='bbox 1558 1012 1736 1066; x_wconf 80' lang='lat' dir='ltr'><strong>Daniel</strong></span> <span class='ocrx_word' id='word_1_58' title='bbox 1778 1010 2133 1066; x_wconf 86' lang='lat' dir='ltr'><strong>circumdatus</strong></span> <span class='ocrx_word' id='word_1_59' title='bbox 2174 1027 2204 1065; x_wconf 86' lang='lat' dir='ltr'><strong>a</strong></span> 
     </span>
    </p>
   </div>
   <div class='ocr_carea' id='block_1_9' title="bbox 649 1100 2207 1176">
    <p class='ocr_par' dir='ltr' id='par_1_9' title="bbox 649 1100 2207 1176">
     <span class='ocr_line' id='line_1_9' title="bbox 649 1100 2207 1176; baseline -0.004 -13"><span class='ocrx_word' id='word_1_60' title='bbox 649 1108 887 1167; x_wconf 82' lang='lat' dir='ltr'><strong>leonibus</strong></span> <span class='ocrx_word' id='word_1_61' title='bbox 910 1147 926 1172; x_wconf 88' lang='lat'><strong>,</strong></span> <span class='ocrx_word' id='word_1_62' title='bbox 960 1116 1069 1162; x_wconf 89' lang='lat' dir='ltr'><strong>tres</strong></span> <span class='ocrx_word' id='word_1_63' title='bbox 1096 1106 1242 1176; x_wconf 91' lang='lat' dir='ltr'><strong>pueri</strong></span> <span class='ocrx_word' id='word_1_64' title='bbox 1273 1105 1361 1176; x_wconf 90' lang='lat' dir='ltr'><strong>qui</strong></span> <span class='ocrx_word' id='word_1_65' title='bbox 1390 1102 1650 1175; x_wconf 75' lang='lat' dir='ltr'><strong>degebant</strong></span> <span class='ocrx_word' id='word_1_66' title='bbox 1676 1104 1728 1156; x_wconf 90' lang='lat' dir='ltr'><strong>in</strong></span> <span class='ocrx_word' id='word_1_67' title='bbox 1758 1100 2003 1164; x_wconf 79' lang='lat' dir='ltr'><strong>fornace,</strong></span> <span class='ocrx_word' id='word_1_68' title='bbox 2040 1102 2207 1156; x_wconf 78' lang='lat' dir='ltr'><strong>Abra-</strong></span> 
     </span>
    </p>
   </div>
   <div class='ocr_carea' id='block_1_10' title="bbox 653 1190 2207 1264">
    <p class='ocr_par' dir='ltr' id='par_1_10' title="bbox 653 1190 2207 1264">
     <span class='ocr_line' id='line_1_10' title="bbox 653 1190 2207 1264; baseline -0.004 -11"><span class='ocrx_word' id='word_1_69' title='bbox 653 1199 797 1264; x_wconf 78' lang='lat' dir='ltr'><strong>ham,</strong></span> <span class='ocrx_word' id='word_1_70' title='bbox 822 1197 987 1262; x_wconf 84' lang='lat' dir='ltr'><strong>lsaac,</strong></span> <span class='ocrx_word' id='word_1_71' title='bbox 1013 1196 1176 1252; x_wconf 80' lang='lat' dir='ltr'><strong>Jacob</strong></span> <span class='ocrx_word' id='word_1_72' title='bbox 1202 1196 1255 1249; x_wconf 90' lang='lat' dir='ltr'><strong>in</strong></span> <span class='ocrx_word' id='word_1_73' title='bbox 1279 1194 1502 1249; x_wconf 72' lang='lat' dir='ltr'><strong>diversis</strong></span> <span class='ocrx_word' id='word_1_74' title='bbox 1527 1192 1932 1254; x_wconf 84' lang='lat' dir='ltr'><strong>tentationibus;</strong></span> <span class='ocrx_word' id='word_1_75' title='bbox 1960 1198 2015 1245; x_wconf 87' lang='lat' dir='ltr'><strong>et</strong></span> <span class='ocrx_word' id='word_1_76' title='bbox 2039 1205 2106 1245; x_wconf 87' lang='lat' dir='ltr'><strong>ne</strong></span> <span class='ocrx_word' id='word_1_77' title='bbox 2130 1190 2207 1247; x_wconf 88' lang='lat' dir='ltr'><strong>sic</strong></span> 
     </span>
    </p>
   </div>
   <div class='ocr_carea' id='block_1_11' title="bbox 644 1282 2205 1360">
    <p class='ocr_par' dir='ltr' id='par_1_11' title="bbox 644 1282 2205 1360">
     <span class='ocr_line' id='line_1_11' title="bbox 644 1282 2205 1360; baseline -0.006 -14"><span class='ocrx_word' id='word_1_78' title='bbox 644 1291 860 1360; x_wconf 84' lang='lat' dir='ltr'><strong>quidem</strong></span> <span class='ocrx_word' id='word_1_79' title='bbox 884 1289 1232 1359; x_wconf 82' lang='lat' dir='ltr'><strong>desperarunt</strong></span> <span class='ocrx_word' id='word_1_80' title='bbox 1280 1285 1391 1340; x_wconf 80' lang='lat' dir='ltr'><strong>Hoc</strong></span> <span class='ocrx_word' id='word_1_81' title='bbox 1412 1285 1552 1340; x_wconf 88' lang='lat' dir='ltr'><strong>enim</strong></span> <span class='ocrx_word' id='word_1_82' title='bbox 1580 1293 1659 1339; x_wconf 87' lang='lat' dir='ltr'><strong>est</strong></span> <span class='ocrx_word' id='word_1_83' title='bbox 1694 1283 1823 1339; x_wconf 84' lang='lat' dir='ltr'><strong>tides</strong></span> <span class='ocrx_word' id='word_1_84' title='bbox 1848 1303 1861 1338; x_wconf 91' lang='lat'><strong>:</strong></span> <span class='ocrx_word' id='word_1_85' title='bbox 1886 1282 2096 1353; x_wconf 77' lang='lat' dir='ltr'><strong>quando</strong></span> <span class='ocrx_word' id='word_1_86' title='bbox 2120 1296 2205 1336; x_wconf 86' lang='lat' dir='ltr'><strong>res</strong></span> 
     </span>
    </p>
   </div>
   <div class='ocr_carea' id='block_1_12' title="bbox 645 1372 2204 1443">
    <p class='ocr_par' dir='ltr' id='par_1_12' title="bbox 645 1372 2204 1443">
     <span class='ocr_line' id='line_1_12' title="bbox 645 1372 2204 1443; baseline -0.004 -10"><span class='ocrx_word' id='word_1_87' title='bbox 645 1380 698 1435; x_wconf 88' lang='lat' dir='ltr'><strong>in</strong></span> <span class='ocrx_word' id='word_1_88' title='bbox 720 1380 1039 1435; x_wconf 84' lang='lat' dir='ltr'><strong>contrarium</strong></span> <span class='ocrx_word' id='word_1_89' title='bbox 1061 1387 1273 1441; x_wconf 79' lang='lat' dir='ltr'><strong>exeunt,</strong></span> <span class='ocrx_word' id='word_1_90' title='bbox 1298 1387 1421 1432; x_wconf 88' lang='lat' dir='ltr'><strong>tunc</strong></span> <span class='ocrx_word' id='word_1_91' title='bbox 1445 1384 1652 1443; x_wconf 88' lang='lat' dir='ltr'><strong>oportet</strong></span> <span class='ocrx_word' id='word_1_92' title='bbox 1676 1373 1894 1429; x_wconf 82' lang='lat' dir='ltr'><strong>credere</strong></span> <span class='ocrx_word' id='word_1_93' title='bbox 1912 1372 2053 1443; x_wconf 89' lang='lat' dir='ltr'><strong>quod</strong></span> <span class='ocrx_word' id='word_1_94' title='bbox 2080 1372 2204 1426; x_wconf 85' lang='lat' dir='ltr'><strong>nihil</strong></span> 
     </span>
    </p>
   </div>
   <div class='ocr_carea' id='block_1_13' title="bbox 643 1461 2206 1533">
    <p class='ocr_par' dir='ltr' id='par_1_13' title="bbox 643 1461 2206 1533">
     <span class='ocr_line' id='line_1_13' title="bbox 643 1461 2206 1533; baseline -0.007 -7"><span class='ocrx_word' id='word_1_95' title='bbox 643 1472 852 1526; x_wconf 81' lang='lat' dir='ltr'><strong>eveniat</strong></span> <span class='ocrx_word' id='word_1_96' title='bbox 879 1471 1222 1533; x_wconf 87' lang='lat' dir='ltr'><strong>contrarium,</strong></span> <span class='ocrx_word' id='word_1_97' title='bbox 1250 1466 1344 1520; x_wconf 87' lang='lat' dir='ltr'><strong>sed</strong></span> <span class='ocrx_word' id='word_1_98' title='bbox 1370 1466 1545 1519; x_wconf 86' lang='lat' dir='ltr'><strong>omnia</strong></span> <span class='ocrx_word' id='word_1_99' title='bbox 1570 1463 1963 1532; x_wconf 78' lang='lat' dir='ltr'><strong>consequentia.</strong></span> <span class='ocrx_word' id='word_1_100' title='bbox 1996 1461 2206 1533; x_wconf 75' lang='lat' dir='ltr'><strong>Effuge-</strong></span> 
     </span>
    </p>
   </div>
   <div class='ocr_carea' id='block_1_14' title="bbox 645 1551 2208 1631">
    <p class='ocr_par' dir='ltr' id='par_1_14' title="bbox 645 1551 2208 1631">
     <span class='ocr_line' id='line_1_14' title="bbox 645 1551 2208 1631; baseline -0.004 -21"><span class='ocrx_word' id='word_1_101' title='bbox 645 1570 761 1614; x_wconf 80' lang='lat' dir='ltr'><strong>runt</strong></span> <span class='ocrx_word' id='word_1_102' title='bbox 789 1560 944 1613; x_wconf 82' lang='lat' dir='ltr'><strong>aciem</strong></span> <span class='ocrx_word' id='word_1_103' title='bbox 963 1558 1139 1631; x_wconf 79' lang='lat' dir='ltr'><strong>gladii.</strong></span> <span class='ocrx_word' id='word_1_104' title='bbox 1174 1555 1433 1611; x_wconf 73' lang='lat' dir='ltr'><strong>Existimo</strong></span> <span class='ocrx_word' id='word_1_105' title='bbox 1457 1569 1578 1609; x_wconf 90' lang='lat' dir='ltr'><strong>eum</strong></span> <span class='ocrx_word' id='word_1_106' title='bbox 1611 1567 1793 1608; x_wconf 80' lang='lat' dir='ltr'><strong>rursus</strong></span> <span class='ocrx_word' id='word_1_107' title='bbox 1821 1552 1999 1607; x_wconf 88' lang='lat' dir='ltr'><strong>dicere</strong></span> <span class='ocrx_word' id='word_1_108' title='bbox 2021 1551 2089 1606; x_wconf 91' lang='lat' dir='ltr'><strong>de</strong></span> <span class='ocrx_word' id='word_1_109' title='bbox 2115 1552 2208 1605; x_wconf 89' lang='lat' dir='ltr'><strong>tri-</strong></span> 
     </span>
    </p>
   </div>
   <div class='ocr_carea' id='block_1_15' title="bbox 646 1632 2205 1708">
    <p class='ocr_par' dir='ltr' id='par_1_15' title="bbox 646 1632 2205 1708">
     <span class='ocr_line' id='line_1_15' title="bbox 646 1632 2205 1708; baseline 0.003 -21"><span class='ocrx_word' id='word_1_110' title='bbox 646 1634 746 1687; x_wconf 86' lang='lat' dir='ltr'><strong>bus</strong></span> <span class='ocrx_word' id='word_1_111' title='bbox 788 1634 983 1704; x_wconf 84' lang='lat' dir='ltr'><strong>pueris.</strong></span> <span class='ocrx_word' id='word_1_112' title='bbox 1032 1632 1396 1689; x_wconf 76' lang='lat' dir='ltr'><strong>Convaluerunt</strong></span> <span class='ocrx_word' id='word_1_113' title='bbox 1442 1639 1504 1690; x_wconf 83' lang='lat' dir='ltr'><strong>de</strong></span> <span class='ocrx_word' id='word_1_114' title='bbox 1540 1638 1847 1704; x_wconf 78' lang='lat' dir='ltr'><strong>inﬁrmitate,</strong></span> <span class='ocrx_word' id='word_1_115' title='bbox 1889 1642 2045 1708; x_wconf 72' lang='lat' dir='ltr'><strong>forte:</strong></span> <span class='ocrx_word' id='word_1_116' title='bbox 2083 1639 2205 1706; x_wconf 77' lang='lat' dir='ltr'><strong>[acti</strong></span> 
     </span>
    </p>
   </div>
   <div class='ocr_carea' id='block_1_16' title="bbox 640 1723 2196 1787">
    <p class='ocr_par' dir='ltr' id='par_1_16' title="bbox 640 1723 2196 1787">
     <span class='ocr_line' id='line_1_16' title="bbox 640 1723 2196 1787; baseline 0.003 -12"><span class='ocrx_word' id='word_1_117' title='bbox 640 1731 755 1777; x_wconf 83' lang='lat' dir='ltr'><strong>sunt</strong></span> <span class='ocrx_word' id='word_1_118' title='bbox 783 1724 837 1777; x_wconf 79' lang='lat' dir='ltr'><strong>in</strong></span> <span class='ocrx_word' id='word_1_119' title='bbox 867 1723 1012 1787; x_wconf 80' lang='lat' dir='ltr'><strong>bello,</strong></span> <span class='ocrx_word' id='word_1_120' title='bbox 1041 1734 1205 1777; x_wconf 82' lang='lat' dir='ltr'><strong>castra</strong></span> <span class='ocrx_word' id='word_1_121' title='bbox 1226 1732 1470 1779; x_wconf 68' lang='lat' dir='ltr'><strong>verterunt</strong></span> <span class='ocrx_word' id='word_1_122' title='bbox 1496 1735 1790 1778; x_wconf 73' lang='lat' dir='ltr'><strong>exterarum.</strong></span> <span class='ocrx_word' id='word_1_123' title='bbox 1824 1725 1917 1781; x_wconf 84' lang='lat' dir='ltr'><strong>llic</strong></span> <span class='ocrx_word' id='word_1_124' title='bbox 1940 1726 2095 1781; x_wconf 87' lang='lat' dir='ltr'><strong>tacite</strong></span> <span class='ocrx_word' id='word_1_125' title='bbox 2124 1728 2196 1780; x_wconf 48' lang='lat' dir='ltr'><strong>si.</strong></span> 
     </span>
    </p>
   </div>
   <div class='ocr_carea' id='block_1_17' title="bbox 642 1812 2200 1885">
    <p class='ocr_par' dir='ltr' id='par_1_17' title="bbox 642 1812 2200 1885">
     <span class='ocr_line' id='line_1_17' title="bbox 642 1812 2200 1885; baseline 0.004 -22"><span class='ocrx_word' id='word_1_126' title='bbox 642 1812 858 1880; x_wconf 68' lang='lat' dir='ltr'><strong>gnificat</strong></span> <span class='ocrx_word' id='word_1_127' title='bbox 882 1812 1022 1881; x_wconf 88' lang='lat' dir='ltr'><strong>quod</strong></span> <span class='ocrx_word' id='word_1_128' title='bbox 1050 1812 1240 1867; x_wconf 77' lang='lat' dir='ltr'><strong>factum</strong></span> <span class='ocrx_word' id='word_1_129' title='bbox 1265 1821 1346 1866; x_wconf 86' lang='lat' dir='ltr'><strong>est</strong></span> <span class='ocrx_word' id='word_1_130' title='bbox 1374 1813 1425 1866; x_wconf 87' lang='lat' dir='ltr'><strong>in</strong></span> <span class='ocrx_word' id='word_1_131' title='bbox 1455 1813 1623 1867; x_wconf 78' lang='lat' dir='ltr'><strong>reditu</strong></span> <span class='ocrx_word' id='word_1_132' title='bbox 1643 1828 1673 1867; x_wconf 90' lang='lat' dir='ltr'><strong>a</strong></span> <span class='ocrx_word' id='word_1_133' title='bbox 1697 1814 1984 1885; x_wconf 76' lang='lat' dir='ltr'><strong>Babylone.</strong></span> <span class='ocrx_word' id='word_1_134' title='bbox 2028 1814 2100 1869; x_wconf 85' lang='lat' dir='ltr'><strong>De</strong></span> <span class='ocrx_word' id='word_1_135' title='bbox 2121 1817 2200 1869; x_wconf 84' lang='lat' dir='ltr'><strong>in-</strong></span> 
     </span>
    </p>
   </div>
   <div class='ocr_carea' id='block_1_18' title="bbox 644 1901 2199 1971">
    <p class='ocr_par' dir='ltr' id='par_1_18' title="bbox 644 1901 2199 1971">
     <span class='ocr_line' id='line_1_18' title="bbox 644 1901 2199 1971; baseline 0.005 -17"><span class='ocrx_word' id='word_1_136' title='bbox 644 1901 919 1968; x_wconf 73' lang='lat' dir='ltr'><strong>ﬁrmitate:</strong></span> <span class='ocrx_word' id='word_1_137' title='bbox 946 1901 1049 1955; x_wconf 85' lang='lat' dir='ltr'><strong>hoc</strong></span> <span class='ocrx_word' id='word_1_138' title='bbox 1074 1911 1172 1961; x_wconf 86' lang='lat' dir='ltr'><strong>est.</strong></span> <span class='ocrx_word' id='word_1_139' title='bbox 1202 1902 1267 1956; x_wconf 89' lang='lat' dir='ltr'><strong>de</strong></span> <span class='ocrx_word' id='word_1_140' title='bbox 1292 1903 1617 1971; x_wconf 77' lang='lat' dir='ltr'><strong>captivitate.</strong></span> <span class='ocrx_word' id='word_1_141' title='bbox 1657 1904 1878 1969; x_wconf 79' lang='lat' dir='ltr'><strong>Quando</strong></span> <span class='ocrx_word' id='word_1_142' title='bbox 1908 1920 1993 1960; x_wconf 83' lang='lat' dir='ltr'><strong>res</strong></span> <span class='ocrx_word' id='word_1_143' title='bbox 2021 1905 2199 1961; x_wconf 81' lang='lat' dir='ltr'><strong>Judai-</strong></span> 
     </span>
    </p>
   </div>
   <div class='ocr_carea' id='block_1_19' title="bbox 642 1990 2199 2062">
    <p class='ocr_par' dir='ltr' id='par_1_19' title="bbox 642 1990 2199 2062">
     <span class='ocr_line' id='line_1_19' title="bbox 642 1990 2199 2062; baseline 0.004 -17"><span class='ocrx_word' id='word_1_144' title='bbox 642 2008 719 2046; x_wconf 63' lang='lat' dir='ltr'><strong>ac</strong></span> <span class='ocrx_word' id='word_1_145' title='bbox 731 1990 841 2061; x_wconf 81' lang='lat' dir='ltr'><strong>jam</strong></span> <span class='ocrx_word' id='word_1_146' title='bbox 855 2000 1009 2047; x_wconf 82' lang='lat' dir='ltr'><strong>erant</strong></span> <span class='ocrx_word' id='word_1_147' title='bbox 1028 1992 1338 2061; x_wconf 66' lang='lat' dir='ltr'><strong>desperatae,</strong></span> <span class='ocrx_word' id='word_1_148' title='bbox 1356 1994 1565 2062; x_wconf 81' lang='lat' dir='ltr'><strong>quando</strong></span> <span class='ocrx_word' id='word_1_149' title='bbox 1590 2009 1619 2048; x_wconf 89' lang='lat' dir='ltr'><strong>a</strong></span> <span class='ocrx_word' id='word_1_150' title='bbox 1646 2005 1975 2052; x_wconf 86' lang='lat' dir='ltr'><strong>mortuorum</strong></span> <span class='ocrx_word' id='word_1_151' title='bbox 1992 1998 2199 2052; x_wconf 88' lang='lat' dir='ltr'><strong>ossibus</strong></span> 
     </span>
    </p>
   </div>
   <div class='ocr_carea' id='block_1_20' title="bbox 645 2080 2198 2153">
    <p class='ocr_par' dir='ltr' id='par_1_20' title="bbox 645 2080 2198 2153">
     <span class='ocr_line' id='line_1_20' title="bbox 645 2080 2198 2153; baseline 0.005 -20"><span class='ocrx_word' id='word_1_152' title='bbox 645 2080 773 2134; x_wconf 83' lang='lat' dir='ltr'><strong>nihil</strong></span> <span class='ocrx_word' id='word_1_153' title='bbox 810 2080 1141 2145; x_wconf 73' lang='lat' dir='ltr'><strong>differebant,</strong></span> <span class='ocrx_word' id='word_1_154' title='bbox 1171 2091 1293 2136; x_wconf 89' lang='lat' dir='ltr'><strong>tunc</strong></span> <span class='ocrx_word' id='word_1_155' title='bbox 1328 2084 1431 2137; x_wconf 84' lang='lat' dir='ltr'><strong>illis</strong></span> <span class='ocrx_word' id='word_1_156' title='bbox 1465 2083 1619 2138; x_wconf 73' lang='lat' dir='ltr'><strong>ﬂebat</strong></span> <span class='ocrx_word' id='word_1_157' title='bbox 1657 2086 1873 2139; x_wconf 89' lang='lat' dir='ltr'><strong>reditus.</strong></span> <span class='ocrx_word' id='word_1_158' title='bbox 1913 2086 2041 2151; x_wconf 86' lang='lat' dir='ltr'><strong>Quis</strong></span> <span class='ocrx_word' id='word_1_159' title='bbox 2082 2102 2198 2153; x_wconf 87' lang='lat' dir='ltr'><strong>spe-</strong></span> 
     </span>
    </p>
   </div>
   <div class='ocr_carea' id='block_1_21' title="bbox 647 2168 2196 2244">
    <p class='ocr_par' dir='ltr' id='par_1_21' title="bbox 647 2168 2196 2244">
     <span class='ocr_line' id='line_1_21' title="bbox 647 2168 2196 2244; baseline 0.007 -23"><span class='ocrx_word' id='word_1_160' title='bbox 647 2178 815 2224; x_wconf 83' lang='lat' dir='ltr'><strong>rasset</strong></span> <span class='ocrx_word' id='word_1_161' title='bbox 844 2168 1074 2224; x_wconf 76' lang='lat' dir='ltr'><strong>futurum</strong></span> <span class='ocrx_word' id='word_1_162' title='bbox 1100 2179 1154 2223; x_wconf 90' lang='lat' dir='ltr'><strong>ut</strong></span> <span class='ocrx_word' id='word_1_163' title='bbox 1183 2171 1414 2226; x_wconf 85' lang='lat' dir='ltr'><strong>redirent</strong></span> <span class='ocrx_word' id='word_1_164' title='bbox 1440 2187 1470 2225; x_wconf 92' lang='lat' dir='ltr'><strong>a</strong></span> <span class='ocrx_word' id='word_1_165' title='bbox 1503 2174 1787 2244; x_wconf 78' lang='lat' dir='ltr'><strong>Babylone,</strong></span> <span class='ocrx_word' id='word_1_166' title='bbox 1818 2186 1871 2228; x_wconf 88' lang='lat' dir='ltr'><strong>et</strong></span> <span class='ocrx_word' id='word_1_167' title='bbox 1898 2191 1999 2229; x_wconf 92' lang='lat' dir='ltr'><strong>non</strong></span> <span class='ocrx_word' id='word_1_168' title='bbox 2027 2178 2196 2232; x_wconf 83' lang='lat' dir='ltr'><strong>soluat</strong></span> 
     </span>
    </p>
   </div>
   <div class='ocr_carea' id='block_1_22' title="bbox 645 2260 2197 2328">
    <p class='ocr_par' dir='ltr' id='par_1_22' title="bbox 645 2260 2197 2328">
     <span class='ocr_line' id='line_1_22' title="bbox 645 2260 2197 2328; baseline 0.008 -16"><span class='ocrx_word' id='word_1_169' title='bbox 645 2260 895 2325; x_wconf 88' lang='lat' dir='ltr'><strong>redirent,</strong></span> <span class='ocrx_word' id='word_1_170' title='bbox 922 2260 1015 2315; x_wconf 89' lang='lat' dir='ltr'><strong>sed</strong></span> <span class='ocrx_word' id='word_1_171' title='bbox 1044 2261 1202 2315; x_wconf 86' lang='lat' dir='ltr'><strong>etiam</strong></span> <span class='ocrx_word' id='word_1_172' title='bbox 1232 2261 1392 2317; x_wconf 81' lang='lat' dir='ltr'><strong>fortes</strong></span> <span class='ocrx_word' id='word_1_173' title='bbox 1422 2263 1625 2328; x_wconf 84' lang='lat' dir='ltr'><strong>tierent,</strong></span> <span class='ocrx_word' id='word_1_174' title='bbox 1655 2276 1708 2319; x_wconf 88' lang='lat' dir='ltr'><strong>et</strong></span> <span class='ocrx_word' id='word_1_175' title='bbox 1735 2276 1998 2322; x_wconf 78' lang='lat' dir='ltr'><strong>verterent</strong></span> <span class='ocrx_word' id='word_1_176' title='bbox 2025 2284 2083 2322; x_wconf 86' lang='lat' dir='ltr'><strong>ac</strong></span> <span class='ocrx_word' id='word_1_177' title='bbox 2114 2269 2197 2324; x_wconf 82' lang='lat' dir='ltr'><strong>fu-</strong></span> 
     </span>
    </p>
   </div>
   <div class='ocr_carea' id='block_1_23' title="bbox 644 2354 2199 2427">
    <p class='ocr_par' dir='ltr' id='par_1_23' title="bbox 644 2354 2199 2427">
     <span class='ocr_line' id='line_1_23' title="bbox 644 2354 2199 2427; baseline 0.009 -26"><span class='ocrx_word' id='word_1_178' title='bbox 644 2358 828 2418; x_wconf 74' lang='lat' dir='ltr'><strong>gareut</strong></span> <span class='ocrx_word' id='word_1_179' title='bbox 854 2362 1026 2404; x_wconf 79' lang='lat' dir='ltr'><strong>castra</strong></span> <span class='ocrx_word' id='word_1_180' title='bbox 1054 2354 1392 2407; x_wconf 70' lang='lat' dir='ltr'><strong>catt-rerum?</strong></span> <span class='ocrx_word' id='word_1_181' title='bbox 1419 2354 1487 2407; x_wconf 80' lang='lat' dir='ltr'><strong>At</strong></span> <span class='ocrx_word' id='word_1_182' title='bbox 1512 2356 1694 2419; x_wconf 88' lang='lat' dir='ltr'><strong>nobis,</strong></span> <span class='ocrx_word' id='word_1_183' title='bbox 1725 2356 1909 2427; x_wconf 85' lang='lat' dir='ltr'><strong>inquit,</strong></span> <span class='ocrx_word' id='word_1_184' title='bbox 1940 2358 2066 2412; x_wconf 83' lang='lat' dir='ltr'><strong>nihil</strong></span> <span class='ocrx_word' id='word_1_185' title='bbox 2096 2361 2199 2415; x_wconf 89' lang='lat' dir='ltr'><strong>tale</strong></span> 
     </span>
    </p>
   </div>
   <div class='ocr_carea' id='block_1_24' title="bbox 643 2439 2198 2515">
    <p class='ocr_par' dir='ltr' id='par_1_24' title="bbox 643 2439 2198 2515">
     <span class='ocr_line' id='line_1_24' title="bbox 643 2439 2198 2515; baseline 0.01 -27"><span class='ocrx_word' id='word_1_186' title='bbox 643 2439 851 2494; x_wconf 86' lang='lat' dir='ltr'><strong>accidit.</strong></span> <span class='ocrx_word' id='word_1_187' title='bbox 881 2440 982 2496; x_wconf 88' lang='lat' dir='ltr'><strong>Sed</strong></span> <span class='ocrx_word' id='word_1_188' title='bbox 1009 2441 1121 2497; x_wconf 78' lang='lat' dir='ltr'><strong>btcc</strong></span> <span class='ocrx_word' id='word_1_189' title='bbox 1144 2452 1265 2495; x_wconf 88' lang='lat' dir='ltr'><strong>sunt</strong></span> <span class='ocrx_word' id='word_1_190' title='bbox 1286 2444 1390 2512; x_wconf 80' lang='lat' dir='ltr'><strong>typi</strong></span> <span class='ocrx_word' id='word_1_191' title='bbox 1419 2444 1730 2499; x_wconf 77' lang='lat' dir='ltr'><strong>futurorum.</strong></span> <span class='ocrx_word' id='word_1_192' title='bbox 1764 2448 2069 2515; x_wconf 70' lang='lat' dir='ltr'><strong>Acceperunt</strong></span> <span class='ocrx_word' id='word_1_193' title='bbox 2089 2467 2198 2503; x_wconf 86' lang='lat' dir='ltr'><strong>mu-</strong></span> 
     </span>
    </p>
   </div>
   <div class='ocr_carea' id='block_1_25' title="bbox 644 2530 2197 2607">
    <p class='ocr_par' dir='ltr' id='par_1_25' title="bbox 644 2530 2197 2607">
     <span class='ocr_line' id='line_1_25' title="bbox 644 2530 2197 2607; baseline 0.011 -26"><span class='ocrx_word' id='word_1_194' title='bbox 644 2530 787 2584; x_wconf 82' lang='lat' dir='ltr'><strong>lieres</strong></span> <span class='ocrx_word' id='word_1_195' title='bbox 808 2531 871 2584; x_wconf 86' lang='lat' dir='ltr'><strong>de</strong></span> <span class='ocrx_word' id='word_1_196' title='bbox 893 2533 1248 2587; x_wconf 68' lang='lat' dir='ltr'><strong>resurrectione</strong></span> <span class='ocrx_word' id='word_1_197' title='bbox 1267 2545 1485 2587; x_wconf 82' lang='lat' dir='ltr'><strong>mortuos</strong></span> <span class='ocrx_word' id='word_1_198' title='bbox 1511 2552 1647 2590; x_wconf 77' lang='lat' dir='ltr'><strong>suos.</strong></span> <span class='ocrx_word' id='word_1_199' title='bbox 1683 2537 1757 2592; x_wconf 91' lang='lat' dir='ltr'><strong>De</strong></span> <span class='ocrx_word' id='word_1_200' title='bbox 1788 2541 2055 2607; x_wconf 77' lang='lat' dir='ltr'><strong>prophetis</strong></span> <span class='ocrx_word' id='word_1_201' title='bbox 2084 2542 2197 2598; x_wconf 70' lang='lat' dir='ltr'><strong>Ita-c</strong></span> 
     </span>
    </p>
   </div>
   <div class='ocr_carea' id='block_1_26' title="bbox 642 2621 2197 2691">
    <p class='ocr_par' dir='ltr' id='par_1_26' title="bbox 642 2621 2197 2691">
     <span class='ocr_line' id='line_1_26' title="bbox 642 2621 2197 2691; baseline 0.01 -19"><span class='ocrx_word' id='word_1_202' title='bbox 642 2621 787 2687; x_wconf 86' lang='lat' dir='ltr'><strong>dicit,</strong></span> <span class='ocrx_word' id='word_1_203' title='bbox 815 2636 1003 2691; x_wconf 86' lang='lat' dir='ltr'><strong>nempe</strong></span> <span class='ocrx_word' id='word_1_204' title='bbox 1042 2623 1108 2677; x_wconf 89' lang='lat' dir='ltr'><strong>de</strong></span> <span class='ocrx_word' id='word_1_205' title='bbox 1148 2623 1341 2679; x_wconf 67' lang='lat' dir='ltr'><strong>Elismo</strong></span> <span class='ocrx_word' id='word_1_206' title='bbox 1378 2636 1431 2679; x_wconf 89' lang='lat' dir='ltr'><strong>et</strong></span> <span class='ocrx_word' id='word_1_207' title='bbox 1474 2626 1630 2681; x_wconf 85' lang='lat' dir='ltr'><strong>Elia:</strong></span> <span class='ocrx_word' id='word_1_208' title='bbox 1660 2640 1896 2683; x_wconf 90' lang='lat' dir='ltr'><strong>mortuos</strong></span> <span class='ocrx_word' id='word_1_209' title='bbox 1936 2634 2075 2687; x_wconf 91' lang='lat' dir='ltr'><strong>enim</strong></span> <span class='ocrx_word' id='word_1_210' title='bbox 2126 2635 2197 2687; x_wconf 89' lang='lat' dir='ltr'><strong>illi</strong></span> 
     </span>
    </p>
   </div>
   <div class='ocr_carea' id='block_1_27' title="bbox 642 2711 2199 2785">
    <p class='ocr_par' dir='ltr' id='par_1_27' title="bbox 642 2711 2199 2785">
     <span class='ocr_line' id='line_1_27' title="bbox 642 2711 2199 2785; baseline 0.009 -23"><span class='ocrx_word' id='word_1_211' title='bbox 642 2711 977 2766; x_wconf 84' lang='lat' dir='ltr'><strong>suscitarunt.</strong></span> <span class='ocrx_word' id='word_1_212' title='bbox 1020 2714 1107 2767; x_wconf 83' lang='grc'><strong>55.</strong></span> <span class='ocrx_word' id='word_1_213' title='bbox 1151 2715 1249 2766; x_wconf 78' lang='lat' dir='ltr'><strong>Alii</strong></span> <span class='ocrx_word' id='word_1_214' title='bbox 1291 2725 1454 2768; x_wconf 78' lang='lat' dir='ltr'><strong>autem</strong></span> <span class='ocrx_word' id='word_1_215' title='bbox 1497 2718 1700 2771; x_wconf 84' lang='lat' dir='ltr'><strong>distenti</strong></span> <span class='ocrx_word' id='word_1_216' title='bbox 1733 2730 1867 2785; x_wconf 77' lang='lat' dir='ltr'><strong>sunt,</strong></span> <span class='ocrx_word' id='word_1_217' title='bbox 1904 2738 2003 2774; x_wconf 88' lang='lat' dir='ltr'><strong>non</strong></span> <span class='ocrx_word' id='word_1_218' title='bbox 2043 2724 2199 2776; x_wconf 80' lang='lat' dir='ltr'><strong>susci-</strong></span> 
     </span>
    </p>
   </div>
   <div class='ocr_carea' id='block_1_28' title="bbox 644 2803 2195 2873">
    <p class='ocr_par' dir='ltr' id='par_1_28' title="bbox 644 2803 2195 2873">
     <span class='ocr_line' id='line_1_28' title="bbox 644 2803 2195 2873; baseline 0.01 -21"><span class='ocrx_word' id='word_1_219' title='bbox 644 2803 829 2867; x_wconf 75' lang='lat' dir='ltr'><strong>pientes</strong></span> <span class='ocrx_word' id='word_1_220' title='bbox 856 2804 1269 2873; x_wconf 84' lang='lat' dir='ltr'><strong>redemptionem,</strong></span> <span class='ocrx_word' id='word_1_221' title='bbox 1301 2814 1356 2859; x_wconf 85' lang='lat' dir='ltr'><strong>ut</strong></span> <span class='ocrx_word' id='word_1_222' title='bbox 1381 2806 1631 2861; x_wconf 79' lang='lat' dir='ltr'><strong>meliorem</strong></span> <span class='ocrx_word' id='word_1_223' title='bbox 1668 2811 1937 2863; x_wconf 72' lang='lat' dir='ltr'><strong>invenirent</strong></span> <span class='ocrx_word' id='word_1_224' title='bbox 1972 2829 2195 2867; x_wconf 69' lang='lat' dir='ltr'><strong>resurre-</strong></span> 
     </span>
    </p>
   </div>
   <div class='ocr_carea' id='block_1_29' title="bbox 640 2896 2194 2965">
    <p class='ocr_par' dir='ltr' id='par_1_29' title="bbox 640 2896 2194 2965">
     <span class='ocr_line' id='line_1_29' title="bbox 640 2896 2194 2965; baseline 0.01 -22"><span class='ocrx_word' id='word_1_225' title='bbox 640 2896 873 2945; x_wconf 74' lang='lat' dir='ltr'><strong>ctionem.</strong></span> <span class='ocrx_word' id='word_1_226' title='bbox 905 2897 971 2947; x_wconf 79' lang='lat' dir='ltr'><strong>At</strong></span> <span class='ocrx_word' id='word_1_227' title='bbox 996 2910 1090 2949; x_wconf 86' lang='lat' dir='ltr'><strong>nos</strong></span> <span class='ocrx_word' id='word_1_228' title='bbox 1116 2911 1219 2949; x_wconf 91' lang='lat' dir='ltr'><strong>non</strong></span> <span class='ocrx_word' id='word_1_229' title='bbox 1248 2899 1509 2965; x_wconf 84' lang='lat' dir='ltr'><strong>assequuti</strong></span> <span class='ocrx_word' id='word_1_230' title='bbox 1532 2915 1711 2952; x_wconf 86' lang='lat' dir='ltr'><strong>sumus</strong></span> <span class='ocrx_word' id='word_1_231' title='bbox 1731 2904 2194 2959; x_wconf 86' lang='lat' dir='ltr'><strong>resurrectionem.</strong></span> 
     </span>
    </p>
   </div>
   <div class='ocr_carea' id='block_1_30' title="bbox 641 2982 2200 3053">
    <p class='ocr_par' dir='ltr' id='par_1_30' title="bbox 641 2982 2200 3053">
     <span class='ocr_line' id='line_1_30' title="bbox 641 2982 2200 3053; baseline 0.008 -17"><span class='ocrx_word' id='word_1_232' title='bbox 641 2982 745 3038; x_wconf 79' lang='lat' dir='ltr'><strong>Sed</strong></span> <span class='ocrx_word' id='word_1_233' title='bbox 775 2998 1006 3051; x_wconf 88' lang='lat' dir='ltr'><strong>possum,</strong></span> <span class='ocrx_word' id='word_1_234' title='bbox 1040 2986 1236 3053; x_wconf 86' lang='lat' dir='ltr'><strong>inquit,</strong></span> <span class='ocrx_word' id='word_1_235' title='bbox 1267 2986 1546 3043; x_wconf 86' lang='lat' dir='ltr'><strong>ostendere</strong></span> <span class='ocrx_word' id='word_1_236' title='bbox 1574 2990 1730 3043; x_wconf 87' lang='lat' dir='ltr'><strong>etiam</strong></span> <span class='ocrx_word' id='word_1_237' title='bbox 1759 2991 1875 3044; x_wconf 85' lang='lat' dir='ltr'><strong>illos</strong></span> <span class='ocrx_word' id='word_1_238' title='bbox 1903 2992 2063 3047; x_wconf 82' lang='lat' dir='ltr'><strong>fuisse</strong></span> <span class='ocrx_word' id='word_1_239' title='bbox 2092 2994 2200 3049; x_wconf 79' lang='lat' dir='ltr'><strong>dis~</strong></span> 
     </span>
    </p>
   </div>
   <div class='ocr_carea' id='block_1_31' title="bbox 644 3074 2201 3148">
    <p class='ocr_par' dir='ltr' id='par_1_31' title="bbox 644 3074 2201 3148">
     <span class='ocr_line' id='line_1_31' title="bbox 644 3074 2201 3148; baseline 0.01 -24"><span class='ocrx_word' id='word_1_240' title='bbox 644 3080 844 3135; x_wconf 80' lang='lat' dir='ltr'><strong>sectos,</strong></span> <span class='ocrx_word' id='word_1_241' title='bbox 884 3074 974 3128; x_wconf 90' lang='lat' dir='ltr'><strong>sed</strong></span> <span class='ocrx_word' id='word_1_242' title='bbox 1012 3075 1422 3143; x_wconf 82' lang='lat' dir='ltr'><strong>redemptionem</strong></span> <span class='ocrx_word' id='word_1_243' title='bbox 1454 3092 1559 3131; x_wconf 91' lang='lat' dir='ltr'><strong>non</strong></span> <span class='ocrx_word' id='word_1_244' title='bbox 1588 3081 1904 3148; x_wconf 89' lang='lat' dir='ltr'><strong>suscepisse,</strong></span> <span class='ocrx_word' id='word_1_245' title='bbox 1936 3092 1993 3136; x_wconf 92' lang='lat' dir='ltr'><strong>ut</strong></span> <span class='ocrx_word' id='word_1_246' title='bbox 2018 3084 2201 3139; x_wconf 85' lang='lat' dir='ltr'><strong>melio-</strong></span> 
     </span>
    </p>
   </div>
   <div class='ocr_carea' id='block_1_32' title="bbox 643 3168 2199 3237">
    <p class='ocr_par' dir='ltr' id='par_1_32' title="bbox 643 3168 2199 3237">
     <span class='ocr_line' id='line_1_32' title="bbox 643 3168 2199 3237; baseline 0.008 -22"><span class='ocrx_word' id='word_1_247' title='bbox 643 3180 752 3216; x_wconf 85' lang='lat' dir='ltr'><strong>rem</strong></span> <span class='ocrx_word' id='word_1_248' title='bbox 798 3174 1206 3233; x_wconf 79' lang='lat' dir='ltr'><strong>assequcrcntur</strong></span> <span class='ocrx_word' id='word_1_249' title='bbox 1252 3168 1711 3224; x_wconf 87' lang='lat' dir='ltr'><strong>resurrectionem.</strong></span> <span class='ocrx_word' id='word_1_250' title='bbox 1761 3172 1866 3225; x_wconf 87' lang='lat' dir='ltr'><strong>Cur</strong></span> <span class='ocrx_word' id='word_1_251' title='bbox 1910 3173 2070 3237; x_wconf 88' lang='lat' dir='ltr'><strong>enim,</strong></span> <span class='ocrx_word' id='word_1_252' title='bbox 2114 3174 2199 3230; x_wconf 90' lang='lat' dir='ltr'><strong>die</strong></span> 
     </span>
    </p>
   </div>
   <div class='ocr_carea' id='block_1_33' title="bbox 642 3252 2196 3327">
    <p class='ocr_par' dir='ltr' id='par_1_33' title="bbox 642 3252 2196 3327">
     <span class='ocr_line' id='line_1_33' title="bbox 642 3252 2196 3327; baseline 0.008 -23"><span class='ocrx_word' id='word_1_253' title='bbox 642 3252 789 3317; x_wconf 88' lang='lat' dir='ltr'><strong>mihi,</strong></span> <span class='ocrx_word' id='word_1_254' title='bbox 813 3268 929 3305; x_wconf 91' lang='lat' dir='ltr'><strong>cmn</strong></span> <span class='ocrx_word' id='word_1_255' title='bbox 954 3255 1133 3308; x_wconf 87' lang='lat' dir='ltr'><strong>liceret</strong></span> <span class='ocrx_word' id='word_1_256' title='bbox 1156 3255 1345 3318; x_wconf 71' lang='lat' dir='ltr'><strong>vivere,</strong></span> <span class='ocrx_word' id='word_1_257' title='bbox 1369 3256 1686 3311; x_wconf 80' lang='lat' dir='ltr'><strong>noluerunt?</strong></span> <span class='ocrx_word' id='word_1_258' title='bbox 1706 3272 1879 3313; x_wconf 84' lang='lat' dir='ltr'><strong>annon</strong></span> <span class='ocrx_word' id='word_1_259' title='bbox 1901 3262 2019 3327; x_wconf 89' lang='lat' dir='ltr'><strong>quia</strong></span> <span class='ocrx_word' id='word_1_260' title='bbox 2039 3263 2196 3317; x_wconf 80' lang='lat' dir='ltr'><strong>vitam</strong></span> 
     </span>
    </p>
   </div>
   <div class='ocr_carea' id='block_1_34' title="bbox 643 3341 2198 3419">
    <p class='ocr_par' dir='ltr' id='par_1_34' title="bbox 643 3341 2198 3419">
     <span class='ocr_line' id='line_1_34' title="bbox 643 3341 2198 3419; baseline 0.008 -27"><span class='ocrx_word' id='word_1_261' title='bbox 643 3342 1014 3414; x_wconf 73' lang='lat' dir='ltr'><strong>exspectabant</strong></span> <span class='ocrx_word' id='word_1_262' title='bbox 1040 3341 1350 3396; x_wconf 83' lang='lat' dir='ltr'><strong>meliorem?</strong></span> <span class='ocrx_word' id='word_1_263' title='bbox 1379 3342 1440 3396; x_wconf 82' lang='lat' dir='ltr'><strong>Et</strong></span> <span class='ocrx_word' id='word_1_264' title='bbox 1466 3344 1551 3412; x_wconf 91' lang='lat' dir='ltr'><strong>qui</strong></span> <span class='ocrx_word' id='word_1_265' title='bbox 1579 3344 1709 3399; x_wconf 88' lang='lat' dir='ltr'><strong>alios</strong></span> <span class='ocrx_word' id='word_1_266' title='bbox 1736 3348 2069 3415; x_wconf 77' lang='lat' dir='ltr'><strong>suscitaram,</strong></span> <span class='ocrx_word' id='word_1_267' title='bbox 2100 3352 2198 3419; x_wconf 88' lang='lat' dir='ltr'><strong>ipsi</strong></span> 
     </span>
    </p>
   </div>
   <div class='ocr_carea' id='block_1_35' title="bbox 644 3432 2200 3505">
    <p class='ocr_par' dir='ltr' id='par_1_35' title="bbox 644 3432 2200 3505">
     <span class='ocr_line' id='line_1_35' title="bbox 644 3432 2200 3505; baseline 0.01 -22"><span class='ocrx_word' id='word_1_268' title='bbox 644 3432 776 3484; x_wconf 89' lang='lat' dir='ltr'><strong>mori</strong></span> <span class='ocrx_word' id='word_1_269' title='bbox 813 3433 1115 3502; x_wconf 73' lang='lat' dir='ltr'><strong>elegerunt,</strong></span> <span class='ocrx_word' id='word_1_270' title='bbox 1149 3444 1205 3487; x_wconf 85' lang='grc' dir='ltr'><strong>ιιι</strong></span> <span class='ocrx_word' id='word_1_271' title='bbox 1229 3433 1499 3489; x_wconf 88' lang='lat' dir='ltr'><strong>meliorem</strong></span> <span class='ocrx_word' id='word_1_272' title='bbox 1530 3451 1936 3505; x_wconf 83' lang='lat' dir='ltr'><strong>assequerentur</strong></span> <span class='ocrx_word' id='word_1_273' title='bbox 1964 3456 2200 3498; x_wconf 89' lang='lat' dir='ltr'><strong>resurre-</strong></span> 
     </span>
    </p>
   </div>
   <div class='ocr_carea' id='block_1_36' title="bbox 642 3520 2198 3594">
    <p class='ocr_par' dir='ltr' id='par_1_36' title="bbox 642 3520 2198 3594">
     <span class='ocr_line' id='line_1_36' title="bbox 642 3520 2198 3594; baseline 0.01 -22"><span class='ocrx_word' id='word_1_274' title='bbox 642 3520 892 3585; x_wconf 88' lang='lat' dir='ltr'><strong>ctionem,</strong></span> <span class='ocrx_word' id='word_1_275' title='bbox 916 3538 1018 3576; x_wconf 87' lang='lat' dir='ltr'><strong>non</strong></span> <span class='ocrx_word' id='word_1_276' title='bbox 1051 3524 1203 3579; x_wconf 88' lang='lat' dir='ltr'><strong>talem</strong></span> <span class='ocrx_word' id='word_1_277' title='bbox 1225 3525 1432 3594; x_wconf 86' lang='lat' dir='ltr'><strong>qualem</strong></span> <span class='ocrx_word' id='word_1_278' title='bbox 1458 3528 1604 3593; x_wconf 91' lang='lat' dir='ltr'><strong>pueri</strong></span> <span class='ocrx_word' id='word_1_279' title='bbox 1626 3530 1924 3585; x_wconf 72' lang='lat' dir='ltr'><strong>mulierum.</strong></span> <span class='ocrx_word' id='word_1_280' title='bbox 1954 3532 2049 3587; x_wconf 85' lang='lat' dir='ltr'><strong>llic</strong></span> <span class='ocrx_word' id='word_1_281' title='bbox 2071 3536 2198 3589; x_wconf 90' lang='lat' dir='ltr'><strong>mihi</strong></span> 
     </span>
    </p>
   </div>
   <div class='ocr_carea' id='block_1_37' title="bbox 644 3614 2201 3690">
    <p class='ocr_par' dir='ltr' id='par_1_37' title="bbox 644 3614 2201 3690">
     <span class='ocr_line' id='line_1_37' title="bbox 644 3614 2201 3690; baseline 0.008 -25"><span class='ocrx_word' id='word_1_282' title='bbox 644 3614 852 3669; x_wconf 72' lang='lat' dir='ltr'><strong>videtur</strong></span> <span class='ocrx_word' id='word_1_283' title='bbox 879 3624 931 3670; x_wconf 86' lang='lat' dir='ltr'><strong>et</strong></span> <span class='ocrx_word' id='word_1_284' title='bbox 958 3615 1210 3671; x_wconf 83' lang='lat' dir='ltr'><strong>Joannem</strong></span> <span class='ocrx_word' id='word_1_285' title='bbox 1242 3618 1459 3671; x_wconf 84' lang='lat' dir='ltr'><strong>innuero</strong></span> <span class='ocrx_word' id='word_1_286' title='bbox 1502 3627 1555 3673; x_wconf 90' lang='lat' dir='ltr'><strong>et</strong></span> <span class='ocrx_word' id='word_1_287' title='bbox 1588 3619 1836 3673; x_wconf 77' lang='lat' dir='ltr'><strong>Jacobum</strong></span> <span class='ocrx_word' id='word_1_288' title='bbox 1873 3640 1884 3675; x_wconf 92' lang='lat'>:</span> <span class='ocrx_word' id='word_1_289' title='bbox 1918 3626 2201 3690; x_wconf 73' lang='grc' dir='ltr'><strong>ἀποτυμπα-</strong></span> 
     </span>
    </p>
   </div>
   <div class='ocr_carea' id='block_1_38' title="bbox 645 3708 2200 3778">
    <p class='ocr_par' dir='ltr' id='par_1_38' title="bbox 645 3708 2200 3778">
     <span class='ocr_line' id='line_1_38' title="bbox 645 3708 2200 3778; baseline 0.01 -22"><span class='ocrx_word' id='word_1_290' title='bbox 645 3716 797 3771; x_wconf 65' lang='lat' dir='ltr'><strong>Vitr/16;</strong></span> <span class='ocrx_word' id='word_1_291' title='bbox 831 3708 971 3760; x_wconf 89' lang='lat' dir='ltr'><strong>enim</strong></span> <span class='ocrx_word' id='word_1_292' title='bbox 1014 3719 1093 3761; x_wconf 88' lang='lat' dir='ltr'><strong>est</strong></span> <span class='ocrx_word' id='word_1_293' title='bbox 1129 3709 1316 3775; x_wconf 85' lang='lat' dir='ltr'><strong>capitis</strong></span> <span class='ocrx_word' id='word_1_294' title='bbox 1344 3712 1651 3778; x_wconf 83' lang='lat' dir='ltr'><strong>amputatio.</strong></span> <span class='ocrx_word' id='word_1_295' title='bbox 1680 3710 1892 3767; x_wconf 86' lang='lat' dir='ltr'><strong>Licebat</strong></span> <span class='ocrx_word' id='word_1_296' title='bbox 1920 3715 1996 3768; x_wconf 84' lang='lat' dir='ltr'><strong>eis</strong></span> <span class='ocrx_word' id='word_1_297' title='bbox 2023 3717 2200 3772; x_wconf 76' lang='lat' dir='ltr'><strong>videre</strong></span> 
     </span>
    </p>
   </div>
   <div class='ocr_carea' id='block_1_39' title="bbox 644 3794 2200 3871">
    <p class='ocr_par' dir='ltr' id='par_1_39' title="bbox 644 3794 2200 3871">
     <span class='ocr_line' id='line_1_39' title="bbox 644 3794 2200 3871; baseline 0.008 -24"><span class='ocrx_word' id='word_1_298' title='bbox 644 3795 828 3858; x_wconf 88' lang='lat' dir='ltr'><strong>solem,</strong></span> <span class='ocrx_word' id='word_1_299' title='bbox 871 3794 1059 3849; x_wconf 86' lang='lat' dir='ltr'><strong>licebat</strong></span> <span class='ocrx_word' id='word_1_300' title='bbox 1100 3811 1203 3849; x_wconf 91' lang='lat' dir='ltr'><strong>non</strong></span> <span class='ocrx_word' id='word_1_301' title='bbox 1252 3797 1585 3865; x_wconf 52' lang='lat' dir='ltr'><strong>redarguere,</strong></span> <span class='ocrx_word' id='word_1_302' title='bbox 1622 3808 1675 3853; x_wconf 90' lang='lat' dir='ltr'><strong>et</strong></span> <span class='ocrx_word' id='word_1_303' title='bbox 1724 3811 1894 3854; x_wconf 89' lang='lat' dir='ltr'><strong>tamen</strong></span> <span class='ocrx_word' id='word_1_304' title='bbox 1938 3805 2025 3871; x_wconf 87' lang='lat' dir='ltr'><strong>qui</strong></span> <span class='ocrx_word' id='word_1_305' title='bbox 2070 3806 2200 3859; x_wconf 86' lang='lat' dir='ltr'><strong>alios</strong></span> 
     </span>
    </p>
   </div>
   <div class='ocr_carea' id='block_1_40' title="bbox 643 3886 2202 3953">
    <p class='ocr_par' dir='ltr' id='par_1_40' title="bbox 643 3886 2202 3953">
     <span class='ocr_line' id='line_1_40' title="bbox 643 3886 2202 3953; baseline 0.01 -16"><span class='ocrx_word' id='word_1_306' title='bbox 643 3886 1041 3948; x_wconf 72' lang='lat' dir='ltr'><strong>Suscitarcrant,</strong></span> <span class='ocrx_word' id='word_1_307' title='bbox 1068 3886 1365 3940; x_wconf 88' lang='lat' dir='ltr'><strong>maluerunt</strong></span> <span class='ocrx_word' id='word_1_308' title='bbox 1391 3889 1666 3952; x_wconf 78' lang='lat' dir='ltr'><strong>excedere,</strong></span> <span class='ocrx_word' id='word_1_309' title='bbox 1692 3900 1745 3943; x_wconf 92' lang='lat' dir='ltr'><strong>ut</strong></span> <span class='ocrx_word' id='word_1_310' title='bbox 1766 3893 2034 3947; x_wconf 86' lang='lat' dir='ltr'><strong>meliorem</strong></span> <span class='ocrx_word' id='word_1_311' title='bbox 2059 3914 2202 3953; x_wconf 51' lang='lat' dir='ltr'><strong>asse-</strong></span> 
     </span>
    </p>
   </div>
   <div class='ocr_carea' id='block_1_41' title="bbox 646 3978 2201 4043">
    <p class='ocr_par' dir='ltr' id='par_1_41' title="bbox 646 3978 2201 4043">
     <span class='ocr_line' id='line_1_41' title="bbox 646 3978 2201 4043; baseline 0.006 -15"><span class='ocrx_word' id='word_1_312' title='bbox 646 3987 930 4043; x_wconf 88' lang='lat' dir='ltr'><strong>querentur</strong></span> <span class='ocrx_word' id='word_1_313' title='bbox 956 3978 1411 4031; x_wconf 78' lang='lat' dir='ltr'><strong>resurrectionem.</strong></span> <span class='ocrx_word' id='word_1_314' title='bbox 1434 3980 1518 4031; x_wconf 72' lang='grc'><strong>56.</strong></span> <span class='ocrx_word' id='word_1_315' title='bbox 1541 3980 1639 4035; x_wconf 79' lang='lat' dir='ltr'><strong>Alii</strong></span> <span class='ocrx_word' id='word_1_316' title='bbox 1665 3997 1774 4033; x_wconf 75' lang='lat' dir='ltr'><strong>vero</strong></span> <span class='ocrx_word' id='word_1_317' title='bbox 1797 3983 2010 4036; x_wconf 73' lang='lat' dir='ltr'><strong>ludibria</strong></span> <span class='ocrx_word' id='word_1_318' title='bbox 2034 4003 2076 4038; x_wconf 81' lang='lat' dir='ltr'><strong>c&#39;</strong></span> <span class='ocrx_word' id='word_1_319' title='bbox 2100 4006 2201 4038; x_wconf 64' lang='lat' dir='ltr'><strong>rpr-</strong></span> 
     </span>
    </p>
   </div>
   <div class='ocr_carea' id='block_1_42' title="bbox 646 4064 2207 4135">
    <p class='ocr_par' dir='ltr' id='par_1_42' title="bbox 646 4064 2207 4135">
     <span class='ocr_line' id='line_1_42' title="bbox 646 4064 2207 4135; baseline 0.001 -19"><span class='ocrx_word' id='word_1_320' title='bbox 646 4064 763 4117; x_wconf 80' lang='lat' dir='ltr'><strong>bera</strong></span> <span class='ocrx_word' id='word_1_321' title='bbox 806 4064 1027 4134; x_wconf 74' lang='lat' dir='ltr'><strong>experti,</strong></span> <span class='ocrx_word' id='word_1_322' title='bbox 1078 4066 1279 4132; x_wconf 83' lang='lat' dir='ltr'><strong>insuper</strong></span> <span class='ocrx_word' id='word_1_323' title='bbox 1320 4074 1365 4117; x_wconf 85' lang='lat' dir='ltr'><strong>et</strong></span> <span class='ocrx_word' id='word_1_324' title='bbox 1402 4065 1599 4117; x_wconf 78' lang='lat' dir='ltr'><strong>vincula</strong></span> <span class='ocrx_word' id='word_1_325' title='bbox 1637 4077 1683 4118; x_wconf 85' lang='lat' dir='ltr'><strong>ct</strong></span> <span class='ocrx_word' id='word_1_326' title='bbox 1719 4082 1955 4132; x_wconf 80' lang='lat' dir='ltr'><strong>carceres,</strong></span> <span class='ocrx_word' id='word_1_327' title='bbox 1998 4067 2207 4135; x_wconf 82' lang='lat' dir='ltr'><strong>lapiduti</strong></span> 
     </span>
    </p>
   </div>
   <div class='ocr_carea' id='block_1_43' title="bbox 645 4153 1452 4217">
    <p class='ocr_par' dir='ltr' id='par_1_43' title="bbox 645 4153 1452 4217">
     <span class='ocr_line' id='line_1_43' title="bbox 645 4153 1452 4217; baseline 0.001 -11"><span class='ocrx_word' id='word_1_328' title='bbox 645 4163 783 4217; x_wconf 78' lang='lat' dir='ltr'><strong>sunt,</strong></span> <span class='ocrx_word' id='word_1_329' title='bbox 814 4154 932 4205; x_wconf 83' lang='lat' dir='ltr'><strong>secti</strong></span> <span class='ocrx_word' id='word_1_330' title='bbox 959 4163 1094 4217; x_wconf 79' lang='lat' dir='ltr'><strong>siml,</strong></span> <span class='ocrx_word' id='word_1_331' title='bbox 1121 4153 1291 4205; x_wconf 87' lang='lat' dir='ltr'><strong>tentati</strong></span> <span class='ocrx_word' id='word_1_332' title='bbox 1318 4162 1452 4207; x_wconf 85' lang='lat' dir='ltr'><strong>sunt.</strong></span> 
     </span>
    </p>
   </div>
   <div class='ocr_carea' id='block_1_44' title="bbox 717 4242 2209 4312">
    <p class='ocr_par' dir='ltr' id='par_1_44' title="bbox 717 4242 2209 4312">
     <span class='ocr_line' id='line_1_44' title="bbox 717 4242 2209 4312; baseline -0.001 -14"><span class='ocrx_word' id='word_1_333' title='bbox 717 4245 769 4298; x_wconf 81' lang='lat'><strong>3.</strong></span> <span class='ocrx_word' id='word_1_334' title='bbox 802 4244 853 4295; x_wconf 92' lang='lat' dir='ltr'><strong>ln</strong></span> <span class='ocrx_word' id='word_1_335' title='bbox 887 4242 949 4295; x_wconf 88' lang='lat' dir='ltr'><strong>iis</strong></span> <span class='ocrx_word' id='word_1_336' title='bbox 974 4243 1186 4305; x_wconf 83' lang='lat' dir='ltr'><strong>desinit,</strong></span> <span class='ocrx_word' id='word_1_337' title='bbox 1220 4244 1271 4295; x_wconf 92' lang='lat' dir='ltr'><strong>in</strong></span> <span class='ocrx_word' id='word_1_338' title='bbox 1304 4244 1386 4307; x_wconf 90' lang='lat' dir='ltr'><strong>iis,</strong></span> <span class='ocrx_word' id='word_1_339' title='bbox 1416 4244 1646 4312; x_wconf 86' lang='lat' dir='ltr'><strong>inquam,</strong></span> <span class='ocrx_word' id='word_1_340' title='bbox 1676 4261 1791 4312; x_wconf 79' lang='lat' dir='ltr'><strong>qua:</strong></span> <span class='ocrx_word' id='word_1_341' title='bbox 1818 4253 1969 4297; x_wconf 88' lang='lat' dir='ltr'><strong>erant</strong></span> <span class='ocrx_word' id='word_1_342' title='bbox 1993 4245 2209 4312; x_wconf 82' lang='lat' dir='ltr'><strong>conjun-</strong></span> 
     </span>
    </p>
   </div>
   <div class='ocr_carea' id='block_1_45' title="bbox 645 4330 2206 4399">
    <p class='ocr_par' dir='ltr' id='par_1_45' title="bbox 645 4330 2206 4399">
     <span class='ocr_line' id='line_1_45' title="bbox 645 4330 2206 4399; baseline 0.001 -14"><span class='ocrx_word' id='word_1_343' title='bbox 645 4334 807 4385; x_wconf 87' lang='lat' dir='ltr'><strong>ctiora</strong></span> <span class='ocrx_word' id='word_1_344' title='bbox 832 4342 884 4385; x_wconf 90' lang='lat' dir='ltr'><strong>et</strong></span> <span class='ocrx_word' id='word_1_345' title='bbox 909 4331 1071 4399; x_wconf 80' lang='lat' dir='ltr'><strong>magis</strong></span> <span class='ocrx_word' id='word_1_346' title='bbox 1095 4330 1391 4385; x_wconf 81' lang='lat' dir='ltr'><strong>familiaria.</strong></span> <span class='ocrx_word' id='word_1_347' title='bbox 1419 4332 1542 4386; x_wconf 70' lang='lat' dir='ltr'><strong>&quot;me</strong></span> <span class='ocrx_word' id='word_1_348' title='bbox 1567 4336 1705 4387; x_wconf 89' lang='lat' dir='ltr'><strong>enim</strong></span> <span class='ocrx_word' id='word_1_349' title='bbox 1734 4336 1957 4387; x_wconf 84' lang='lat' dir='ltr'><strong>maxime</strong></span> <span class='ocrx_word' id='word_1_350' title='bbox 1984 4334 2206 4387; x_wconf 74' lang='lat' dir='ltr'><strong>all&#39;ct&#39;unt</strong></span> 
     </span>
    </p>
   </div>
   <div class='ocr_carea' id='block_1_46' title="bbox 645 4424 2203 4491">
    <p class='ocr_par' dir='ltr' id='par_1_46' title="bbox 645 4424 2203 4491">
     <span class='ocr_line' id='line_1_46' title="bbox 645 4424 2203 4491; baseline 0.001 -13"><span class='ocrx_word' id='word_1_351' title='bbox 645 4424 1086 4486; x_wconf 78' lang='lat' dir='ltr'><strong>consolationem,</strong></span> <span class='ocrx_word' id='word_1_352' title='bbox 1117 4424 1326 4491; x_wconf 89' lang='lat' dir='ltr'><strong>quando</strong></span> <span class='ocrx_word' id='word_1_353' title='bbox 1355 4440 1417 4477; x_wconf 82' lang='lat' dir='ltr'><strong>ex</strong></span> <span class='ocrx_word' id='word_1_354' title='bbox 1445 4425 1627 4479; x_wconf 83' lang='lat' dir='ltr'><strong>eadem</strong></span> <span class='ocrx_word' id='word_1_355' title='bbox 1664 4440 1818 4478; x_wconf 79' lang='lat' dir='ltr'><strong>causa</strong></span> <span class='ocrx_word' id='word_1_356' title='bbox 1860 4426 2013 4479; x_wconf 80' lang='lat' dir='ltr'><strong>fuerit</strong></span> <span class='ocrx_word' id='word_1_357' title='bbox 2058 4437 2203 4479; x_wconf 84' lang='lat' dir='ltr'><strong>ortus</strong></span> 
     </span>
    </p>
   </div>
   <div class='ocr_carea' id='block_1_47' title="bbox 644 4512 2203 4580">
    <p class='ocr_par' dir='ltr' id='par_1_47' title="bbox 644 4512 2203 4580">
     <span class='ocr_line' id='line_1_47' title="bbox 644 4512 2203 4580; baseline 0.001 -14"><span class='ocrx_word' id='word_1_358' title='bbox 644 4514 794 4566; x_wconf 90' lang='lat' dir='ltr'><strong>dolor</strong></span> <span class='ocrx_word' id='word_1_359' title='bbox 826 4529 839 4541; x_wconf 73' lang='grc' dir='ltr'><strong>ο</strong></span> <span class='ocrx_word' id='word_1_360' title='bbox 872 4512 1105 4580; x_wconf 87' lang='lat' dir='ltr'><strong>alioquin</strong></span> <span class='ocrx_word' id='word_1_361' title='bbox 1134 4513 1335 4565; x_wconf 89' lang='lat' dir='ltr'><strong>etiamsi</strong></span> <span class='ocrx_word' id='word_1_362' title='bbox 1364 4515 1727 4568; x_wconf 79' lang='lat' dir='ltr'><strong>vehementius</strong></span> <span class='ocrx_word' id='word_1_363' title='bbox 1753 4515 1967 4577; x_wconf 82' lang='lat' dir='ltr'><strong>dixeris,</strong></span> <span class='ocrx_word' id='word_1_364' title='bbox 2004 4532 2103 4567; x_wconf 90' lang='lat' dir='ltr'><strong>non</strong></span> <span class='ocrx_word' id='word_1_365' title='bbox 2136 4518 2203 4568; x_wconf 88' lang='lat' dir='ltr'><strong>sit</strong></span> 
     </span>
    </p>
   </div>
   <div class='ocr_carea' id='block_1_48' title="bbox 644 4601 2201 4665">
    <p class='ocr_par' dir='ltr' id='par_1_48' title="bbox 644 4601 2201 4665">
     <span class='ocr_line' id='line_1_48' title="bbox 644 4601 2201 4665; baseline 0.003 -13"><span class='ocrx_word' id='word_1_366' title='bbox 644 4610 817 4655; x_wconf 85' lang='lat' dir='ltr'><strong>autem</strong></span> <span class='ocrx_word' id='word_1_367' title='bbox 847 4616 910 4654; x_wconf 77' lang='lat' dir='ltr'><strong>ex</strong></span> <span class='ocrx_word' id='word_1_368' title='bbox 938 4601 1119 4655; x_wconf 89' lang='lat' dir='ltr'><strong>eadem</strong></span> <span class='ocrx_word' id='word_1_369' title='bbox 1149 4617 1304 4655; x_wconf 86' lang='lat' dir='ltr'><strong>causa</strong></span> <span class='ocrx_word' id='word_1_370' title='bbox 1331 4614 1475 4655; x_wconf 87' lang='lat' dir='ltr'><strong>ortus</strong></span> <span class='ocrx_word' id='word_1_371' title='bbox 1504 4602 1673 4665; x_wconf 85' lang='lat' dir='ltr'><strong>dolor,</strong></span> <span class='ocrx_word' id='word_1_372' title='bbox 1706 4606 1833 4656; x_wconf 82' lang='lat' dir='ltr'><strong>nihil</strong></span> <span class='ocrx_word' id='word_1_373' title='bbox 1860 4605 2043 4658; x_wconf 82' lang='lat' dir='ltr'><strong>eliicis.</strong></span> <span class='ocrx_word' id='word_1_374' title='bbox 2076 4606 2201 4657; x_wconf 84' lang='lat' dir='ltr'><strong>Pro-</strong></span> 
     </span>
    </p>
   </div>
   <div class='ocr_carea' id='block_1_49' title="bbox 647 4691 2205 4770">
    <p class='ocr_par' dir='ltr' id='par_1_49' title="bbox 647 4691 2205 4770">
     <span class='ocr_line' id='line_1_49' title="bbox 647 4691 2205 4770; baseline 0.004 -30"><span class='ocrx_word' id='word_1_375' title='bbox 647 4702 822 4759; x_wconf 78' lang='lat' dir='ltr'><strong>pterea</strong></span> <span class='ocrx_word' id='word_1_376' title='bbox 855 4694 905 4743; x_wconf 91' lang='lat' dir='ltr'><strong>in</strong></span> <span class='ocrx_word' id='word_1_377' title='bbox 937 4692 1033 4745; x_wconf 89' lang='lat' dir='ltr'><strong>hoc</strong></span> <span class='ocrx_word' id='word_1_378' title='bbox 1060 4691 1187 4770; x_wconf 78' lang='lat' dir='ltr'><strong>finiit</strong></span> <span class='ocrx_word' id='word_1_379' title='bbox 1218 4692 1533 4760; x_wconf 87' lang='lat' dir='ltr'><strong>orationem,</strong></span> <span class='ocrx_word' id='word_1_380' title='bbox 1567 4692 1747 4747; x_wconf 89' lang='lat' dir='ltr'><strong>dicens</strong></span> <span class='ocrx_word' id='word_1_381' title='bbox 1773 4696 1992 4757; x_wconf 80' lang='lat' dir='ltr'><strong>vinenla,</strong></span> <span class='ocrx_word' id='word_1_382' title='bbox 2022 4711 2205 4747; x_wconf 70' lang='lat' dir='ltr'><strong>cari-c-</strong></span> 
     </span>
    </p>
   </div>
   <div class='ocr_carea' id='block_1_50' title="bbox 644 4782 2205 4853">
    <p class='ocr_par' dir='ltr' id='par_1_50' title="bbox 644 4782 2205 4853">
     <span class='ocr_line' id='line_1_50' title="bbox 644 4782 2205 4853; baseline 0.004 -20"><span class='ocrx_word' id='word_1_383' title='bbox 644 4798 749 4847; x_wconf 84' lang='lat' dir='ltr'><strong>res,</strong></span> <span class='ocrx_word' id='word_1_384' title='bbox 776 4782 1016 4841; x_wconf 77' lang='lat' dir='ltr'><strong>verbera,</strong></span> <span class='ocrx_word' id='word_1_385' title='bbox 1043 4782 1406 4849; x_wconf 81' lang='lat' dir='ltr'><strong>lapidationes,</strong></span> <span class='ocrx_word' id='word_1_386' title='bbox 1430 4800 1488 4837; x_wconf 85' lang='lat' dir='ltr'><strong>ea</strong></span> <span class='ocrx_word' id='word_1_387' title='bbox 1513 4786 1734 4839; x_wconf 67' lang='lat' dir='ltr'><strong>innucns</strong></span> <span class='ocrx_word' id='word_1_388' title='bbox 1756 4803 1871 4853; x_wconf 80' lang='lat' dir='ltr'><strong>qua:</strong></span> <span class='ocrx_word' id='word_1_389' title='bbox 1902 4788 2205 4839; x_wconf 78' lang='lat' dir='ltr'><strong>acciderunt</strong></span> 
     </span>
    </p>
   </div>
   <div class='ocr_carea' id='block_1_51' title="bbox 642 4871 2204 4943">
    <p class='ocr_par' dir='ltr' id='par_1_51' title="bbox 642 4871 2204 4943">
     <span class='ocr_line' id='line_1_51' title="bbox 642 4871 2204 4943; baseline 0.004 -18"><span class='ocrx_word' id='word_1_390' title='bbox 642 4871 907 4940; x_wconf 67' lang='lat' dir='ltr'><strong>Stephano</strong></span> <span class='ocrx_word' id='word_1_391' title='bbox 935 4882 983 4925; x_wconf 86' lang='lat' dir='ltr'><strong>et</strong></span> <span class='ocrx_word' id='word_1_392' title='bbox 1012 4872 1313 4935; x_wconf 65' lang='lat' dir='ltr'><strong>Zacharim;</strong></span> <span class='ocrx_word' id='word_1_393' title='bbox 1343 4886 1395 4927; x_wconf 71' lang='lat' dir='ltr'><strong>et</strong></span> <span class='ocrx_word' id='word_1_394' title='bbox 1418 4875 1532 4929; x_wconf 88' lang='lat' dir='ltr'><strong>ideo</strong></span> <span class='ocrx_word' id='word_1_395' title='bbox 1554 4877 1823 4943; x_wconf 81' lang='lat' dir='ltr'><strong>subjuttxit</strong></span> <span class='ocrx_word' id='word_1_396' title='bbox 1847 4896 1857 4928; x_wconf 88' lang='lat'><strong>:</strong></span> <span class='ocrx_word' id='word_1_397' title='bbox 1882 4876 1942 4929; x_wconf 88' lang='lat' dir='ltr'><strong>In</strong></span> <span class='ocrx_word' id='word_1_398' title='bbox 1964 4880 2204 4931; x_wconf 75' lang='lat' dir='ltr'><strong>occisione</strong></span> 
     </span>
    </p>
   </div>
   <div class='ocr_carea' id='block_1_52' title="bbox 642 4964 2205 5037">
    <p class='ocr_par' dir='ltr' id='par_1_52' title="bbox 642 4964 2205 5037">
     <span class='ocr_line' id='line_1_52' title="bbox 642 4964 2205 5037; baseline 0.004 -23"><span class='ocrx_word' id='word_1_399' title='bbox 642 4966 796 5032; x_wconf 72' lang='lat' dir='ltr'><strong>gladii</strong></span> <span class='ocrx_word' id='word_1_400' title='bbox 828 4965 1009 5016; x_wconf 85' lang='lat' dir='ltr'><strong>mortui</strong></span> <span class='ocrx_word' id='word_1_401' title='bbox 1036 4974 1165 5016; x_wconf 83' lang='lat' dir='ltr'><strong>sunt.</strong></span> <span class='ocrx_word' id='word_1_402' title='bbox 1202 4964 1339 5030; x_wconf 83' lang='lat' dir='ltr'><strong>Quid</strong></span> <span class='ocrx_word' id='word_1_403' title='bbox 1370 4965 1535 5019; x_wconf 87' lang='lat' dir='ltr'><strong>dicis?</strong></span> <span class='ocrx_word' id='word_1_404' title='bbox 1558 4970 1641 5021; x_wconf 83' lang='lat' dir='ltr'><strong>alii</strong></span> <span class='ocrx_word' id='word_1_405' title='bbox 1671 4970 1878 5035; x_wconf 82' lang='lat' dir='ltr'><strong>quidem</strong></span> <span class='ocrx_word' id='word_1_406' title='bbox 1910 4970 2205 5037; x_wconf 62' lang='lat' dir='ltr'><strong>effugi-runt</strong></span> 
     </span>
    </p>
   </div>
   <div class='ocr_carea' id='block_1_53' title="bbox 644 5057 2201 5129">
    <p class='ocr_par' dir='ltr' id='par_1_53' title="bbox 644 5057 2201 5129">
     <span class='ocr_line' id='line_1_53' title="bbox 644 5057 2201 5129; baseline 0.004 -23"><span class='ocrx_word' id='word_1_407' title='bbox 644 5057 804 5110; x_wconf 72' lang='lat' dir='ltr'><strong>aciem</strong></span> <span class='ocrx_word' id='word_1_408' title='bbox 832 5057 1022 5124; x_wconf 78' lang='lat' dir='ltr'><strong>gladii;</strong></span> <span class='ocrx_word' id='word_1_409' title='bbox 1057 5058 1141 5109; x_wconf 87' lang='lat' dir='ltr'><strong>alii</strong></span> <span class='ocrx_word' id='word_1_410' title='bbox 1164 5070 1337 5109; x_wconf 89' lang='lat' dir='ltr'><strong>autem</strong></span> <span class='ocrx_word' id='word_1_411' title='bbox 1360 5059 1552 5111; x_wconf 89' lang='lat' dir='ltr'><strong>mortui</strong></span> <span class='ocrx_word' id='word_1_412' title='bbox 1576 5070 1698 5112; x_wconf 88' lang='lat' dir='ltr'><strong>sunt</strong></span> <span class='ocrx_word' id='word_1_413' title='bbox 1726 5061 1773 5112; x_wconf 90' lang='lat' dir='ltr'><strong>in</strong></span> <span class='ocrx_word' id='word_1_414' title='bbox 1807 5062 2067 5113; x_wconf 75' lang='lat' dir='ltr'><strong>occisione</strong></span> <span class='ocrx_word' id='word_1_415' title='bbox 2091 5062 2201 5129; x_wconf 79' lang='lat' dir='ltr'><strong>gla-</strong></span> 
     </span>
    </p>
   </div>
   <div class='ocr_carea' id='block_1_54' title="bbox 642 5147 2203 5217">
    <p class='ocr_par' dir='ltr' id='par_1_54' title="bbox 642 5147 2203 5217">
     <span class='ocr_line' id='line_1_54' title="bbox 642 5147 2203 5217; baseline 0.005 -20"><span class='ocrx_word' id='word_1_416' title='bbox 642 5148 749 5199; x_wconf 76' lang='lat' dir='ltr'><strong>tlii‘.’</strong></span> <span class='ocrx_word' id='word_1_417' title='bbox 786 5147 907 5217; x_wconf 84' lang='lat' dir='ltr'><strong>quid</strong></span> <span class='ocrx_word' id='word_1_418' title='bbox 954 5159 1031 5199; x_wconf 74' lang='lat' dir='ltr'><strong>est</strong></span> <span class='ocrx_word' id='word_1_419' title='bbox 1075 5147 1209 5201; x_wconf 65' lang='lat' dir='ltr'><strong>huc?</strong></span> <span class='ocrx_word' id='word_1_420' title='bbox 1245 5158 1415 5203; x_wconf 88' lang='lat' dir='ltr'><strong>utrum</strong></span> <span class='ocrx_word' id='word_1_421' title='bbox 1460 5151 1661 5214; x_wconf 87' lang='lat' dir='ltr'><strong>laudas,</strong></span> <span class='ocrx_word' id='word_1_422' title='bbox 1692 5161 1863 5203; x_wconf 83' lang='lat' dir='ltr'><strong>utrum</strong></span> <span class='ocrx_word' id='word_1_423' title='bbox 1891 5153 2203 5205; x_wconf 79' lang='lat' dir='ltr'><strong>admiraris?</strong></span> 
     </span>
    </p>
   </div>
   <div class='ocr_carea' id='block_1_55' title="bbox 642 5237 2204 5309">
    <p class='ocr_par' dir='ltr' id='par_1_55' title="bbox 642 5237 2204 5309">
     <span class='ocr_line' id='line_1_55' title="bbox 642 5237 2204 5309; baseline 0.003 -19"><span class='ocrx_word' id='word_1_424' title='bbox 642 5237 755 5294; x_wconf 80' lang='lat' dir='ltr'><strong>hoc.</strong></span> <span class='ocrx_word' id='word_1_425' title='bbox 787 5254 850 5289; x_wconf 83' lang='lat' dir='ltr'><strong>an</strong></span> <span class='ocrx_word' id='word_1_426' title='bbox 892 5237 1055 5289; x_wconf 78' lang='lat' dir='ltr'><strong>illud?</strong></span> <span class='ocrx_word' id='word_1_427' title='bbox 1106 5237 1346 5304; x_wconf 76' lang='lat' dir='ltr'><strong>Maxime,</strong></span> <span class='ocrx_word' id='word_1_428' title='bbox 1390 5240 1585 5309; x_wconf 86' lang='lat' dir='ltr'><strong>inquit,</strong></span> <span class='ocrx_word' id='word_1_429' title='bbox 1624 5240 1803 5294; x_wconf 86' lang='lat' dir='ltr'><strong>ethoc</strong></span> <span class='ocrx_word' id='word_1_430' title='bbox 1832 5252 1879 5293; x_wconf 85' lang='lat' dir='ltr'><strong>et</strong></span> <span class='ocrx_word' id='word_1_431' title='bbox 1914 5242 2069 5300; x_wconf 83' lang='lat' dir='ltr'><strong>illud;</strong></span> <span class='ocrx_word' id='word_1_432' title='bbox 2107 5243 2204 5295; x_wconf 82' lang='lat' dir='ltr'><strong>huc</strong></span> 
     </span>
    </p>
   </div>
   <div class='ocr_carea' id='block_1_56' title="bbox 646 5327 2199 5395">
    <p class='ocr_par' dir='ltr' id='par_1_56' title="bbox 646 5327 2199 5395">
     <span class='ocr_line' id='line_1_56' title="bbox 646 5327 2199 5395; baseline 0.003 -17"><span class='ocrx_word' id='word_1_433' title='bbox 646 5338 905 5395; x_wconf 85' lang='lat' dir='ltr'><strong>tamquam</strong></span> <span class='ocrx_word' id='word_1_434' title='bbox 928 5327 1078 5380; x_wconf 69' lang='lat' dir='ltr'><strong>vobis</strong></span> <span class='ocrx_word' id='word_1_435' title='bbox 1108 5327 1443 5395; x_wconf 90' lang='lat' dir='ltr'><strong>conjunctnm</strong></span> <span class='ocrx_word' id='word_1_436' title='bbox 1474 5341 1525 5383; x_wconf 85' lang='lat' dir='ltr'><strong>et</strong></span> <span class='ocrx_word' id='word_1_437' title='bbox 1544 5330 1821 5393; x_wconf 71' lang='lat' dir='ltr'><strong>familiare,</strong></span> <span class='ocrx_word' id='word_1_438' title='bbox 1850 5332 1973 5384; x_wconf 90' lang='lat' dir='ltr'><strong>illud</strong></span> <span class='ocrx_word' id='word_1_439' title='bbox 2002 5342 2199 5395; x_wconf 88' lang='lat' dir='ltr'><strong>autem,</strong></span> 
     </span>
    </p>
   </div>
   <div class='ocr_carea' id='block_1_57' title="bbox 641 5419 2201 5493">
    <p class='ocr_par' dir='ltr' id='par_1_57' title="bbox 641 5419 2201 5493">
     <span class='ocr_line' id='line_1_57' title="bbox 641 5419 2201 5493; baseline 0.003 -21"><span class='ocrx_word' id='word_1_440' title='bbox 641 5421 882 5487; x_wconf 89' lang='lat' dir='ltr'><strong>quoniam</strong></span> <span class='ocrx_word' id='word_1_441' title='bbox 907 5419 1063 5472; x_wconf 87' lang='lat' dir='ltr'><strong>etiam</strong></span> <span class='ocrx_word' id='word_1_442' title='bbox 1098 5422 1147 5472; x_wconf 89' lang='lat' dir='ltr'><strong>in</strong></span> <span class='ocrx_word' id='word_1_443' title='bbox 1168 5420 1275 5487; x_wconf 81' lang='lat' dir='ltr'><strong>ipsa</strong></span> <span class='ocrx_word' id='word_1_444' title='bbox 1302 5430 1469 5473; x_wconf 88' lang='lat' dir='ltr'><strong>morte</strong></span> <span class='ocrx_word' id='word_1_445' title='bbox 1498 5423 1659 5474; x_wconf 71' lang='lat' dir='ltr'><strong>valuit</strong></span> <span class='ocrx_word' id='word_1_446' title='bbox 1700 5422 1847 5485; x_wconf 85' lang='lat' dir='ltr'><strong>lidcs,</strong></span> <span class='ocrx_word' id='word_1_447' title='bbox 1876 5433 1927 5475; x_wconf 91' lang='lat' dir='ltr'><strong>ct</strong></span> <span class='ocrx_word' id='word_1_448' title='bbox 1950 5434 2028 5475; x_wconf 89' lang='lat' dir='ltr'><strong>est</strong></span> <span class='ocrx_word' id='word_1_449' title='bbox 2052 5433 2201 5493; x_wconf 77' lang='lat' dir='ltr'><strong>typus</strong></span> 
     </span>
    </p>
   </div>
   <div class='ocr_carea' id='block_1_58' title="bbox 641 5510 2202 5585">
    <p class='ocr_par' dir='ltr' id='par_1_58' title="bbox 641 5510 2202 5585">
     <span class='ocr_line' id='line_1_58' title="bbox 641 5510 2202 5585; baseline 0.007 -25"><span class='ocrx_word' id='word_1_450' title='bbox 641 5510 955 5563; x_wconf 80' lang='lat' dir='ltr'><strong>futurorum.</strong></span> <span class='ocrx_word' id='word_1_451' title='bbox 993 5511 1106 5564; x_wconf 88' lang='lat' dir='ltr'><strong>Duo</strong></span> <span class='ocrx_word' id='word_1_452' title='bbox 1137 5520 1254 5564; x_wconf 84' lang='lat' dir='ltr'><strong>sunt</strong></span> <span class='ocrx_word' id='word_1_453' title='bbox 1286 5513 1425 5565; x_wconf 83' lang='lat' dir='ltr'><strong>enim</strong></span> <span class='ocrx_word' id='word_1_454' title='bbox 1475 5514 1724 5566; x_wconf 85' lang='lat' dir='ltr'><strong>miracula</strong></span> <span class='ocrx_word' id='word_1_455' title='bbox 1771 5515 1927 5575; x_wconf 80' lang='lat' dir='ltr'><strong>lidci,</strong></span> <span class='ocrx_word' id='word_1_456' title='bbox 1971 5518 2108 5585; x_wconf 86' lang='lat' dir='ltr'><strong>quod</strong></span> <span class='ocrx_word' id='word_1_457' title='bbox 2152 5531 2202 5571; x_wconf 89' lang='lat' dir='ltr'><strong>ct</strong></span> 
     </span>
    </p>
   </div>
   <div class='ocr_carea' id='block_1_59' title="bbox 641 5600 2201 5674">
    <p class='ocr_par' dir='ltr' id='par_1_59' title="bbox 641 5600 2201 5674">
     <span class='ocr_line' id='line_1_59' title="bbox 641 5600 2201 5674; baseline 0.005 -20"><span class='ocrx_word' id='word_1_458' title='bbox 641 5618 822 5670; x_wconf 81' lang='lat' dir='ltr'><strong>magna</strong></span> <span class='ocrx_word' id='word_1_459' title='bbox 852 5600 1069 5665; x_wconf 84' lang='lat' dir='ltr'><strong>cﬂiciut,</strong></span> <span class='ocrx_word' id='word_1_460' title='bbox 1094 5612 1145 5655; x_wconf 88' lang='lat' dir='ltr'><strong>et</strong></span> <span class='ocrx_word' id='word_1_461' title='bbox 1170 5618 1354 5672; x_wconf 78' lang='lat' dir='ltr'><strong>magna</strong></span> <span class='ocrx_word' id='word_1_462' title='bbox 1387 5605 1629 5671; x_wconf 87' lang='lat' dir='ltr'><strong>patiatur,</strong></span> <span class='ocrx_word' id='word_1_463' title='bbox 1657 5619 1707 5659; x_wconf 87' lang='lat' dir='ltr'><strong>et</strong></span> <span class='ocrx_word' id='word_1_464' title='bbox 1738 5606 1864 5659; x_wconf 89' lang='lat' dir='ltr'><strong>nihil</strong></span> <span class='ocrx_word' id='word_1_465' title='bbox 1894 5624 1950 5660; x_wconf 86' lang='lat' dir='ltr'><strong>se</strong></span> <span class='ocrx_word' id='word_1_466' title='bbox 1983 5610 2082 5674; x_wconf 86' lang='lat' dir='ltr'><strong>pati</strong></span> <span class='ocrx_word' id='word_1_467' title='bbox 2113 5626 2201 5662; x_wconf 72' lang='lat' dir='ltr'><strong>cx-</strong></span> 
     </span>
    </p>
   </div>
   <div class='ocr_carea' id='block_1_60' title="bbox 643 5695 2199 5769">
    <p class='ocr_par' dir='ltr' id='par_1_60' title="bbox 643 5695 2199 5769">
     <span class='ocr_line' id='line_1_60' title="bbox 643 5695 2199 5769; baseline 0.003 -22"><span class='ocrx_word' id='word_1_468' title='bbox 643 5696 850 5749; x_wconf 79' lang='lat' dir='ltr'><strong>istimct.</strong></span> <span class='ocrx_word' id='word_1_469' title='bbox 885 5695 991 5749; x_wconf 68' lang='lat' dir='ltr'><strong>Nec</strong></span> <span class='ocrx_word' id='word_1_470' title='bbox 1024 5706 1193 5761; x_wconf 84' lang='lat' dir='ltr'><strong>potes,</strong></span> <span class='ocrx_word' id='word_1_471' title='bbox 1225 5696 1409 5765; x_wconf 88' lang='lat' dir='ltr'><strong>inquit,</strong></span> <span class='ocrx_word' id='word_1_472' title='bbox 1442 5696 1615 5753; x_wconf 77' lang='lat' dir='ltr'><strong>dicere</strong></span> <span class='ocrx_word' id='word_1_473' title='bbox 1648 5700 1783 5767; x_wconf 57' lang='lat' dir='ltr'><strong>quod</strong></span> <span class='ocrx_word' id='word_1_474' title='bbox 1813 5712 1985 5753; x_wconf 55' lang='grc' dir='ltr'><strong>δετετςιιι</strong></span> <span class='ocrx_word' id='word_1_475' title='bbox 2014 5718 2199 5769; x_wconf 58' lang='lat' dir='ltr'><strong>tia-cci-</strong></span> 
     </span>
    </p>
   </div>
   <div class='ocr_carea' id='block_1_61' title="bbox 1382 340 3132 405">
    <p class='ocr_par' dir='ltr' id='par_1_61' title="bbox 1382 340 3132 405">
     <span class='ocr_line' id='line_1_61' title="bbox 1382 340 3132 405; baseline -0.007 -1"><span class='ocrx_word' id='word_1_476' title='bbox 1382 350 1436 405; x_wconf 84' lang='lat' dir='ltr'><strong>S.</strong></span> <span class='ocrx_word' id='word_1_477' title='bbox 1472 344 1745 403; x_wconf 67' lang='lat' dir='ltr'><strong>JOANNIS</strong></span> <span class='ocrx_word' id='word_1_478' title='bbox 1767 340 2227 401; x_wconf 65' lang='lat' dir='ltr'><strong>CHRYSOSTOSH</strong></span> <span class='ocrx_word' id='word_1_479' title='bbox 2260 341 2570 399; x_wconf 80' lang='lat' dir='ltr'><strong>ARClllEP.</strong></span> <span class='ocrx_word' id='word_1_480' title='bbox 2610 340 3132 403; x_wconf 68' lang='lat' dir='ltr'><strong>CONSTANTINOP.</strong></span> 
     </span>
    </p>
   </div>
   <div class='ocr_carea' id='block_1_62' title="bbox 3787 337 3884 392">
    <p class='ocr_par' dir='ltr' id='par_1_62' title="bbox 3787 337 3884 392">
     <span class='ocr_line' id='line_1_62' title="bbox 3787 337 3884 392; baseline -0.031 -1"><span class='ocrx_word' id='word_1_481' title='bbox 3787 337 3884 392; x_wconf 61' lang='lat' dir='ltr'><strong>litt:</strong></span> 
     </span>
    </p>
   </div>
   <div class='ocr_carea' id='block_1_63' title="bbox 2305 452 3885 511">
    <p class='ocr_par' dir='ltr' id='par_1_63' title="bbox 2305 452 3885 511">
     <span class='ocr_line' id='line_1_63' title="bbox 2305 452 3885 511; baseline -0.002 -1"><span class='ocrx_word' id='word_1_482' title='bbox 2305 467 2447 511; x_wconf 82' lang='lat' dir='ltr'><strong>tores</strong></span> <span class='ocrx_word' id='word_1_483' title='bbox 2467 453 2520 511; x_wconf 78' lang='lat' dir='ltr'><strong>et</strong></span> <span class='ocrx_word' id='word_1_484' title='bbox 2541 455 2782 509; x_wconf 85' lang='lat' dir='ltr'><strong>homines</strong></span> <span class='ocrx_word' id='word_1_485' title='bbox 2813 454 2961 508; x_wconf 85' lang='lat' dir='ltr'><strong>nihili</strong></span> <span class='ocrx_word' id='word_1_486' title='bbox 2986 472 2997 506; x_wconf 89' lang='lat'><strong>:</strong></span> <span class='ocrx_word' id='word_1_487' title='bbox 3019 468 3138 507; x_wconf 88' lang='lat' dir='ltr'><strong>nam</strong></span> <span class='ocrx_word' id='word_1_488' title='bbox 3166 452 3265 507; x_wconf 86' lang='lat' dir='ltr'><strong>etsi</strong></span> <span class='ocrx_word' id='word_1_489' title='bbox 3305 461 3469 506; x_wconf 88' lang='lat' dir='ltr'><strong>totum</strong></span> <span class='ocrx_word' id='word_1_490' title='bbox 3498 453 3754 506; x_wconf 86' lang='lat' dir='ltr'><strong>mundum</strong></span> <span class='ocrx_word' id='word_1_491' title='bbox 3780 454 3885 507; x_wconf 87' lang='lat' dir='ltr'><strong>illis</strong></span> 
     </span>
    </p>
   </div>
   <div class='ocr_carea' id='block_1_64' title="bbox 2302 544 3885 611">
    <p class='ocr_par' dir='ltr' id='par_1_64' title="bbox 2302 544 3885 611">
     <span class='ocr_line' id='line_1_64' title="bbox 2302 544 3885 611; baseline -0.003 -6"><span class='ocrx_word' id='word_1_492' title='bbox 2302 567 2365 605; x_wconf 78' lang='lat' dir='ltr'><strong>cs</strong></span> <span class='ocrx_word' id='word_1_493' title='bbox 2395 549 2621 607; x_wconf 76' lang='lat' dir='ltr'><strong>adverso</strong></span> <span class='ocrx_word' id='word_1_494' title='bbox 2648 546 2917 610; x_wconf 84' lang='lat' dir='ltr'><strong>statueris,</strong></span> <span class='ocrx_word' id='word_1_495' title='bbox 2969 546 3181 599; x_wconf 72' lang='lat' dir='ltr'><strong>invenio</strong></span> <span class='ocrx_word' id='word_1_496' title='bbox 3234 544 3349 596; x_wconf 88' lang='lat' dir='ltr'><strong>illos</strong></span> <span class='ocrx_word' id='word_1_497' title='bbox 3379 544 3551 611; x_wconf 80' lang='lat' dir='ltr'><strong>pretio</strong></span> <span class='ocrx_word' id='word_1_498' title='bbox 3600 544 3652 597; x_wconf 91' lang='lat' dir='ltr'><strong>in</strong></span> <span class='ocrx_word' id='word_1_499' title='bbox 3684 554 3885 601; x_wconf 78' lang='lat' dir='ltr'><strong>statera</strong></span> 
     </span>
    </p>
   </div>
   <div class='ocr_carea' id='block_1_65' title="bbox 2303 634 3884 711">
    <p class='ocr_par' dir='ltr' id='par_1_65' title="bbox 2303 634 3884 711">
     <span class='ocr_line' id='line_1_65' title="bbox 2303 634 3884 711; baseline -0.006 -16"><span class='ocrx_word' id='word_1_500' title='bbox 2303 637 2728 711; x_wconf 81' lang='lat' dir='ltr'><strong>pr.epunderare.</strong></span> <span class='ocrx_word' id='word_1_501' title='bbox 2761 636 2879 689; x_wconf 87' lang='lat' dir='ltr'><strong>Ideo</strong></span> <span class='ocrx_word' id='word_1_502' title='bbox 2902 634 3061 688; x_wconf 90' lang='lat' dir='ltr'><strong>etiam</strong></span> <span class='ocrx_word' id='word_1_503' title='bbox 3084 635 3160 688; x_wconf 92' lang='lat' dir='ltr'><strong>sic</strong></span> <span class='ocrx_word' id='word_1_504' title='bbox 3180 634 3329 698; x_wconf 79' lang='lat' dir='ltr'><strong>dixit,</strong></span> <span class='ocrx_word' id='word_1_505' title='bbox 3354 634 3546 699; x_wconf 76' lang='lat' dir='ltr'><strong>Quibus</strong></span> <span class='ocrx_word' id='word_1_506' title='bbox 3567 634 3753 703; x_wconf 75' lang='lat' dir='ltr'><strong>dignus</strong></span> <span class='ocrx_word' id='word_1_507' title='bbox 3784 652 3884 688; x_wconf 86' lang='lat' dir='ltr'><strong>non</strong></span> 
     </span>
    </p>
   </div>
   <div class='ocr_carea' id='block_1_66' title="bbox 2301 724 3885 795">
    <p class='ocr_par' dir='ltr' id='par_1_66' title="bbox 2301 724 3885 795">
     <span class='ocr_line' id='line_1_66' title="bbox 2301 724 3885 795; baseline -0.002 -12"><span class='ocrx_word' id='word_1_508' title='bbox 2301 740 2406 783; x_wconf 79' lang='lat' dir='ltr'><strong>erat</strong></span> <span class='ocrx_word' id='word_1_509' title='bbox 2432 730 2664 781; x_wconf 79' lang='lat' dir='ltr'><strong>mundus.</strong></span> <span class='ocrx_word' id='word_1_510' title='bbox 2708 724 2841 793; x_wconf 74' lang='lat' dir='ltr'><strong>Quid</strong></span> <span class='ocrx_word' id='word_1_511' title='bbox 2877 740 3006 793; x_wconf 77' lang='lat' dir='ltr'><strong>ergo</strong></span> <span class='ocrx_word' id='word_1_512' title='bbox 3048 724 3131 777; x_wconf 88' lang='lat' dir='ltr'><strong>hic</strong></span> <span class='ocrx_word' id='word_1_513' title='bbox 3173 734 3325 777; x_wconf 89' lang='lat' dir='ltr'><strong>erant</strong></span> <span class='ocrx_word' id='word_1_514' title='bbox 3362 726 3658 793; x_wconf 79' lang='lat' dir='ltr'><strong>accepturi,</strong></span> <span class='ocrx_word' id='word_1_515' title='bbox 3688 725 3885 795; x_wconf 87' lang='lat' dir='ltr'><strong>quibus</strong></span> 
     </span>
    </p>
   </div>
   <div class='ocr_carea' id='block_1_67' title="bbox 2303 814 3882 888">
    <p class='ocr_par' dir='ltr' id='par_1_67' title="bbox 2303 814 3882 888">
     <span class='ocr_line' id='line_1_67' title="bbox 2303 814 3882 888; baseline -0.002 -16"><span class='ocrx_word' id='word_1_516' title='bbox 2303 820 2431 874; x_wconf 86' lang='lat' dir='ltr'><strong>nihil</strong></span> <span class='ocrx_word' id='word_1_517' title='bbox 2485 820 2702 888; x_wconf 78' lang='lat' dir='ltr'><strong>dignum</strong></span> <span class='ocrx_word' id='word_1_518' title='bbox 2757 816 2936 871; x_wconf 87' lang='lat' dir='ltr'><strong>erat?</strong></span> <span class='ocrx_word' id='word_1_519' title='bbox 3007 814 3103 868; x_wconf 83' lang='lat' dir='ltr'><strong>llic</strong></span> <span class='ocrx_word' id='word_1_520' title='bbox 3161 829 3346 868; x_wconf 89' lang='lat' dir='ltr'><strong>eorum</strong></span> <span class='ocrx_word' id='word_1_521' title='bbox 3411 824 3641 869; x_wconf 79' lang='lat' dir='ltr'><strong>mentem</strong></span> <span class='ocrx_word' id='word_1_522' title='bbox 3686 817 3882 885; x_wconf 80' lang='lat' dir='ltr'><strong>erigit,</strong></span> 
     </span>
    </p>
   </div>
   <div class='ocr_carea' id='block_1_68' title="bbox 2300 906 3882 976">
    <p class='ocr_par' dir='ltr' id='par_1_68' title="bbox 2300 906 3882 976">
     <span class='ocr_line' id='line_1_68' title="bbox 2300 906 3882 976; baseline -0.004 -9"><span class='ocrx_word' id='word_1_523' title='bbox 2300 910 2547 967; x_wconf 87' lang='lat' dir='ltr'><strong>erudiens</strong></span> <span class='ocrx_word' id='word_1_524' title='bbox 2584 925 2650 963; x_wconf 87' lang='lat' dir='ltr'><strong>ne</strong></span> <span class='ocrx_word' id='word_1_525' title='bbox 2682 909 2791 961; x_wconf 89' lang='lat' dir='ltr'><strong>sint</strong></span> <span class='ocrx_word' id='word_1_526' title='bbox 2829 906 2970 959; x_wconf 79' lang='lat' dir='ltr'><strong>allixi</strong></span> <span class='ocrx_word' id='word_1_527' title='bbox 3028 906 3412 975; x_wconf 68' lang='lat' dir='ltr'><strong>praesentibus,</strong></span> <span class='ocrx_word' id='word_1_528' title='bbox 3467 918 3520 959; x_wconf 90' lang='lat' dir='ltr'><strong>et</strong></span> <span class='ocrx_word' id='word_1_529' title='bbox 3568 917 3628 961; x_wconf 91' lang='lat' dir='ltr'><strong>ut</strong></span> <span class='ocrx_word' id='word_1_530' title='bbox 3678 909 3882 976; x_wconf 80' lang='lat' dir='ltr'><strong>majora</strong></span> 
     </span>
    </p>
   </div>
   <div class='ocr_carea' id='block_1_69' title="bbox 2300 996 3881 1070">
    <p class='ocr_par' dir='ltr' id='par_1_69' title="bbox 2300 996 3881 1070">
     <span class='ocr_line' id='line_1_69' title="bbox 2300 996 3881 1070; baseline -0.002 -17"><span class='ocrx_word' id='word_1_531' title='bbox 2300 1003 2476 1054; x_wconf 89' lang='lat' dir='ltr'><strong>animo</strong></span> <span class='ocrx_word' id='word_1_532' title='bbox 2503 1000 2700 1070; x_wconf 82' lang='lat' dir='ltr'><strong>agitent</strong></span> <span class='ocrx_word' id='word_1_533' title='bbox 2726 996 2973 1052; x_wconf 88' lang='lat' dir='ltr'><strong>omnibus</strong></span> <span class='ocrx_word' id='word_1_534' title='bbox 2998 1011 3115 1064; x_wconf 66' lang='lat' dir='ltr'><strong>qua:</strong></span> <span class='ocrx_word' id='word_1_535' title='bbox 3152 1005 3275 1049; x_wconf 87' lang='lat' dir='ltr'><strong>sunt</strong></span> <span class='ocrx_word' id='word_1_536' title='bbox 3329 998 3379 1049; x_wconf 93' lang='lat' dir='ltr'><strong>in</strong></span> <span class='ocrx_word' id='word_1_537' title='bbox 3429 998 3533 1050; x_wconf 69' lang='lat' dir='ltr'><strong>vita</strong></span> <span class='ocrx_word' id='word_1_538' title='bbox 3595 1001 3881 1066; x_wconf 68' lang='lat' dir='ltr'><strong>praesenti;</strong></span> 
     </span>
    </p>
   </div>
   <div class='ocr_carea' id='block_1_70' title="bbox 2300 1086 3884 1159">
    <p class='ocr_par' dir='ltr' id='par_1_70' title="bbox 2300 1086 3884 1159">
     <span class='ocr_line' id='line_1_70' title="bbox 2300 1086 3884 1159; baseline -0.001 -15"><span class='ocrx_word' id='word_1_539' title='bbox 2300 1089 2560 1159; x_wconf 86' lang='lat' dir='ltr'><strong>siquidem</strong></span> <span class='ocrx_word' id='word_1_540' title='bbox 2616 1097 2758 1142; x_wconf 85' lang='lat' dir='ltr'><strong>totus</strong></span> <span class='ocrx_word' id='word_1_541' title='bbox 2813 1086 3041 1139; x_wconf 87' lang='lat' dir='ltr'><strong>mundus</strong></span> <span class='ocrx_word' id='word_1_542' title='bbox 3084 1100 3189 1139; x_wconf 89' lang='lat' dir='ltr'><strong>non</strong></span> <span class='ocrx_word' id='word_1_543' title='bbox 3240 1094 3323 1139; x_wconf 87' lang='lat' dir='ltr'><strong>est</strong></span> <span class='ocrx_word' id='word_1_544' title='bbox 3368 1086 3431 1139; x_wconf 86' lang='lat' dir='ltr'><strong>iis</strong></span> <span class='ocrx_word' id='word_1_545' title='bbox 3480 1086 3696 1157; x_wconf 81' lang='lat' dir='ltr'><strong>dignus.</strong></span> <span class='ocrx_word' id='word_1_546' title='bbox 3746 1088 3884 1155; x_wconf 81' lang='lat' dir='ltr'><strong>Quid</strong></span> 
     </span>
    </p>
   </div>
   <div class='ocr_carea' id='block_1_71' title="bbox 2300 1178 3885 1253">
    <p class='ocr_par' dir='ltr' id='par_1_71' title="bbox 2300 1178 3885 1253">
     <span class='ocr_line' id='line_1_71' title="bbox 2300 1178 3885 1253; baseline -0.004 -14"><span class='ocrx_word' id='word_1_547' title='bbox 2300 1198 2429 1253; x_wconf 79' lang='lat' dir='ltr'><strong>ergo</strong></span> <span class='ocrx_word' id='word_1_548' title='bbox 2480 1183 2560 1237; x_wconf 73' lang='lat' dir='ltr'><strong>vis</strong></span> <span class='ocrx_word' id='word_1_549' title='bbox 2612 1180 2698 1235; x_wconf 91' lang='lat' dir='ltr'><strong>hic</strong></span> <span class='ocrx_word' id='word_1_550' title='bbox 2751 1179 3030 1248; x_wconf 82' lang='lat' dir='ltr'><strong>accipere?</strong></span> <span class='ocrx_word' id='word_1_551' title='bbox 3086 1178 3333 1245; x_wconf 90' lang='lat' dir='ltr'><strong>probrum</strong></span> <span class='ocrx_word' id='word_1_552' title='bbox 3386 1188 3469 1232; x_wconf 79' lang='lat' dir='ltr'><strong>est</strong></span> <span class='ocrx_word' id='word_1_553' title='bbox 3514 1189 3568 1232; x_wconf 88' lang='lat' dir='ltr'><strong>ct</strong></span> <span class='ocrx_word' id='word_1_554' title='bbox 3606 1194 3885 1233; x_wconf 85' lang='lat' dir='ltr'><strong>contume-</strong></span> 
     </span>
    </p>
   </div>
   <div class='ocr_carea' id='block_1_72' title="bbox 2302 1266 3881 1339">
    <p class='ocr_par' dir='ltr' id='par_1_72' title="bbox 2302 1266 3881 1339">
     <span class='ocr_line' id='line_1_72' title="bbox 2302 1266 3881 1339; baseline -0.003 -12"><span class='ocrx_word' id='word_1_555' title='bbox 2302 1275 2389 1333; x_wconf 89' lang='lat' dir='ltr'><strong>lia.</strong></span> <span class='ocrx_word' id='word_1_556' title='bbox 2427 1272 2470 1326; x_wconf 90' lang='lat' dir='ltr'><strong>si</strong></span> <span class='ocrx_word' id='word_1_557' title='bbox 2515 1271 2601 1325; x_wconf 91' lang='lat' dir='ltr'><strong>hic</strong></span> <span class='ocrx_word' id='word_1_558' title='bbox 2643 1268 3269 1335; x_wconf 73' lang='lat' dir='ltr'><strong>mercedem-acceperis.</strong></span> <span class='ocrx_word' id='word_1_559' title='bbox 3312 1266 3387 1320; x_wconf 76' lang='lat' dir='ltr'><strong>Ne</strong></span> <span class='ocrx_word' id='word_1_560' title='bbox 3435 1267 3704 1322; x_wconf 87' lang='lat' dir='ltr'><strong>mundana</strong></span> <span class='ocrx_word' id='word_1_561' title='bbox 3753 1285 3881 1339; x_wconf 79' lang='lat' dir='ltr'><strong>ergo</strong></span> 
     </span>
    </p>
   </div>
   <div class='ocr_carea' id='block_1_73' title="bbox 2298 1353 3875 1425">
    <p class='ocr_par' dir='ltr' id='par_1_73' title="bbox 2298 1353 3875 1425">
     <span class='ocr_line' id='line_1_73' title="bbox 2298 1353 3875 1425; baseline -0.001 -16"><span class='ocrx_word' id='word_1_562' title='bbox 2298 1364 2476 1412; x_wconf 87' lang='lat' dir='ltr'><strong>mente</strong></span> <span class='ocrx_word' id='word_1_563' title='bbox 2510 1355 2772 1425; x_wconf 75' lang='lat' dir='ltr'><strong>agitemus</strong></span> <span class='ocrx_word' id='word_1_564' title='bbox 2792 1395 2807 1420; x_wconf 90' lang='lat'><strong>,</strong></span> <span class='ocrx_word' id='word_1_565' title='bbox 2845 1368 3017 1423; x_wconf 88' lang='lat' dir='ltr'><strong>neque</strong></span> <span class='ocrx_word' id='word_1_566' title='bbox 3043 1353 3130 1407; x_wconf 89' lang='lat' dir='ltr'><strong>hic</strong></span> <span class='ocrx_word' id='word_1_567' title='bbox 3154 1369 3454 1423; x_wconf 76' lang='lat' dir='ltr'><strong>quzeramus</strong></span> <span class='ocrx_word' id='word_1_568' title='bbox 3480 1357 3875 1409; x_wconf 69' lang='lat' dir='ltr'><strong>remuneratio-</strong></span> 
     </span>
    </p>
   </div>
   <div class='ocr_carea' id='block_1_74' title="bbox 2299 1443 3875 1514">
    <p class='ocr_par' dir='ltr' id='par_1_74' title="bbox 2299 1443 3875 1514">
     <span class='ocr_line' id='line_1_74' title="bbox 2299 1443 3875 1514; baseline 0 -16"><span class='ocrx_word' id='word_1_569' title='bbox 2299 1460 2440 1509; x_wconf 88' lang='lat' dir='ltr'><strong>nc.n,</strong></span> <span class='ocrx_word' id='word_1_570' title='bbox 2466 1459 2637 1514; x_wconf 89' lang='lat' dir='ltr'><strong>neque</strong></span> <span class='ocrx_word' id='word_1_571' title='bbox 2666 1444 2833 1498; x_wconf 87' lang='lat' dir='ltr'><strong>simus</strong></span> <span class='ocrx_word' id='word_1_572' title='bbox 2853 1443 2985 1497; x_wconf 90' lang='lat' dir='ltr'><strong>adeo</strong></span> <span class='ocrx_word' id='word_1_573' title='bbox 3008 1458 3269 1513; x_wconf 80' lang='lat' dir='ltr'><strong>pauperes</strong></span> <span class='ocrx_word' id='word_1_574' title='bbox 3297 1461 3308 1496; x_wconf 95' lang='lat'>:</span> <span class='ocrx_word' id='word_1_575' title='bbox 3341 1459 3458 1498; x_wconf 90' lang='lat' dir='ltr'><strong>nam</strong></span> <span class='ocrx_word' id='word_1_576' title='bbox 3480 1444 3525 1499; x_wconf 89' lang='lat' dir='ltr'><strong>si</strong></span> <span class='ocrx_word' id='word_1_577' title='bbox 3550 1456 3694 1498; x_wconf 77' lang='lat' dir='ltr'><strong>torus</strong></span> <span class='ocrx_word' id='word_1_578' title='bbox 3722 1460 3875 1498; x_wconf 70' lang='lat' dir='ltr'><strong>mliti-</strong></span> 
     </span>
    </p>
   </div>
   <div class='ocr_carea' id='block_1_75' title="bbox 2298 1534 3871 1606">
    <p class='ocr_par' dir='ltr' id='par_1_75' title="bbox 2298 1534 3871 1606">
     <span class='ocr_line' id='line_1_75' title="bbox 2298 1534 3871 1606; baseline 0.001 -17"><span class='ocrx_word' id='word_1_579' title='bbox 2298 1534 2398 1589; x_wconf 84' lang='lat' dir='ltr'><strong>dus</strong></span> <span class='ocrx_word' id='word_1_580' title='bbox 2426 1550 2529 1589; x_wconf 91' lang='lat' dir='ltr'><strong>non</strong></span> <span class='ocrx_word' id='word_1_581' title='bbox 2553 1545 2634 1589; x_wconf 87' lang='lat' dir='ltr'><strong>est</strong></span> <span class='ocrx_word' id='word_1_582' title='bbox 2658 1535 2739 1589; x_wconf 92' lang='lat' dir='ltr'><strong>his</strong></span> <span class='ocrx_word' id='word_1_583' title='bbox 2767 1534 2955 1603; x_wconf 80' lang='lat' dir='ltr'><strong>dignus</strong></span> <span class='ocrx_word' id='word_1_584' title='bbox 2974 1574 2988 1599; x_wconf 90' lang='lat'><strong>,</strong></span> <span class='ocrx_word' id='word_1_585' title='bbox 3016 1534 3141 1604; x_wconf 87' lang='lat' dir='ltr'><strong>quid</strong></span> <span class='ocrx_word' id='word_1_586' title='bbox 3176 1544 3374 1602; x_wconf 81' lang='lat' dir='ltr'><strong>partem</strong></span> <span class='ocrx_word' id='word_1_587' title='bbox 3403 1535 3636 1606; x_wconf 76' lang='lat' dir='ltr'><strong>qua-ris?</strong></span> <span class='ocrx_word' id='word_1_588' title='bbox 3665 1534 3733 1588; x_wconf 69' lang='lat' dir='ltr'><strong>Et</strong></span> <span class='ocrx_word' id='word_1_589' title='bbox 3758 1552 3871 1590; x_wconf 91' lang='lat' dir='ltr'><strong>mc-</strong></span> 
     </span>
    </p>
   </div>
   <div class='ocr_carea' id='block_1_76' title="bbox 2298 1626 3877 1696">
    <p class='ocr_par' dir='ltr' id='par_1_76' title="bbox 2298 1626 3877 1696">
     <span class='ocr_line' id='line_1_76' title="bbox 2298 1626 3877 1696; baseline 0.003 -19"><span class='ocrx_word' id='word_1_590' title='bbox 2298 1626 2440 1680; x_wconf 89' lang='lat' dir='ltr'><strong>rito:</strong></span> <span class='ocrx_word' id='word_1_591' title='bbox 2471 1634 2593 1680; x_wconf 92' lang='lat' dir='ltr'><strong>sunt</strong></span> <span class='ocrx_word' id='word_1_592' title='bbox 2632 1626 2772 1681; x_wconf 89' lang='lat' dir='ltr'><strong>enim</strong></span> <span class='ocrx_word' id='word_1_593' title='bbox 2814 1626 2970 1680; x_wconf 91' lang='lat' dir='ltr'><strong>amici</strong></span> <span class='ocrx_word' id='word_1_594' title='bbox 3014 1626 3127 1680; x_wconf 87' lang='lat' dir='ltr'><strong>Dei.</strong></span> <span class='ocrx_word' id='word_1_595' title='bbox 3174 1626 3423 1680; x_wconf 79' lang='lat' dir='ltr'><strong>Mundam</strong></span> <span class='ocrx_word' id='word_1_596' title='bbox 3463 1643 3593 1696; x_wconf 77' lang='lat' dir='ltr'><strong>ergo</strong></span> <span class='ocrx_word' id='word_1_597' title='bbox 3627 1629 3713 1683; x_wconf 92' lang='lat' dir='ltr'><strong>hic</strong></span> <span class='ocrx_word' id='word_1_598' title='bbox 3748 1628 3877 1682; x_wconf 75' lang='lat' dir='ltr'><strong>dicit</strong></span> 
     </span>
    </p>
   </div>
   <div class='ocr_carea' id='block_1_77' title="bbox 2298 1716 3875 1786">
    <p class='ocr_par' dir='ltr' id='par_1_77' title="bbox 2298 1716 3875 1786">
     <span class='ocr_line' id='line_1_77' title="bbox 2298 1716 3875 1786; baseline 0.001 -17"><span class='ocrx_word' id='word_1_599' title='bbox 2298 1716 2707 1781; x_wconf 89' lang='lat' dir='ltr'><strong>multitudinem,</strong></span> <span class='ocrx_word' id='word_1_600' title='bbox 2737 1725 2827 1769; x_wconf 90' lang='lat' dir='ltr'><strong>aut</strong></span> <span class='ocrx_word' id='word_1_601' title='bbox 2859 1717 3023 1785; x_wconf 79' lang='lat' dir='ltr'><strong>ipsam</strong></span> <span class='ocrx_word' id='word_1_602' title='bbox 3052 1727 3349 1771; x_wconf 87' lang='lat' dir='ltr'><strong>creaturam</strong></span> <span class='ocrx_word' id='word_1_603' title='bbox 3376 1734 3389 1770; x_wconf 93' lang='lat'>:</span> <span class='ocrx_word' id='word_1_604' title='bbox 3420 1728 3705 1786; x_wconf 85' lang='lat' dir='ltr'><strong>utrumque</strong></span> <span class='ocrx_word' id='word_1_605' title='bbox 3731 1719 3875 1772; x_wconf 89' lang='lat' dir='ltr'><strong>enim</strong></span> 
     </span>
    </p>
   </div>
   <div class='ocr_carea' id='block_1_78' title="bbox 2296 1807 3875 1877">
    <p class='ocr_par' dir='ltr' id='par_1_78' title="bbox 2296 1807 3875 1877">
     <span class='ocr_line' id='line_1_78' title="bbox 2296 1807 3875 1877; baseline 0.001 -16"><span class='ocrx_word' id='word_1_606' title='bbox 2296 1807 2433 1862; x_wconf 84' lang='lat' dir='ltr'><strong>solet</strong></span> <span class='ocrx_word' id='word_1_607' title='bbox 2469 1807 2645 1861; x_wconf 89' lang='lat' dir='ltr'><strong>dicere</strong></span> <span class='ocrx_word' id='word_1_608' title='bbox 2685 1808 2975 1876; x_wconf 85' lang='lat' dir='ltr'><strong>Scriptura.</strong></span> <span class='ocrx_word' id='word_1_609' title='bbox 3007 1808 3062 1862; x_wconf 86' lang='lat' dir='ltr'><strong>Si</strong></span> <span class='ocrx_word' id='word_1_610' title='bbox 3092 1809 3361 1869; x_wconf 75' lang='lat' dir='ltr'><strong>universa,</strong></span> <span class='ocrx_word' id='word_1_611' title='bbox 3392 1808 3591 1877; x_wconf 89' lang='lat' dir='ltr'><strong>inquit,</strong></span> <span class='ocrx_word' id='word_1_612' title='bbox 3623 1819 3875 1863; x_wconf 79' lang='lat' dir='ltr'><strong>creatura</strong></span> 
     </span>
    </p>
   </div>
   <div class='ocr_carea' id='block_1_79' title="bbox 2302 1895 3877 1965">
    <p class='ocr_par' dir='ltr' id='par_1_79' title="bbox 2302 1895 3877 1965">
     <span class='ocr_line' id='line_1_79' title="bbox 2302 1895 3877 1965; baseline -0.001 -15"><span class='ocrx_word' id='word_1_613' title='bbox 2302 1897 2468 1964; x_wconf 76' lang='lat' dir='ltr'><strong>posita</strong></span> <span class='ocrx_word' id='word_1_614' title='bbox 2497 1895 2654 1949; x_wconf 80' lang='lat' dir='ltr'><strong>fuerit</strong></span> <span class='ocrx_word' id='word_1_615' title='bbox 2674 1912 2793 1949; x_wconf 89' lang='lat' dir='ltr'><strong>cum</strong></span> <span class='ocrx_word' id='word_1_616' title='bbox 2822 1896 2931 1949; x_wconf 87' lang='lat' dir='ltr'><strong>suis</strong></span> <span class='ocrx_word' id='word_1_617' title='bbox 2960 1895 3261 1949; x_wconf 88' lang='lat' dir='ltr'><strong>hominibus</strong></span> <span class='ocrx_word' id='word_1_618' title='bbox 3282 1937 3295 1959; x_wconf 93' lang='lat'><strong>,</strong></span> <span class='ocrx_word' id='word_1_619' title='bbox 3327 1897 3560 1949; x_wconf 81' lang='lat' dir='ltr'><strong>nondum</strong></span> <span class='ocrx_word' id='word_1_620' title='bbox 3588 1896 3877 1965; x_wconf 66' lang='lat' dir='ltr'><strong>atquabunt</strong></span> 
     </span>
    </p>
   </div>
   <div class='ocr_carea' id='block_1_80' title="bbox 2300 1986 3877 2055">
    <p class='ocr_par' dir='ltr' id='par_1_80' title="bbox 2300 1986 3877 2055">
     <span class='ocr_line' id='line_1_80' title="bbox 2300 1986 3877 2055; baseline 0.001 -14"><span class='ocrx_word' id='word_1_621' title='bbox 2300 2002 2483 2041; x_wconf 86' lang='lat' dir='ltr'><strong>eorum</strong></span> <span class='ocrx_word' id='word_1_622' title='bbox 2531 1987 2754 2055; x_wconf 89' lang='lat' dir='ltr'><strong>pretium</strong></span> <span class='ocrx_word' id='word_1_623' title='bbox 2791 2006 2803 2041; x_wconf 94' lang='lat'><strong>:</strong></span> <span class='ocrx_word' id='word_1_624' title='bbox 2830 1996 2884 2041; x_wconf 88' lang='lat' dir='ltr'><strong>et</strong></span> <span class='ocrx_word' id='word_1_625' title='bbox 2914 1989 3123 2041; x_wconf 87' lang='lat' dir='ltr'><strong>merito.</strong></span> <span class='ocrx_word' id='word_1_626' title='bbox 3170 1986 3316 2041; x_wconf 88' lang='lat' dir='ltr'><strong>Sicut</strong></span> <span class='ocrx_word' id='word_1_627' title='bbox 3347 1988 3485 2040; x_wconf 86' lang='lat' dir='ltr'><strong>enim</strong></span> <span class='ocrx_word' id='word_1_628' title='bbox 3518 1987 3698 2042; x_wconf 87' lang='lat' dir='ltr'><strong>decies</strong></span> <span class='ocrx_word' id='word_1_629' title='bbox 3726 1988 3877 2042; x_wconf 81' lang='lat' dir='ltr'><strong>mille</strong></span> 
     </span>
    </p>
   </div>
   <div class='ocr_carea' id='block_1_81' title="bbox 2302 2077 3875 2148">
    <p class='ocr_par' dir='ltr' id='par_1_81' title="bbox 2302 2077 3875 2148">
     <span class='ocr_line' id='line_1_81' title="bbox 2302 2077 3875 2148; baseline -0.001 -17"><span class='ocrx_word' id='word_1_630' title='bbox 2302 2078 2476 2147; x_wconf 91' lang='lat' dir='ltr'><strong>pondo</strong></span> <span class='ocrx_word' id='word_1_631' title='bbox 2501 2078 2666 2148; x_wconf 68' lang='lat' dir='ltr'><strong>palea:</strong></span> <span class='ocrx_word' id='word_1_632' title='bbox 2695 2087 2750 2133; x_wconf 88' lang='lat' dir='ltr'><strong>et</strong></span> <span class='ocrx_word' id='word_1_633' title='bbox 2780 2077 2905 2132; x_wconf 71' lang='lat' dir='ltr'><strong>l‘mui</strong></span> <span class='ocrx_word' id='word_1_634' title='bbox 2936 2093 3038 2131; x_wconf 92' lang='lat' dir='ltr'><strong>non</strong></span> <span class='ocrx_word' id='word_1_635' title='bbox 3064 2078 3395 2147; x_wconf 75' lang='lat' dir='ltr'><strong>tequaverint</strong></span> <span class='ocrx_word' id='word_1_636' title='bbox 3426 2079 3651 2147; x_wconf 89' lang='lat' dir='ltr'><strong>pretium</strong></span> <span class='ocrx_word' id='word_1_637' title='bbox 3683 2079 3875 2133; x_wconf 87' lang='lat' dir='ltr'><strong>decem</strong></span> 
     </span>
    </p>
   </div>
   <div class='ocr_carea' id='block_1_82' title="bbox 2301 2168 3876 2239">
    <p class='ocr_par' dir='ltr' id='par_1_82' title="bbox 2301 2168 3876 2239">
     <span class='ocr_line' id='line_1_82' title="bbox 2301 2168 3876 2239; baseline 0 -17"><span class='ocrx_word' id='word_1_638' title='bbox 2301 2170 2727 2238; x_wconf 79' lang='lat' dir='ltr'><strong>margaritarum,</strong></span> <span class='ocrx_word' id='word_1_639' title='bbox 2758 2170 2826 2221; x_wconf 89' lang='lat' dir='ltr'><strong>ita</strong></span> <span class='ocrx_word' id='word_1_640' title='bbox 2858 2184 2954 2222; x_wconf 86' lang='lat' dir='ltr'><strong>nec</strong></span> <span class='ocrx_word' id='word_1_641' title='bbox 2980 2169 3053 2222; x_wconf 90' lang='lat' dir='ltr'><strong>illi</strong></span> <span class='ocrx_word' id='word_1_642' title='bbox 3083 2186 3097 2221; x_wconf 90' lang='lat'><strong>:</strong></span> <span class='ocrx_word' id='word_1_643' title='bbox 3126 2168 3310 2222; x_wconf 74' lang='lat' dir='ltr'><strong>Melior</strong></span> <span class='ocrx_word' id='word_1_644' title='bbox 3342 2181 3413 2223; x_wconf 83' lang='lat' dir='ltr'><strong>cst</strong></span> <span class='ocrx_word' id='word_1_645' title='bbox 3448 2175 3581 2224; x_wconf 84' lang='lat' dir='ltr'><strong>enim</strong></span> <span class='ocrx_word' id='word_1_646' title='bbox 3619 2188 3750 2223; x_wconf 78' lang='lat' dir='ltr'><strong>unus</strong></span> <span class='ocrx_word' id='word_1_647' title='bbox 3791 2174 3876 2239; x_wconf 78' lang='lat' dir='ltr'><strong>[n-</strong></span> 
     </span>
    </p>
   </div>
   <div class='ocr_carea' id='block_1_83' title="bbox 2300 2259 3877 2328">
    <p class='ocr_par' dir='ltr' id='par_1_83' title="bbox 2300 2259 3877 2328">
     <span class='ocr_line' id='line_1_83' title="bbox 2300 2259 3877 2328; baseline 0.001 -15"><span class='ocrx_word' id='word_1_648' title='bbox 2300 2261 2434 2313; x_wconf 81' lang='lat' dir='ltr'><strong>ciens</strong></span> <span class='ocrx_word' id='word_1_649' title='bbox 2478 2260 2781 2313; x_wconf 68' lang='lat' dir='ltr'><strong>voluntatem</strong></span> <span class='ocrx_word' id='word_1_650' title='bbox 2830 2259 3074 2325; x_wconf 88' lang='lat' dir='ltr'><strong>Domini,</strong></span> <span class='ocrx_word' id='word_1_651' title='bbox 3128 2276 3280 2328; x_wconf 83' lang='lat' dir='ltr'><strong>quam</strong></span> <span class='ocrx_word' id='word_1_652' title='bbox 3328 2260 3490 2320; x_wconf 72' lang='lat' dir='ltr'><strong>decies</strong></span> <span class='ocrx_word' id='word_1_653' title='bbox 3535 2262 3672 2314; x_wconf 77' lang='lat' dir='ltr'><strong>mille</strong></span> <span class='ocrx_word' id='word_1_654' title='bbox 3716 2262 3877 2327; x_wconf 79' lang='lat' dir='ltr'><strong>iniqui</strong></span> 
     </span>
    </p>
   </div>
   <div class='ocr_carea' id='block_1_84' title="bbox 2303 2350 3879 2420">
    <p class='ocr_par' dir='ltr' id='par_1_84' title="bbox 2303 2350 3879 2420">
     <span class='ocr_line' id='line_1_84' title="bbox 2303 2350 3879 2420; baseline 0.003 -17"><span class='ocrx_word' id='word_1_655' title='bbox 2303 2350 2485 2420; x_wconf 84' lang='lat' dir='ltr'><strong>(Eccli.</strong></span> <span class='ocrx_word' id='word_1_656' title='bbox 2509 2352 2594 2405; x_wconf 79' lang='lat' dir='ltr'><strong>lli.</strong></span> <span class='ocrx_word' id='word_1_657' title='bbox 2621 2351 2695 2419; x_wconf 78' lang='lat'><strong>&#39;5);</strong></span> <span class='ocrx_word' id='word_1_658' title='bbox 2725 2351 2900 2405; x_wconf 87' lang='lat' dir='ltr'><strong>decies</strong></span> <span class='ocrx_word' id='word_1_659' title='bbox 2926 2352 3069 2405; x_wconf 89' lang='lat' dir='ltr'><strong>mille</strong></span> <span class='ocrx_word' id='word_1_660' title='bbox 3098 2367 3199 2405; x_wconf 81' lang='lat' dir='ltr'><strong>non</strong></span> <span class='ocrx_word' id='word_1_661' title='bbox 3229 2353 3425 2407; x_wconf 77' lang='lat' dir='ltr'><strong>mullos</strong></span> <span class='ocrx_word' id='word_1_662' title='bbox 3444 2354 3648 2417; x_wconf 80' lang='lat' dir='ltr'><strong>dicens,</strong></span> <span class='ocrx_word' id='word_1_663' title='bbox 3672 2353 3766 2407; x_wconf 92' lang='lat' dir='ltr'><strong>sed</strong></span> <span class='ocrx_word' id='word_1_664' title='bbox 3799 2355 3879 2407; x_wconf 90' lang='lat' dir='ltr'><strong>in-</strong></span> 
     </span>
    </p>
   </div>
   <div class='ocr_carea' id='block_1_85' title="bbox 2303 2443 3875 2514">
    <p class='ocr_par' dir='ltr' id='par_1_85' title="bbox 2303 2443 3875 2514">
     <span class='ocr_line' id='line_1_85' title="bbox 2303 2443 3875 2514; baseline 0.001 -18"><span class='ocrx_word' id='word_1_665' title='bbox 2303 2444 2502 2497; x_wconf 89' lang='lat' dir='ltr'><strong>tinitam</strong></span> <span class='ocrx_word' id='word_1_666' title='bbox 2526 2444 2938 2497; x_wconf 88' lang='lat' dir='ltr'><strong>multitudinem.</strong></span> <span class='ocrx_word' id='word_1_667' title='bbox 2966 2443 3147 2514; x_wconf 75' lang='lat' dir='ltr'><strong>Cogita</strong></span> <span class='ocrx_word' id='word_1_668' title='bbox 3170 2454 3364 2513; x_wconf 87' lang='lat' dir='ltr'><strong>quanta</strong></span> <span class='ocrx_word' id='word_1_669' title='bbox 3389 2460 3472 2499; x_wconf 89' lang='lat' dir='ltr'><strong>res</strong></span> <span class='ocrx_word' id='word_1_670' title='bbox 3493 2446 3561 2499; x_wconf 90' lang='lat' dir='ltr'><strong>sit</strong></span> <span class='ocrx_word' id='word_1_671' title='bbox 3582 2446 3875 2513; x_wconf 65' lang='lat' dir='ltr'><strong>virjustus.</strong></span> 
     </span>
    </p>
   </div>
   <div class='ocr_carea' id='block_1_86' title="bbox 2304 2533 3878 2599">
    <p class='ocr_par' dir='ltr' id='par_1_86' title="bbox 2304 2533 3878 2599">
     <span class='ocr_line' id='line_1_86' title="bbox 2304 2533 3878 2599; baseline 0 -12"><span class='ocrx_word' id='word_1_672' title='bbox 2304 2534 2443 2588; x_wconf 73' lang='lat' dir='ltr'><strong>Dixit</strong></span> <span class='ocrx_word' id='word_1_673' title='bbox 2464 2533 2613 2588; x_wconf 71' lang='lat' dir='ltr'><strong>Iesus</strong></span> <span class='ocrx_word' id='word_1_674' title='bbox 2640 2533 2802 2599; x_wconf 83' lang='lat' dir='ltr'><strong>Nave,</strong></span> <span class='ocrx_word' id='word_1_675' title='bbox 2833 2535 2941 2588; x_wconf 82' lang='lat' dir='ltr'><strong>Stet</strong></span> <span class='ocrx_word' id='word_1_676' title='bbox 2966 2537 3044 2588; x_wconf 84' lang='lat' dir='ltr'><strong>sol</strong></span> <span class='ocrx_word' id='word_1_677' title='bbox 3070 2546 3243 2589; x_wconf 81' lang='lat' dir='ltr'><strong>contra</strong></span> <span class='ocrx_word' id='word_1_678' title='bbox 3272 2535 3499 2595; x_wconf 69' lang='lat' dir='ltr'><strong>(inbuan.</strong></span> <span class='ocrx_word' id='word_1_679' title='bbox 3522 2547 3569 2589; x_wconf 90' lang='lat' dir='ltr'><strong>et</strong></span> <span class='ocrx_word' id='word_1_680' title='bbox 3598 2538 3721 2588; x_wconf 81' lang='lat' dir='ltr'><strong>Imm</strong></span> <span class='ocrx_word' id='word_1_681' title='bbox 3749 2554 3878 2589; x_wconf 82' lang='lat' dir='ltr'><strong>ron-</strong></span> 
     </span>
    </p>
   </div>
   <div class='ocr_carea' id='block_1_87' title="bbox 2302 2623 3880 2695">
    <p class='ocr_par' dir='ltr' id='par_1_87' title="bbox 2302 2623 3880 2695">
     <span class='ocr_line' id='line_1_87' title="bbox 2302 2623 3880 2695; baseline 0.003 -18"><span class='ocrx_word' id='word_1_682' title='bbox 2302 2636 2379 2678; x_wconf 89' lang='lat' dir='ltr'><strong>lra</strong></span> <span class='ocrx_word' id='word_1_683' title='bbox 2408 2626 2584 2679; x_wconf 72' lang='lat' dir='ltr'><strong>callem</strong></span> <span class='ocrx_word' id='word_1_684' title='bbox 2616 2623 2800 2690; x_wconf 85' lang='lat' dir='ltr'><strong>Elom;</strong></span> <span class='ocrx_word' id='word_1_685' title='bbox 2840 2637 2884 2678; x_wconf 80' lang='lat' dir='ltr'><strong>et</strong></span> <span class='ocrx_word' id='word_1_686' title='bbox 2921 2629 3108 2695; x_wconf 72' lang='lat' dir='ltr'><strong>factum</strong></span> <span class='ocrx_word' id='word_1_687' title='bbox 3134 2637 3204 2679; x_wconf 79' lang='lat' dir='ltr'><strong>est</strong></span> <span class='ocrx_word' id='word_1_688' title='bbox 3236 2626 3381 2694; x_wconf 83' lang='lat' dir='ltr'><strong>(Jos.</strong></span> <span class='ocrx_word' id='word_1_689' title='bbox 3409 2629 3495 2681; x_wconf 75' lang='grc'><strong>10.</strong></span> <span class='ocrx_word' id='word_1_690' title='bbox 3529 2626 3649 2694; x_wconf 77' lang='grc'><strong>12).</strong></span> <span class='ocrx_word' id='word_1_691' title='bbox 3689 2626 3799 2681; x_wconf 69' lang='lat' dir='ltr'><strong>Ven</strong></span> <span class='ocrx_word' id='word_1_692' title='bbox 3826 2638 3880 2682; x_wconf 75' lang='lat' dir='ltr'><strong>at</strong></span> 
     </span>
    </p>
   </div>
   <div class='ocr_carea' id='block_1_88' title="bbox 2304 2716 3880 2785">
    <p class='ocr_par' dir='ltr' id='par_1_88' title="bbox 2304 2716 3880 2785">
     <span class='ocr_line' id='line_1_88' title="bbox 2304 2716 3880 2785; baseline -0.001 -15"><span class='ocrx_word' id='word_1_693' title='bbox 2304 2730 2439 2785; x_wconf 81' lang='lat' dir='ltr'><strong>ergo</strong></span> <span class='ocrx_word' id='word_1_694' title='bbox 2471 2717 2747 2771; x_wconf 80' lang='lat' dir='ltr'><strong>universus</strong></span> <span class='ocrx_word' id='word_1_695' title='bbox 2787 2716 2929 2770; x_wconf 81' lang='lat' dir='ltr'><strong>orbis</strong></span> <span class='ocrx_word' id='word_1_696' title='bbox 2970 2726 3122 2769; x_wconf 79' lang='lat' dir='ltr'><strong>terra:</strong></span> <span class='ocrx_word' id='word_1_697' title='bbox 3148 2758 3161 2779; x_wconf 91' lang='lat'><strong>,</strong></span> <span class='ocrx_word' id='word_1_698' title='bbox 3208 2718 3311 2769; x_wconf 87' lang='lat' dir='ltr'><strong>imo</strong></span> <span class='ocrx_word' id='word_1_699' title='bbox 3355 2732 3478 2772; x_wconf 78' lang='lat' dir='ltr'><strong>vero</strong></span> <span class='ocrx_word' id='word_1_700' title='bbox 3515 2717 3656 2781; x_wconf 88' lang='lat' dir='ltr'><strong>duo,</strong></span> <span class='ocrx_word' id='word_1_701' title='bbox 3688 2728 3743 2771; x_wconf 89' lang='lat' dir='ltr'><strong>ct</strong></span> <span class='ocrx_word' id='word_1_702' title='bbox 3772 2730 3880 2771; x_wconf 72' lang='lat' dir='ltr'><strong>tres</strong></span> 
     </span>
    </p>
   </div>
   <div class='ocr_carea' id='block_1_89' title="bbox 2305 2806 3880 2873">
    <p class='ocr_par' dir='ltr' id='par_1_89' title="bbox 2305 2806 3880 2873">
     <span class='ocr_line' id='line_1_89' title="bbox 2305 2806 3880 2873; baseline 0.001 -14"><span class='ocrx_word' id='word_1_703' title='bbox 2305 2808 2484 2871; x_wconf 89' lang='lat' dir='ltr'><strong>etiatn,</strong></span> <span class='ocrx_word' id='word_1_704' title='bbox 2517 2816 2573 2861; x_wconf 88' lang='lat' dir='ltr'><strong>et</strong></span> <span class='ocrx_word' id='word_1_705' title='bbox 2609 2815 2853 2873; x_wconf 84' lang='lat' dir='ltr'><strong>quatuor,</strong></span> <span class='ocrx_word' id='word_1_706' title='bbox 2897 2816 2949 2860; x_wconf 91' lang='lat' dir='ltr'><strong>et</strong></span> <span class='ocrx_word' id='word_1_707' title='bbox 2992 2806 3170 2873; x_wconf 71' lang='lat' dir='ltr'><strong>viginti</strong></span> <span class='ocrx_word' id='word_1_708' title='bbox 3213 2807 3372 2859; x_wconf 82' lang='lat' dir='ltr'><strong>orbes</strong></span> <span class='ocrx_word' id='word_1_709' title='bbox 3414 2816 3587 2867; x_wconf 81' lang='lat' dir='ltr'><strong>teme,</strong></span> <span class='ocrx_word' id='word_1_710' title='bbox 3618 2816 3671 2861; x_wconf 93' lang='lat' dir='ltr'><strong>ct</strong></span> <span class='ocrx_word' id='word_1_711' title='bbox 3700 2808 3880 2861; x_wconf 71' lang='lat' dir='ltr'><strong>dicant</strong></span> 
     </span>
    </p>
   </div>
   <div class='ocr_carea' id='block_1_90' title="bbox 2306 2895 3880 2963">
    <p class='ocr_par' dir='ltr' id='par_1_90' title="bbox 2306 2895 3880 2963">
     <span class='ocr_line' id='line_1_90' title="bbox 2306 2895 3880 2963; baseline -0.001 -13"><span class='ocrx_word' id='word_1_712' title='bbox 2306 2898 2405 2951; x_wconf 89' lang='lat' dir='ltr'><strong>hoc</strong></span> <span class='ocrx_word' id='word_1_713' title='bbox 2433 2907 2487 2951; x_wconf 92' lang='lat' dir='ltr'><strong>ct</strong></span> <span class='ocrx_word' id='word_1_714' title='bbox 2514 2898 2735 2961; x_wconf 79' lang='lat' dir='ltr'><strong>iaciant;</strong></span> <span class='ocrx_word' id='word_1_715' title='bbox 2779 2895 2873 2950; x_wconf 88' lang='lat' dir='ltr'><strong>scd</strong></span> <span class='ocrx_word' id='word_1_716' title='bbox 2913 2912 3015 2948; x_wconf 87' lang='lat' dir='ltr'><strong>non</strong></span> <span class='ocrx_word' id='word_1_717' title='bbox 3056 2907 3321 2963; x_wconf 86' lang='lat' dir='ltr'><strong>poterunt.</strong></span> <span class='ocrx_word' id='word_1_718' title='bbox 3356 2898 3446 2950; x_wconf 85' lang='lat' dir='ltr'><strong>Dei</strong></span> <span class='ocrx_word' id='word_1_719' title='bbox 3472 2907 3647 2950; x_wconf 78' lang='lat' dir='ltr'><strong>autem</strong></span> <span class='ocrx_word' id='word_1_720' title='bbox 3674 2900 3880 2950; x_wconf 84' lang='lat' dir='ltr'><strong>amicus</strong></span> 
     </span>
    </p>
   </div>
   <div class='ocr_carea' id='block_1_91' title="bbox 2302 2986 3880 3053">
    <p class='ocr_par' dir='ltr' id='par_1_91' title="bbox 2302 2986 3880 3053">
     <span class='ocr_line' id='line_1_91' title="bbox 2302 2986 3880 3053; baseline 0.001 -14"><span class='ocrx_word' id='word_1_721' title='bbox 2302 2987 2455 3039; x_wconf 90' lang='lat' dir='ltr'><strong>amici</strong></span> <span class='ocrx_word' id='word_1_722' title='bbox 2498 2986 2792 3053; x_wconf 86' lang='lat' dir='ltr'><strong>imperabat</strong></span> <span class='ocrx_word' id='word_1_723' title='bbox 2831 2988 3124 3048; x_wconf 88' lang='lat' dir='ltr'><strong>creaturis;</strong></span> <span class='ocrx_word' id='word_1_724' title='bbox 3178 2986 3283 3039; x_wconf 80' lang='lat' dir='ltr'><strong>imo</strong></span> <span class='ocrx_word' id='word_1_725' title='bbox 3312 3002 3435 3039; x_wconf 76' lang='lat' dir='ltr'><strong>tero</strong></span> <span class='ocrx_word' id='word_1_726' title='bbox 3466 2987 3694 3039; x_wconf 77' lang='lat' dir='ltr'><strong>amiCum</strong></span> <span class='ocrx_word' id='word_1_727' title='bbox 3723 3003 3880 3040; x_wconf 88' lang='lat' dir='ltr'><strong>suum</strong></span> 
     </span>
    </p>
   </div>
   <div class='ocr_carea' id='block_1_92' title="bbox 2304 3076 3880 3145">
    <p class='ocr_par' dir='ltr' id='par_1_92' title="bbox 2304 3076 3880 3145">
     <span class='ocr_line' id='line_1_92' title="bbox 2304 3076 3880 3145; baseline -0.002 -14"><span class='ocrx_word' id='word_1_728' title='bbox 2304 3078 2526 3145; x_wconf 81' lang='lat' dir='ltr'><strong>rogarit,</strong></span> <span class='ocrx_word' id='word_1_729' title='bbox 2556 3085 2609 3129; x_wconf 92' lang='lat' dir='ltr'><strong>et</strong></span> <span class='ocrx_word' id='word_1_730' title='bbox 2639 3076 2898 3130; x_wconf 88' lang='lat' dir='ltr'><strong>cedebant</strong></span> <span class='ocrx_word' id='word_1_731' title='bbox 2923 3092 3039 3144; x_wconf 76' lang='lat' dir='ltr'><strong>qua:</strong></span> <span class='ocrx_word' id='word_1_732' title='bbox 3072 3077 3373 3129; x_wconf 73' lang='lat' dir='ltr'><strong>serviebant</strong></span> <span class='ocrx_word' id='word_1_733' title='bbox 3396 3118 3408 3137; x_wconf 83' lang='lat'><strong>,</strong></span> <span class='ocrx_word' id='word_1_734' title='bbox 3443 3088 3494 3131; x_wconf 92' lang='lat' dir='ltr'><strong>et</strong></span> <span class='ocrx_word' id='word_1_735' title='bbox 3525 3078 3747 3131; x_wconf 78' lang='lat' dir='ltr'><strong>inferior</strong></span> <span class='ocrx_word' id='word_1_736' title='bbox 3776 3079 3880 3130; x_wconf 82' lang='lat' dir='ltr'><strong>im-</strong></span> 
     </span>
    </p>
   </div>
   <div class='ocr_carea' id='block_1_93' title="bbox 2308 3166 3877 3237">
    <p class='ocr_par' dir='ltr' id='par_1_93' title="bbox 2308 3166 3877 3237">
     <span class='ocr_line' id='line_1_93' title="bbox 2308 3166 3877 3237; baseline 0 -16"><span class='ocrx_word' id='word_1_737' title='bbox 2308 3169 2524 3237; x_wconf 80' lang='lat' dir='ltr'><strong>perabat</strong></span> <span class='ocrx_word' id='word_1_738' title='bbox 2554 3167 2816 3236; x_wconf 86' lang='lat' dir='ltr'><strong>supernis.</strong></span> <span class='ocrx_word' id='word_1_739' title='bbox 2847 3166 3009 3221; x_wconf 72' lang='lat' dir='ltr'><strong>Vides</strong></span> <span class='ocrx_word' id='word_1_740' title='bbox 3040 3168 3178 3237; x_wconf 87' lang='lat' dir='ltr'><strong>quod</strong></span> <span class='ocrx_word' id='word_1_741' title='bbox 3207 3183 3266 3221; x_wconf 88' lang='lat' dir='ltr'><strong>ea</strong></span> <span class='ocrx_word' id='word_1_742' title='bbox 3296 3177 3468 3220; x_wconf 68' lang='grc' dir='ltr'>«ϊιιτιιςι</span> <span class='ocrx_word' id='word_1_743' title='bbox 3494 3170 3596 3219; x_wconf 75' lang='lat' dir='ltr'><strong>sint</strong></span> <span class='ocrx_word' id='word_1_744' title='bbox 3632 3170 3680 3221; x_wconf 89' lang='lat' dir='ltr'><strong>in</strong></span> <span class='ocrx_word' id='word_1_745' title='bbox 3711 3171 3877 3222; x_wconf 70' lang='lat' dir='ltr'><strong>servi-</strong></span> 
     </span>
    </p>
   </div>
   <div class='ocr_carea' id='block_1_94' title="bbox 2306 3258 3880 3328">
    <p class='ocr_par' dir='ltr' id='par_1_94' title="bbox 2306 3258 3880 3328">
     <span class='ocr_line' id='line_1_94' title="bbox 2306 3258 3880 3328; baseline 0 -17"><span class='ocrx_word' id='word_1_746' title='bbox 2306 3269 2491 3323; x_wconf 89' lang='lat' dir='ltr'><strong>tutem,</strong></span> <span class='ocrx_word' id='word_1_747' title='bbox 2514 3274 2725 3311; x_wconf 86' lang='lat' dir='ltr'><strong>cursum</strong></span> <span class='ocrx_word' id='word_1_748' title='bbox 2748 3259 3093 3312; x_wconf 80' lang='lat' dir='ltr'><strong>constituzum</strong></span> <span class='ocrx_word' id='word_1_749' title='bbox 3126 3258 3434 3325; x_wconf 82' lang='lat' dir='ltr'><strong>implentia?</strong></span> <span class='ocrx_word' id='word_1_750' title='bbox 3467 3259 3577 3312; x_wconf 85' lang='lat' dir='ltr'><strong>ltoc</strong></span> <span class='ocrx_word' id='word_1_751' title='bbox 3598 3280 3611 3309; x_wconf 81' lang='grc' dir='ltr'><strong>ι</strong></span> <span class='ocrx_word' id='word_1_752' title='bbox 3631 3268 3679 3311; x_wconf 88' lang='lat' dir='ltr'><strong>st</strong></span> <span class='ocrx_word' id='word_1_753' title='bbox 3709 3262 3880 3328; x_wconf 83' lang='lat' dir='ltr'><strong>majus</strong></span> 
     </span>
    </p>
   </div>
   <div class='ocr_carea' id='block_1_95' title="bbox 2303 3347 3882 3417">
    <p class='ocr_par' dir='ltr' id='par_1_95' title="bbox 2303 3347 3882 3417">
     <span class='ocr_line' id='line_1_95' title="bbox 2303 3347 3882 3417; baseline 0.001 -15"><span class='ocrx_word' id='word_1_754' title='bbox 2303 3364 2458 3417; x_wconf 89' lang='lat' dir='ltr'><strong>quam</strong></span> <span class='ocrx_word' id='word_1_755' title='bbox 2506 3362 2623 3417; x_wconf 78' lang='lat' dir='ltr'><strong>qua:</strong></span> <span class='ocrx_word' id='word_1_756' title='bbox 2669 3347 2803 3401; x_wconf 75' lang='lat' dir='ltr'><strong>facta</strong></span> <span class='ocrx_word' id='word_1_757' title='bbox 2852 3357 2973 3400; x_wconf 88' lang='lat' dir='ltr'><strong>sunt</strong></span> <span class='ocrx_word' id='word_1_758' title='bbox 3012 3363 3041 3400; x_wconf 91' lang='lat' dir='ltr'><strong>a</strong></span> <span class='ocrx_word' id='word_1_759' title='bbox 3088 3348 3286 3417; x_wconf 77' lang='lat' dir='ltr'><strong>Moyse.</strong></span> <span class='ocrx_word' id='word_1_760' title='bbox 3337 3347 3551 3415; x_wconf 57' lang='lat' dir='ltr'><strong>Q&#39;tare?</strong></span> <span class='ocrx_word' id='word_1_761' title='bbox 3596 3348 3713 3401; x_wconf 79' lang='lat' dir='ltr'><strong>Non</strong></span> <span class='ocrx_word' id='word_1_762' title='bbox 3756 3360 3882 3403; x_wconf 86' lang='lat' dir='ltr'><strong>sunt</strong></span> 
     </span>
    </p>
   </div>
   <div class='ocr_carea' id='block_1_96' title="bbox 2303 3437 3879 3505">
    <p class='ocr_par' dir='ltr' id='par_1_96' title="bbox 2303 3437 3879 3505">
     <span class='ocr_line' id='line_1_96' title="bbox 2303 3437 3879 3505; baseline 0.001 -14"><span class='ocrx_word' id='word_1_763' title='bbox 2303 3440 2442 3491; x_wconf 90' lang='lat' dir='ltr'><strong>enim</strong></span> <span class='ocrx_word' id='word_1_764' title='bbox 2477 3438 2644 3504; x_wconf 84' lang='lat' dir='ltr'><strong>paria,</strong></span> <span class='ocrx_word' id='word_1_765' title='bbox 2674 3438 2935 3505; x_wconf 87' lang='lat' dir='ltr'><strong>imperare</strong></span> <span class='ocrx_word' id='word_1_766' title='bbox 2964 3437 3119 3500; x_wconf 89' lang='lat' dir='ltr'><strong>mari,</strong></span> <span class='ocrx_word' id='word_1_767' title='bbox 3151 3445 3205 3490; x_wconf 91' lang='lat' dir='ltr'><strong>ct</strong></span> <span class='ocrx_word' id='word_1_768' title='bbox 3234 3438 3297 3490; x_wconf 89' lang='lat' dir='ltr'><strong>iis</strong></span> <span class='ocrx_word' id='word_1_769' title='bbox 3324 3454 3440 3505; x_wconf 77' lang='lat' dir='ltr'><strong>qua:</strong></span> <span class='ocrx_word' id='word_1_770' title='bbox 3466 3448 3589 3489; x_wconf 87' lang='lat' dir='ltr'><strong>sunt</strong></span> <span class='ocrx_word' id='word_1_771' title='bbox 3623 3439 3673 3490; x_wconf 87' lang='lat' dir='ltr'><strong>in</strong></span> <span class='ocrx_word' id='word_1_772' title='bbox 3702 3441 3836 3491; x_wconf 81' lang='lat' dir='ltr'><strong>ca-lo</strong></span> <span class='ocrx_word' id='word_1_773' title='bbox 3866 3458 3879 3493; x_wconf 90' lang='lat'><strong><em>:</em></strong></span> 
     </span>
    </p>
   </div>
   <div class='ocr_carea' id='block_1_97' title="bbox 2307 3526 3878 3596">
    <p class='ocr_par' dir='ltr' id='par_1_97' title="bbox 2307 3526 3878 3596">
     <span class='ocr_line' id='line_1_97' title="bbox 2307 3526 3878 3596; baseline 0.001 -16"><span class='ocrx_word' id='word_1_774' title='bbox 2307 3543 2423 3580; x_wconf 86' lang='lat' dir='ltr'><strong>nam</strong></span> <span class='ocrx_word' id='word_1_775' title='bbox 2453 3526 2578 3580; x_wconf 89' lang='lat' dir='ltr'><strong>illud</strong></span> <span class='ocrx_word' id='word_1_776' title='bbox 2609 3543 2817 3595; x_wconf 64' lang='lat' dir='ltr'><strong>quoque</strong></span> <span class='ocrx_word' id='word_1_777' title='bbox 2842 3536 2923 3579; x_wconf 88' lang='lat' dir='ltr'><strong>est</strong></span> <span class='ocrx_word' id='word_1_778' title='bbox 2950 3542 3196 3595; x_wconf 81' lang='lat' dir='ltr'><strong>magnum</strong></span> <span class='ocrx_word' id='word_1_779' title='bbox 3227 3536 3277 3579; x_wconf 84' lang='lat' dir='ltr'><strong>et</strong></span> <span class='ocrx_word' id='word_1_780' title='bbox 3308 3528 3461 3581; x_wconf 76' lang='lat' dir='ltr'><strong>valde</strong></span> <span class='ocrx_word' id='word_1_781' title='bbox 3491 3544 3761 3596; x_wconf 77' lang='lat' dir='ltr'><strong>magnum,</strong></span> <span class='ocrx_word' id='word_1_782' title='bbox 3786 3531 3878 3581; x_wconf 85' lang='lat' dir='ltr'><strong>sed</strong></span> 
     </span>
    </p>
   </div>
   <div class='ocr_carea' id='block_1_98' title="bbox 2308 3618 3879 3686">
    <p class='ocr_par' dir='ltr' id='par_1_98' title="bbox 2308 3618 3879 3686">
     <span class='ocr_line' id='line_1_98' title="bbox 2308 3618 3879 3686; baseline -0.001 -15"><span class='ocrx_word' id='word_1_783' title='bbox 2308 3634 2408 3671; x_wconf 92' lang='lat' dir='ltr'><strong>non</strong></span> <span class='ocrx_word' id='word_1_784' title='bbox 2437 3634 2547 3686; x_wconf 90' lang='lat' dir='ltr'><strong>par.</strong></span> <span class='ocrx_word' id='word_1_785' title='bbox 2580 3619 2713 3671; x_wconf 74' lang='lat' dir='ltr'><strong>Audi</strong></span> <span class='ocrx_word' id='word_1_786' title='bbox 2736 3632 2863 3671; x_wconf 70' lang='lat' dir='ltr'><strong>vero</strong></span> <span class='ocrx_word' id='word_1_787' title='bbox 2884 3633 2979 3671; x_wconf 84' lang='lat' dir='ltr'><strong>cur</strong></span> <span class='ocrx_word' id='word_1_788' title='bbox 3002 3619 3119 3671; x_wconf 88' lang='lat' dir='ltr'><strong>talis</strong></span> <span class='ocrx_word' id='word_1_789' title='bbox 3143 3618 3211 3670; x_wconf 88' lang='lat' dir='ltr'><strong>sit</strong></span> <span class='ocrx_word' id='word_1_790' title='bbox 3237 3618 3476 3671; x_wconf 85' lang='lat' dir='ltr'><strong>cll‘cctus.</strong></span> <span class='ocrx_word' id='word_1_791' title='bbox 3509 3618 3724 3681; x_wconf 82' lang='lat' dir='ltr'><strong>Quare?</strong></span> <span class='ocrx_word' id='word_1_792' title='bbox 3752 3618 3879 3673; x_wconf 67' lang='lat' dir='ltr'><strong>Iesu</strong></span> 
     </span>
    </p>
   </div>
   <div class='ocr_carea' id='block_1_99' title="bbox 2308 3706 3878 3778">
    <p class='ocr_par' dir='ltr' id='par_1_99' title="bbox 2308 3706 3878 3778">
     <span class='ocr_line' id='line_1_99' title="bbox 2308 3706 3878 3778; baseline -0.001 -17"><span class='ocrx_word' id='word_1_793' title='bbox 2308 3722 2496 3761; x_wconf 92' lang='lat' dir='ltr'><strong>nomen</strong></span> <span class='ocrx_word' id='word_1_794' title='bbox 2522 3717 2635 3760; x_wconf 90' lang='lat' dir='ltr'><strong>erat</strong></span> <span class='ocrx_word' id='word_1_795' title='bbox 2666 3716 2708 3776; x_wconf 53' lang='grc' dir='ltr'>ι,</span> <span class='ocrx_word' id='word_1_796' title='bbox 2723 3723 2818 3777; x_wconf 88' lang='lat' dir='ltr'><strong>pus</strong></span> <span class='ocrx_word' id='word_1_797' title='bbox 2843 3706 3061 3761; x_wconf 86' lang='lat' dir='ltr'><strong>Christi.</strong></span> <span class='ocrx_word' id='word_1_798' title='bbox 3096 3708 3382 3776; x_wconf 86' lang='lat' dir='ltr'><strong>Propterea</strong></span> <span class='ocrx_word' id='word_1_799' title='bbox 3410 3724 3557 3774; x_wconf 57' lang='lat' dir='ltr'><strong>ergo,</strong></span> <span class='ocrx_word' id='word_1_800' title='bbox 3582 3720 3633 3761; x_wconf 89' lang='lat' dir='ltr'><strong>ct</strong></span> <span class='ocrx_word' id='word_1_801' title='bbox 3656 3726 3718 3778; x_wconf 82' lang='lat' dir='ltr'><strong>pr</strong></span> <span class='ocrx_word' id='word_1_802' title='bbox 3743 3720 3878 3777; x_wconf 80' lang='lat' dir='ltr'><strong>-pter</strong></span> 
     </span>
    </p>
   </div>
   <div class='ocr_carea' id='block_1_100' title="bbox 2310 3799 3880 3869">
    <p class='ocr_par' dir='ltr' id='par_1_100' title="bbox 2310 3799 3880 3869">
     <span class='ocr_line' id='line_1_100' title="bbox 2310 3799 3880 3869; baseline 0.001 -18"><span class='ocrx_word' id='word_1_803' title='bbox 2310 3800 2473 3868; x_wconf 86' lang='lat' dir='ltr'><strong>ipsam</strong></span> <span class='ocrx_word' id='word_1_804' title='bbox 2500 3800 2548 3852; x_wconf 92' lang='lat' dir='ltr'><strong>in</strong></span> <span class='ocrx_word' id='word_1_805' title='bbox 2581 3808 2704 3869; x_wconf 86' lang='lat' dir='ltr'><strong>typo</strong></span> <span class='ocrx_word' id='word_1_806' title='bbox 2726 3799 3127 3868; x_wconf 87' lang='lat' dir='ltr'><strong>appellationem</strong></span> <span class='ocrx_word' id='word_1_807' title='bbox 3154 3800 3315 3857; x_wconf 69' lang='lat' dir='ltr'><strong>vetita</strong></span> <span class='ocrx_word' id='word_1_808' title='bbox 3341 3811 3422 3853; x_wconf 77' lang='lat' dir='ltr'><strong>est</strong></span> <span class='ocrx_word' id='word_1_809' title='bbox 3445 3813 3710 3855; x_wconf 78' lang='lat' dir='ltr'><strong>creatura.</strong></span> <span class='ocrx_word' id='word_1_810' title='bbox 3744 3804 3880 3866; x_wconf 85' lang='lat' dir='ltr'><strong>Quid</strong></span> 
     </span>
    </p>
   </div>
   <div class='ocr_carea' id='block_1_101' title="bbox 2309 3890 3879 3960">
    <p class='ocr_par' dir='ltr' id='par_1_101' title="bbox 2309 3890 3879 3960">
     <span class='ocr_line' id='line_1_101' title="bbox 2309 3890 3879 3960; baseline 0.001 -16"><span class='ocrx_word' id='word_1_811' title='bbox 2309 3890 2471 3945; x_wconf 70' lang='lat' dir='ltr'><strong>vero?</strong></span> <span class='ocrx_word' id='word_1_812' title='bbox 2500 3892 2634 3944; x_wconf 88' lang='lat' dir='ltr'><strong>alius</strong></span> <span class='ocrx_word' id='word_1_813' title='bbox 2660 3908 2761 3944; x_wconf 91' lang='lat' dir='ltr'><strong>non</strong></span> <span class='ocrx_word' id='word_1_814' title='bbox 2781 3901 2997 3945; x_wconf 83' lang='lat' dir='ltr'><strong>vocatus</strong></span> <span class='ocrx_word' id='word_1_815' title='bbox 3022 3890 3115 3943; x_wconf 80' lang='lat' dir='ltr'><strong>fuit</strong></span> <span class='ocrx_word' id='word_1_816' title='bbox 3138 3891 3325 3945; x_wconf 81' lang='lat' dir='ltr'><strong>Jesus?</strong></span> <span class='ocrx_word' id='word_1_817' title='bbox 3351 3892 3451 3945; x_wconf 77' lang='lat' dir='ltr'><strong>Sed</strong></span> <span class='ocrx_word' id='word_1_818' title='bbox 3478 3894 3574 3947; x_wconf 72' lang='lat' dir='ltr'><strong>iste</strong></span> <span class='ocrx_word' id='word_1_819' title='bbox 3597 3905 3879 3960; x_wconf 67' lang='lat' dir='ltr'><strong>propterea</strong></span> 
     </span>
    </p>
   </div>
   <div class='ocr_carea' id='block_1_102' title="bbox 2310 3971 3878 4041">
    <p class='ocr_par' dir='ltr' id='par_1_102' title="bbox 2310 3971 3878 4041">
     <span class='ocr_line' id='line_1_102' title="bbox 2310 3971 3878 4041; baseline 0 -14"><span class='ocrx_word' id='word_1_820' title='bbox 2310 3987 2527 4029; x_wconf 80' lang='lat' dir='ltr'><strong>vocatus</strong></span> <span class='ocrx_word' id='word_1_821' title='bbox 2555 3984 2636 4026; x_wconf 81' lang='lat' dir='ltr'><strong>est</strong></span> <span class='ocrx_word' id='word_1_822' title='bbox 2664 3974 2713 4027; x_wconf 92' lang='lat' dir='ltr'><strong>in</strong></span> <span class='ocrx_word' id='word_1_823' title='bbox 2746 3974 2909 4041; x_wconf 78' lang='lat' dir='ltr'><strong>ligura</strong></span> <span class='ocrx_word' id='word_1_824' title='bbox 2943 3990 2955 4025; x_wconf 92' lang='lat'><strong>:</strong></span> <span class='ocrx_word' id='word_1_825' title='bbox 2988 3987 3107 4024; x_wconf 87' lang='lat' dir='ltr'><strong>nam</strong></span> <span class='ocrx_word' id='word_1_826' title='bbox 3148 3971 3422 4024; x_wconf 88' lang='lat' dir='ltr'><strong>dicebatur</strong></span> <span class='ocrx_word' id='word_1_827' title='bbox 3463 3973 3620 4024; x_wconf 78' lang='lat' dir='ltr'><strong>etiam</strong></span> <span class='ocrx_word' id='word_1_828' title='bbox 3655 3976 3829 4025; x_wconf 76' lang='lat' dir='ltr'><strong>Auses</strong></span> <span class='ocrx_word' id='word_1_829' title='bbox 3862 3990 3878 4027; x_wconf 88' lang='lat'>:</span> 
     </span>
    </p>
   </div>
   <div class='ocr_carea' id='block_1_103' title="bbox 2314 4061 3877 4133">
    <p class='ocr_par' dir='ltr' id='par_1_103' title="bbox 2314 4061 3877 4133">
     <span class='ocr_line' id='line_1_103' title="bbox 2314 4061 3877 4133; baseline -0.003 -15"><span class='ocrx_word' id='word_1_830' title='bbox 2314 4076 2587 4133; x_wconf 79' lang='lat' dir='ltr'><strong>prOpterca</strong></span> <span class='ocrx_word' id='word_1_831' title='bbox 2621 4072 2876 4115; x_wconf 85' lang='lat' dir='ltr'><strong>mutatum</strong></span> <span class='ocrx_word' id='word_1_832' title='bbox 2905 4062 2999 4114; x_wconf 78' lang='lat' dir='ltr'><strong>fuit</strong></span> <span class='ocrx_word' id='word_1_833' title='bbox 3026 4076 3249 4123; x_wconf 88' lang='lat' dir='ltr'><strong>nomen;</strong></span> <span class='ocrx_word' id='word_1_834' title='bbox 3281 4061 3549 4128; x_wconf 71' lang='lat' dir='ltr'><strong>praedii-tio</strong></span> <span class='ocrx_word' id='word_1_835' title='bbox 3579 4064 3721 4114; x_wconf 90' lang='lat' dir='ltr'><strong>enim</strong></span> <span class='ocrx_word' id='word_1_836' title='bbox 3762 4074 3877 4115; x_wconf 86' lang='lat' dir='ltr'><strong>erat</strong></span> 
     </span>
    </p>
   </div>
   <div class='ocr_carea' id='block_1_104' title="bbox 2308 4150 3877 4223">
    <p class='ocr_par' dir='ltr' id='par_1_104' title="bbox 2308 4150 3877 4223">
     <span class='ocr_line' id='line_1_104' title="bbox 2308 4150 3877 4223; baseline -0.003 -15"><span class='ocrx_word' id='word_1_837' title='bbox 2308 4165 2359 4208; x_wconf 83' lang='lat' dir='ltr'><strong>ct</strong></span> <span class='ocrx_word' id='word_1_838' title='bbox 2390 4153 2681 4223; x_wconf 88' lang='lat' dir='ltr'><strong>prophetia.</strong></span> <span class='ocrx_word' id='word_1_839' title='bbox 2717 4153 2831 4220; x_wconf 88' lang='lat' dir='ltr'><strong>Ipse</strong></span> <span class='ocrx_word' id='word_1_840' title='bbox 2862 4152 3109 4219; x_wconf 89' lang='lat' dir='ltr'><strong>populum</strong></span> <span class='ocrx_word' id='word_1_841' title='bbox 3144 4150 3433 4203; x_wconf 81' lang='lat' dir='ltr'><strong>introduxit</strong></span> <span class='ocrx_word' id='word_1_842' title='bbox 3472 4150 3521 4202; x_wconf 88' lang='lat' dir='ltr'><strong>in</strong></span> <span class='ocrx_word' id='word_1_843' title='bbox 3566 4152 3877 4219; x_wconf 87' lang='lat' dir='ltr'><strong>promissio-</strong></span> 
     </span>
    </p>
   </div>
   <div class='ocr_carea' id='block_1_105' title="bbox 2308 4242 3874 4312">
    <p class='ocr_par' dir='ltr' id='par_1_105' title="bbox 2308 4242 3874 4312">
     <span class='ocr_line' id='line_1_105' title="bbox 2308 4242 3874 4312; baseline -0.002 -15"><span class='ocrx_word' id='word_1_844' title='bbox 2308 4262 2447 4309; x_wconf 87' lang='lat' dir='ltr'><strong>nem,</strong></span> <span class='ocrx_word' id='word_1_845' title='bbox 2483 4246 2613 4297; x_wconf 65' lang='grc' dir='ltr'>εῖτ-ιιι</span> <span class='ocrx_word' id='word_1_846' title='bbox 2644 4242 2798 4297; x_wconf 86' lang='lat' dir='ltr'><strong>Jesus</strong></span> <span class='ocrx_word' id='word_1_847' title='bbox 2829 4244 2878 4294; x_wconf 92' lang='lat' dir='ltr'><strong>in</strong></span> <span class='ocrx_word' id='word_1_848' title='bbox 2909 4243 3117 4301; x_wconf 60' lang='lat' dir='ltr'><strong>(zelum,</strong></span> <span class='ocrx_word' id='word_1_849' title='bbox 3153 4258 3255 4293; x_wconf 87' lang='lat' dir='ltr'><strong>non</strong></span> <span class='ocrx_word' id='word_1_850' title='bbox 3289 4243 3390 4305; x_wconf 76' lang='lat' dir='ltr'><strong>lex,</strong></span> <span class='ocrx_word' id='word_1_851' title='bbox 3427 4242 3564 4294; x_wconf 85' lang='lat' dir='ltr'><strong>sicut</strong></span> <span class='ocrx_word' id='word_1_852' title='bbox 3595 4257 3695 4294; x_wconf 87' lang='lat' dir='ltr'><strong>nec</strong></span> <span class='ocrx_word' id='word_1_853' title='bbox 3723 4242 3874 4312; x_wconf 75' lang='lat' dir='ltr'><strong>Moy-</strong></span> 
     </span>
    </p>
   </div>
   <div class='ocr_carea' id='block_1_106' title="bbox 2306 4331 3875 4398">
    <p class='ocr_par' dir='ltr' id='par_1_106' title="bbox 2306 4331 3875 4398">
     <span class='ocr_line' id='line_1_106' title="bbox 2306 4331 3875 4398; baseline 0 -13"><span class='ocrx_word' id='word_1_854' title='bbox 2306 4351 2420 4398; x_wconf 74' lang='lat' dir='ltr'><strong>ses,</strong></span> <span class='ocrx_word' id='word_1_855' title='bbox 2453 4334 2541 4387; x_wconf 83' lang='lat' dir='ltr'><strong>sed</strong></span> <span class='ocrx_word' id='word_1_856' title='bbox 2575 4336 2767 4386; x_wconf 87' lang='lat' dir='ltr'><strong>mansit</strong></span> <span class='ocrx_word' id='word_1_857' title='bbox 2797 4344 2943 4386; x_wconf 82' lang='lat' dir='ltr'><strong>extra</strong></span> <span class='ocrx_word' id='word_1_858' title='bbox 2974 4350 2985 4385; x_wconf 92' lang='lat'><strong>:</strong></span> <span class='ocrx_word' id='word_1_859' title='bbox 3021 4346 3123 4383; x_wconf 83' lang='lat' dir='ltr'><strong>non</strong></span> <span class='ocrx_word' id='word_1_860' title='bbox 3162 4340 3334 4398; x_wconf 83' lang='lat' dir='ltr'><strong>potest</strong></span> <span class='ocrx_word' id='word_1_861' title='bbox 3374 4331 3455 4383; x_wconf 80' lang='lat' dir='ltr'><strong>lex</strong></span> <span class='ocrx_word' id='word_1_862' title='bbox 3502 4331 3839 4385; x_wconf 85' lang='lat' dir='ltr'><strong>introducere</strong></span> <span class='ocrx_word' id='word_1_863' title='bbox 3863 4374 3875 4393; x_wconf 83' lang='lat'><strong>,</strong></span> 
     </span>
    </p>
   </div>
   <div class='ocr_carea' id='block_1_107' title="bbox 2304 4422 3871 4493">
    <p class='ocr_par' dir='ltr' id='par_1_107' title="bbox 2304 4422 3871 4493">
     <span class='ocr_line' id='line_1_107' title="bbox 2304 4422 3871 4493; baseline -0.001 -16"><span class='ocrx_word' id='word_1_864' title='bbox 2304 4425 2392 4477; x_wconf 89' lang='lat' dir='ltr'><strong>sed</strong></span> <span class='ocrx_word' id='word_1_865' title='bbox 2413 4426 2595 4493; x_wconf 74' lang='lat' dir='ltr'><strong>gratia.</strong></span> <span class='ocrx_word' id='word_1_866' title='bbox 2623 4424 2777 4480; x_wconf 77' lang='lat' dir='ltr'><strong>Vides</strong></span> <span class='ocrx_word' id='word_1_867' title='bbox 2804 4426 2991 4490; x_wconf 83' lang='lat' dir='ltr'><strong>liguras</strong></span> <span class='ocrx_word' id='word_1_868' title='bbox 3013 4423 3188 4473; x_wconf 89' lang='lat' dir='ltr'><strong>multis</strong></span> <span class='ocrx_word' id='word_1_869' title='bbox 3211 4430 3353 4473; x_wconf 90' lang='lat' dir='ltr'><strong>retro</strong></span> <span class='ocrx_word' id='word_1_870' title='bbox 3382 4422 3513 4476; x_wconf 88' lang='lat' dir='ltr'><strong>actis</strong></span> <span class='ocrx_word' id='word_1_871' title='bbox 3539 4424 3871 4491; x_wconf 83' lang='lat' dir='ltr'><strong>temporibus</strong></span> 
     </span>
    </p>
   </div>
   <div class='ocr_carea' id='block_1_108' title="bbox 2307 4511 3875 4581">
    <p class='ocr_par' dir='ltr' id='par_1_108' title="bbox 2307 4511 3875 4581">
     <span class='ocr_line' id='line_1_108' title="bbox 2307 4511 3875 4581; baseline 0.003 -18"><span class='ocrx_word' id='word_1_872' title='bbox 2307 4516 2447 4581; x_wconf 89' lang='lat' dir='ltr'><strong>prius</strong></span> <span class='ocrx_word' id='word_1_873' title='bbox 2471 4514 2716 4568; x_wconf 86' lang='lat' dir='ltr'><strong>describi.</strong></span> <span class='ocrx_word' id='word_1_874' title='bbox 2739 4512 3017 4580; x_wconf 78' lang='lat' dir='ltr'><strong>Imperavit</strong></span> <span class='ocrx_word' id='word_1_875' title='bbox 3032 4520 3307 4573; x_wconf 63' lang='lat' dir='ltr'><strong>creatur-te,</strong></span> <span class='ocrx_word' id='word_1_876' title='bbox 3328 4511 3433 4564; x_wconf 86' lang='lat' dir='ltr'><strong>imo</strong></span> <span class='ocrx_word' id='word_1_877' title='bbox 3449 4527 3573 4565; x_wconf 78' lang='lat' dir='ltr'><strong>vero</strong></span> <span class='ocrx_word' id='word_1_878' title='bbox 3593 4516 3875 4581; x_wconf 65' lang='lat' dir='ltr'><strong>przecipuae</strong></span> 
     </span>
    </p>
   </div>
   <div class='ocr_carea' id='block_1_109' title="bbox 2305 4603 3877 4675">
    <p class='ocr_par' dir='ltr' id='par_1_109' title="bbox 2305 4603 3877 4675">
     <span class='ocr_line' id='line_1_109' title="bbox 2305 4603 3877 4675; baseline -0.002 -19"><span class='ocrx_word' id='word_1_879' title='bbox 2305 4608 2437 4675; x_wconf 83' lang='lat' dir='ltr'><strong>parti</strong></span> <span class='ocrx_word' id='word_1_880' title='bbox 2486 4615 2762 4670; x_wconf 68' lang='lat' dir='ltr'><strong>creatum,</strong></span> <span class='ocrx_word' id='word_1_881' title='bbox 2796 4605 3039 4658; x_wconf 86' lang='lat' dir='ltr'><strong>deorsum</strong></span> <span class='ocrx_word' id='word_1_882' title='bbox 3070 4614 3215 4655; x_wconf 86' lang='lat' dir='ltr'><strong>stans</strong></span> <span class='ocrx_word' id='word_1_883' title='bbox 3242 4603 3336 4670; x_wconf 83' lang='lat' dir='ltr'><strong>ipsi</strong></span> <span class='ocrx_word' id='word_1_884' title='bbox 3368 4604 3545 4670; x_wconf 87' lang='lat' dir='ltr'><strong>Capiti,</strong></span> <span class='ocrx_word' id='word_1_885' title='bbox 3574 4612 3628 4655; x_wconf 90' lang='lat' dir='ltr'><strong>ut</strong></span> <span class='ocrx_word' id='word_1_886' title='bbox 3660 4606 3877 4671; x_wconf 77' lang='lat' dir='ltr'><strong>quando</strong></span> 
     </span>
    </p>
   </div>
   <div class='ocr_carea' id='block_1_110' title="bbox 2305 4694 3874 4764">
    <p class='ocr_par' dir='ltr' id='par_1_110' title="bbox 2305 4694 3874 4764">
     <span class='ocr_line' id='line_1_110' title="bbox 2305 4694 3874 4764; baseline -0.001 -16"><span class='ocrx_word' id='word_1_887' title='bbox 2305 4698 2495 4749; x_wconf 63' lang='lat' dir='ltr'><strong>\‘ideris</strong></span> <span class='ocrx_word' id='word_1_888' title='bbox 2534 4698 2584 4749; x_wconf 89' lang='lat' dir='ltr'><strong>iu</strong></span> <span class='ocrx_word' id='word_1_889' title='bbox 2615 4696 2774 4764; x_wconf 69' lang='lat' dir='ltr'><strong>figura</strong></span> <span class='ocrx_word' id='word_1_890' title='bbox 2798 4694 3023 4747; x_wconf 80' lang='lat' dir='ltr'><strong>hominis</strong></span> <span class='ocrx_word' id='word_1_891' title='bbox 3049 4694 3226 4747; x_wconf 87' lang='lat' dir='ltr'><strong>Jcsum</strong></span> <span class='ocrx_word' id='word_1_892' title='bbox 3255 4694 3440 4747; x_wconf 80' lang='lat' dir='ltr'><strong>eadem</strong></span> <span class='ocrx_word' id='word_1_893' title='bbox 3472 4696 3760 4758; x_wconf 78' lang='lat' dir='ltr'><strong>dicentem,</strong></span> <span class='ocrx_word' id='word_1_894' title='bbox 3808 4714 3874 4751; x_wconf 74' lang='lat' dir='ltr'><strong>lu:</strong></span> 
     </span>
    </p>
   </div>
   <div class='ocr_carea' id='block_1_111' title="bbox 2306 4786 3873 4856">
    <p class='ocr_par' dir='ltr' id='par_1_111' title="bbox 2306 4786 3873 4856">
     <span class='ocr_line' id='line_1_111' title="bbox 2306 4786 3873 4856; baseline -0.001 -15"><span class='ocrx_word' id='word_1_895' title='bbox 2306 4790 2623 4856; x_wconf 87' lang='lat' dir='ltr'><strong>perturberis</strong></span> <span class='ocrx_word' id='word_1_896' title='bbox 2652 4803 2781 4840; x_wconf 76' lang='lat' dir='ltr'><strong>nere</strong></span> <span class='ocrx_word' id='word_1_897' title='bbox 2809 4786 3072 4838; x_wconf 65' lang='lat' dir='ltr'><strong>terrearis.</strong></span> <span class='ocrx_word' id='word_1_898' title='bbox 3108 4786 3221 4852; x_wconf 82' lang='lat' dir='ltr'><strong>ipse</strong></span> <span class='ocrx_word' id='word_1_899' title='bbox 3260 4786 3417 4837; x_wconf 87' lang='lat' dir='ltr'><strong>etiam</strong></span> <span class='ocrx_word' id='word_1_900' title='bbox 3453 4786 3661 4838; x_wconf 73' lang='lat' dir='ltr'><strong>vivente</strong></span> <span class='ocrx_word' id='word_1_901' title='bbox 3691 4787 3873 4854; x_wconf 69' lang='lat' dir='ltr'><strong>Moyse</strong></span> 
     </span>
    </p>
   </div>
   <div class='ocr_carea' id='block_1_112' title="bbox 2303 4875 3870 4945">
    <p class='ocr_par' dir='ltr' id='par_1_112' title="bbox 2303 4875 3870 4945">
     <span class='ocr_line' id='line_1_112' title="bbox 2303 4875 3870 4945; baseline -0.003 -17"><span class='ocrx_word' id='word_1_902' title='bbox 2303 4880 2430 4930; x_wconf 82' lang='lat' dir='ltr'><strong>ludit</strong></span> <span class='ocrx_word' id='word_1_903' title='bbox 2455 4889 2505 4932; x_wconf 89' lang='lat' dir='ltr'><strong>ct</strong></span> <span class='ocrx_word' id='word_1_904' title='bbox 2530 4879 2721 4945; x_wconf 79' lang='lat' dir='ltr'><strong>fugavit</strong></span> <span class='ocrx_word' id='word_1_905' title='bbox 2750 4878 2927 4928; x_wconf 79' lang='lat' dir='ltr'><strong>hostes</strong></span> <span class='ocrx_word' id='word_1_906' title='bbox 2964 4897 2973 4928; x_wconf 92' lang='lat'><strong>:</strong></span> <span class='ocrx_word' id='word_1_907' title='bbox 3006 4877 3089 4928; x_wconf 90' lang='lat' dir='ltr'><strong>hic</strong></span> <span class='ocrx_word' id='word_1_908' title='bbox 3118 4876 3275 4928; x_wconf 87' lang='lat' dir='ltr'><strong>etiam</strong></span> <span class='ocrx_word' id='word_1_909' title='bbox 3305 4875 3514 4927; x_wconf 63' lang='lat' dir='ltr'><strong>vivente</strong></span> <span class='ocrx_word' id='word_1_910' title='bbox 3555 4876 3669 4942; x_wconf 78' lang='lat' dir='ltr'><strong>lege</strong></span> <span class='ocrx_word' id='word_1_911' title='bbox 3692 4877 3870 4927; x_wconf 87' lang='lat' dir='ltr'><strong>onmia</strong></span> 
     </span>
    </p>
   </div>
   <div class='ocr_carea' id='block_1_113' title="bbox 2301 4967 3874 5036">
    <p class='ocr_par' dir='ltr' id='par_1_113' title="bbox 2301 4967 3874 5036">
     <span class='ocr_line' id='line_1_113' title="bbox 2301 4967 3874 5036; baseline -0.001 -15"><span class='ocrx_word' id='word_1_912' title='bbox 2301 4971 2649 5031; x_wconf 74' lang='lat' dir='ltr'><strong>:ttittllttlalt&#39;nl,</strong></span> <span class='ocrx_word' id='word_1_913' title='bbox 2683 4970 2773 5021; x_wconf 80' lang='lat' dir='ltr'><strong>sed</strong></span> <span class='ocrx_word' id='word_1_914' title='bbox 2806 4986 2907 5021; x_wconf 87' lang='lat' dir='ltr'><strong>non</strong></span> <span class='ocrx_word' id='word_1_915' title='bbox 2936 4978 3133 5036; x_wconf 85' lang='lat' dir='ltr'><strong>aperte.</strong></span> <span class='ocrx_word' id='word_1_916' title='bbox 3165 4967 3266 5021; x_wconf 84' lang='lat' dir='ltr'><strong>Sed</strong></span> <span class='ocrx_word' id='word_1_917' title='bbox 3292 4968 3565 5020; x_wconf 78' lang='lat' dir='ltr'><strong>videamus</strong></span> <span class='ocrx_word' id='word_1_918' title='bbox 3586 4978 3782 5035; x_wconf 89' lang='lat' dir='ltr'><strong>quanta</strong></span> <span class='ocrx_word' id='word_1_919' title='bbox 3802 4969 3874 5021; x_wconf 77' lang='lat' dir='ltr'><strong>sit</strong></span> 
     </span>
    </p>
   </div>
   <div class='ocr_carea' id='block_1_114' title="bbox 2302 5068 2810 5113">
    <p class='ocr_par' dir='ltr' id='par_1_114' title="bbox 2302 5068 2810 5113">
     <span class='ocr_line' id='line_1_114' title="bbox 2302 5068 2810 5113; baseline -0.002 -3"><span class='ocrx_word' id='word_1_920' title='bbox 2302 5068 2464 5113; x_wconf 67' lang='lat' dir='ltr'><strong>virtus</strong></span> <span class='ocrx_word' id='word_1_921' title='bbox 2493 5075 2810 5113; x_wconf 76' lang='lat' dir='ltr'><strong>sattctnrttttt.</strong></span> 
     </span>
    </p>
   </div>
   <div class='ocr_carea' id='block_1_115' title="bbox 2371 5150 3868 5219">
    <p class='ocr_par' dir='ltr' id='par_1_115' title="bbox 2371 5150 3868 5219">
     <span class='ocr_line' id='line_1_115' title="bbox 2371 5150 3868 5219; baseline 0 -18"><span class='ocrx_word' id='word_1_922' title='bbox 2371 5156 2417 5206; x_wconf 75' lang='lat' dir='ltr'><strong>.i.</strong></span> <span class='ocrx_word' id='word_1_923' title='bbox 2452 5154 2633 5207; x_wconf 72' lang='lat' dir='ltr'><strong>Contra</strong></span> <span class='ocrx_word' id='word_1_924' title='bbox 2657 5170 2737 5204; x_wconf 76' lang='lat' dir='ltr'><strong>cos</strong></span> <span class='ocrx_word' id='word_1_925' title='bbox 2764 5155 2844 5219; x_wconf 82' lang='lat' dir='ltr'><strong>qui</strong></span> <span class='ocrx_word' id='word_1_926' title='bbox 2877 5152 3049 5202; x_wconf 68' lang='lat' dir='ltr'><strong>(udum</strong></span> <span class='ocrx_word' id='word_1_927' title='bbox 3096 5150 3320 5201; x_wconf 76' lang='lat' dir='ltr'><strong>(licebunt</strong></span> <span class='ocrx_word' id='word_1_928' title='bbox 3361 5166 3465 5201; x_wconf 76' lang='lat' dir='ltr'><strong>esse</strong></span> <span class='ocrx_word' id='word_1_929' title='bbox 3489 5150 3761 5217; x_wconf 80' lang='lat' dir='ltr'><strong>splta‘rmn.</strong></span> <span class='ocrx_word' id='word_1_930' title='bbox 3797 5183 3868 5191; x_wconf 84' lang='lat'><strong>--</strong></span> 
     </span>
    </p>
   </div>
   <div class='ocr_carea' id='block_1_116' title="bbox 2300 5243 3864 5314">
    <p class='ocr_par' dir='ltr' id='par_1_116' title="bbox 2300 5243 3864 5314">
     <span class='ocr_line' id='line_1_116' title="bbox 2300 5243 3864 5314; baseline -0.003 -14"><span class='ocrx_word' id='word_1_931' title='bbox 2300 5248 2352 5300; x_wconf 86' lang='lat' dir='ltr'><strong>Si</strong></span> <span class='ocrx_word' id='word_1_932' title='bbox 2389 5247 2469 5298; x_wconf 85' lang='lat' dir='ltr'><strong>hic</strong></span> <span class='ocrx_word' id='word_1_933' title='bbox 2502 5246 2619 5297; x_wconf 82' lang='lat' dir='ltr'><strong>talia</strong></span> <span class='ocrx_word' id='word_1_934' title='bbox 2654 5255 2959 5312; x_wconf 73' lang='lat' dir='ltr'><strong>operantur,</strong></span> <span class='ocrx_word' id='word_1_935' title='bbox 2987 5243 3029 5295; x_wconf 85' lang='lat' dir='ltr'><strong>si</strong></span> <span class='ocrx_word' id='word_1_936' title='bbox 3064 5243 3148 5296; x_wconf 90' lang='lat' dir='ltr'><strong>hic</strong></span> <span class='ocrx_word' id='word_1_937' title='bbox 3179 5258 3238 5296; x_wconf 87' lang='lat' dir='ltr'><strong>ea</strong></span> <span class='ocrx_word' id='word_1_938' title='bbox 3274 5243 3468 5294; x_wconf 83' lang='lat' dir='ltr'><strong>faciunt</strong></span> <span class='ocrx_word' id='word_1_939' title='bbox 3499 5258 3615 5310; x_wconf 81' lang='lat' dir='ltr'><strong>quze</strong></span> <span class='ocrx_word' id='word_1_940' title='bbox 3668 5246 3864 5314; x_wconf 74' lang='lat' dir='ltr'><strong>angeli,</strong></span> 
     </span>
    </p>
   </div>
   <div class='ocr_carea' id='block_1_117' title="bbox 2298 5331 3866 5407">
    <p class='ocr_par' dir='ltr' id='par_1_117' title="bbox 2298 5331 3866 5407">
     <span class='ocr_line' id='line_1_117' title="bbox 2298 5331 3866 5407; baseline -0.002 -17"><span class='ocrx_word' id='word_1_941' title='bbox 2298 5337 2418 5407; x_wconf 88' lang='lat' dir='ltr'><strong>quid</strong></span> <span class='ocrx_word' id='word_1_942' title='bbox 2464 5337 2615 5390; x_wconf 79' lang='lat' dir='ltr'><strong>illic?</strong></span> <span class='ocrx_word' id='word_1_943' title='bbox 2647 5345 2899 5405; x_wconf 84' lang='lat' dir='ltr'><strong>quantum</strong></span> <span class='ocrx_word' id='word_1_944' title='bbox 2945 5336 3140 5387; x_wconf 76' lang='lat' dir='ltr'><strong>habent</strong></span> <span class='ocrx_word' id='word_1_945' title='bbox 3188 5332 3572 5401; x_wconf 77' lang='lat' dir='ltr'><strong>splendorem?</strong></span> <span class='ocrx_word' id='word_1_946' title='bbox 3615 5331 3866 5387; x_wconf 76' lang='lat' dir='ltr'><strong>Fortasse</strong></span> 
     </span>
    </p>
   </div>
   <div class='ocr_carea' id='block_1_118' title="bbox 2299 5424 3863 5498">
    <p class='ocr_par' dir='ltr' id='par_1_118' title="bbox 2299 5424 3863 5498">
     <span class='ocr_line' id='line_1_118' title="bbox 2299 5424 3863 5498; baseline -0.002 -17"><span class='ocrx_word' id='word_1_947' title='bbox 2299 5432 2654 5498; x_wconf 68' lang='lat' dir='ltr'><strong>utin-quisquc</strong></span> <span class='ocrx_word' id='word_1_948' title='bbox 2680 5438 2908 5480; x_wconf 74' lang='lat' dir='ltr'><strong>vestrum</strong></span> <span class='ocrx_word' id='word_1_949' title='bbox 2936 5427 3089 5481; x_wconf 73' lang='lat' dir='ltr'><strong>vellet</strong></span> <span class='ocrx_word' id='word_1_950' title='bbox 3123 5441 3240 5478; x_wconf 76' lang='lat' dir='ltr'><strong>esse</strong></span> <span class='ocrx_word' id='word_1_951' title='bbox 3264 5424 3585 5491; x_wconf 83' lang='lat' dir='ltr'><strong>ltnjusmodi,</strong></span> <span class='ocrx_word' id='word_1_952' title='bbox 3607 5435 3659 5477; x_wconf 92' lang='lat' dir='ltr'><strong>ut</strong></span> <span class='ocrx_word' id='word_1_953' title='bbox 3685 5438 3863 5493; x_wconf 83' lang='lat' dir='ltr'><strong>posset</strong></span> 
     </span>
    </p>
   </div>
   <div class='ocr_carea' id='block_1_119' title="bbox 2298 5518 3861 5590">
    <p class='ocr_par' dir='ltr' id='par_1_119' title="bbox 2298 5518 3861 5590">
     <span class='ocr_line' id='line_1_119' title="bbox 2298 5518 3861 5590; baseline -0.005 -15"><span class='ocrx_word' id='word_1_954' title='bbox 2298 5524 2553 5590; x_wconf 61' lang='lat' dir='ltr'><strong>imperari-</strong></span> <span class='ocrx_word' id='word_1_955' title='bbox 2584 5523 2677 5573; x_wconf 82' lang='lat' dir='ltr'><strong>soli</strong></span> <span class='ocrx_word' id='word_1_956' title='bbox 2708 5534 2758 5575; x_wconf 89' lang='lat' dir='ltr'><strong>et</strong></span> <span class='ocrx_word' id='word_1_957' title='bbox 2792 5522 2944 5572; x_wconf 75' lang='lat' dir='ltr'><strong>hunc.</strong></span> <span class='ocrx_word' id='word_1_958' title='bbox 2994 5519 3086 5571; x_wconf 72' lang='lat' dir='ltr'><strong>llic</strong></span> <span class='ocrx_word' id='word_1_959' title='bbox 3113 5520 3143 5569; x_wconf 90' lang='lat' dir='ltr'><strong>ii</strong></span> <span class='ocrx_word' id='word_1_960' title='bbox 3174 5518 3259 5586; x_wconf 86' lang='lat' dir='ltr'><strong>qui</strong></span> <span class='ocrx_word' id='word_1_961' title='bbox 3298 5519 3484 5569; x_wconf 75' lang='lat' dir='ltr'><strong>ca-luut</strong></span> <span class='ocrx_word' id='word_1_962' title='bbox 3535 5518 3715 5569; x_wconf 86' lang='lat' dir='ltr'><strong>dicunt</strong></span> <span class='ocrx_word' id='word_1_963' title='bbox 3741 5534 3861 5571; x_wconf 71' lang='lat' dir='ltr'><strong>esse</strong></span> 
     </span>
    </p>
   </div>
   <div class='ocr_carea' id='block_1_120' title="bbox 2297 5609 3862 5681">
    <p class='ocr_par' dir='ltr' id='par_1_120' title="bbox 2297 5609 3862 5681">
     <span class='ocr_line' id='line_1_120' title="bbox 2297 5609 3862 5681; baseline -0.003 -14"><span class='ocrx_word' id='word_1_964' title='bbox 2297 5616 2581 5680; x_wconf 71' lang='lat' dir='ltr'><strong>splnrt&#39;ant,</strong></span> <span class='ocrx_word' id='word_1_965' title='bbox 2604 5614 2723 5681; x_wconf 78' lang='lat' dir='ltr'><strong>quid</strong></span> <span class='ocrx_word' id='word_1_966' title='bbox 2757 5612 3019 5665; x_wconf 61' lang='lat' dir='ltr'><strong>dixerint?</strong></span> <span class='ocrx_word' id='word_1_967' title='bbox 3053 5612 3155 5663; x_wconf 68' lang='lat' dir='ltr'><strong>tlttr</strong></span> <span class='ocrx_word' id='word_1_968' title='bbox 3183 5629 3282 5661; x_wconf 83' lang='lat' dir='ltr'><strong>non</strong></span> <span class='ocrx_word' id='word_1_969' title='bbox 3312 5609 3460 5671; x_wconf 72' lang='lat' dir='ltr'><strong>dixit,</strong></span> <span class='ocrx_word' id='word_1_970' title='bbox 3494 5610 3607 5662; x_wconf 67' lang='lat' dir='ltr'><strong>Stet</strong></span> <span class='ocrx_word' id='word_1_971' title='bbox 3634 5612 3733 5674; x_wconf 68' lang='lat' dir='ltr'><strong>Sui,</strong></span> <span class='ocrx_word' id='word_1_972' title='bbox 3771 5614 3862 5664; x_wconf 75' lang='lat' dir='ltr'><strong>scd</strong></span> 
     </span>
    </p>
   </div>
   <div class='ocr_carea' id='block_1_121' title="bbox 2296 5702 3862 5765">
    <p class='ocr_par' dir='ltr' id='par_1_121' title="bbox 2296 5702 3862 5765">
     <span class='ocr_line' id='line_1_121' title="bbox 2296 5702 3862 5765; baseline -0.004 -8"><span class='ocrx_word' id='word_1_973' title='bbox 2296 5705 2521 5765; x_wconf 77' lang='lat' dir='ltr'><strong>addidit,</strong></span> <span class='ocrx_word' id='word_1_974' title='bbox 2568 5706 2672 5755; x_wconf 55' lang='lat' dir='ltr'><strong>.‘i-i&#39;t</strong></span> <span class='ocrx_word' id='word_1_975' title='bbox 2720 5714 2889 5755; x_wconf 63' lang='lat' dir='ltr'><strong>luntre</strong></span> <span class='ocrx_word' id='word_1_976' title='bbox 2936 5702 3169 5763; x_wconf 62' lang='lat' dir='ltr'><strong>{{(ti&#39;ucn,</strong></span> <span class='ocrx_word' id='word_1_977' title='bbox 3204 5712 3245 5751; x_wconf 70' lang='lat' dir='ltr'><strong>ot</strong></span> <span class='ocrx_word' id='word_1_978' title='bbox 3300 5703 3416 5753; x_wconf 71' lang='grc' dir='ltr'><strong>(ΗΜ</strong></span> <span class='ocrx_word' id='word_1_979' title='bbox 3460 5712 3632 5753; x_wconf 63' lang='grc' dir='ltr'><strong>«ωιτν-(ι</strong></span> <span class='ocrx_word' id='word_1_980' title='bbox 3685 5703 3862 5755; x_wconf 80' lang='lat' dir='ltr'><strong>rulicnt</strong></span> 
     </span>
    </p>
   </div>
  </div>
