4062 6406
221 377 324 434 19.9

213 501 404 559 Etom.’
430 496 544 555 lloc
558 505 658 558 est,
688 495 827 550 diem
874 492 1033 548 faciat
1064 490 1342 561 majorem.
1373 488 1483 543 lloc
1513 488 1671 542 etiam
1713 487 1788 542 fa-

202 604 354 648 ctum
382 598 466 647 est
494 591 547 644 in
580 585 849 648 Ezechia;
894 583 973 639 sol
1028 580 1360 635 retrocessit.
1410 577 1516 633 Sed
1567 578 1669 633 hoc
1708 589 1784 632 est

204 684 302 737 illo
326 678 712 739 admirabilius,
743 689 934 747 nempe
954 670 1218 727 contraria
1235 670 1318 722 via
1342 683 1528 724 rursus
1560 668 1783 738 ingredi,

208 788 330 828 eum
352 784 568 827 cursum
609 781 760 822 suout
788 763 1022 819 nondum
1054 760 1392 816 confecisset.
1417 758 1523 814 Sed
1552 758 1635 814 his
1669 773 1784 813 ma-

207 866 323 938 iora
342 880 440 919 nos
463 875 832 931 assequemur,
873 856 919 911 si
947 855 1193 910 velimus.
1212 853 1342 907 Nam
1367 867 1609 923 qua-nam
1632 852 1787 921 nobis

208 954 453 1022 promisit
471 950 714 1007 Christus
731 949 754 1003 ‘t
770 947 883 1002 Non
914 945 1027 1000 fore
1051 954 1109 997 ut
1132 942 1300 998 solem
1323 943 1593 1008 sistamus,
1615 952 1786 1011 neque

207 1047 411 1106 iuuant,
436 1057 609 1113 neque
637 1041 765 1095 solis
788 1035 1318 1107 retrogradationem,
1352 1033 1446 1088 sed
1473 1033 1644 1102 quid?
1684 1032 1783 1088 Ve-

204 1138 422 1202 niamus,
464 1135 653 1204 inquit,
686 1133 753 1186 ad
786 1133 951 1200 ipsum
990 1145 1080 1200 ego
1102 1138 1147 1182 et
1196 1126 1352 1180 Pater
1379 1141 1539 1191 ntetts,
1565 1135 1611 1179 et
1642 1142 1786 1179 man-

202 1230 399 1284 sionem
425 1226 562 1297 apud
588 1241 702 1279 eum
726 1223 965 1293 faciemus
995 1218 1175 1289 (Joan.
1205 1218 1293 1274 14.
1320 1216 1438 1285 ‘23).
1468 1215 1607 1283 Quid
1653 1215 1782 1270 mihi

202 1331 341 1386 epus
370 1326 449 1371 est
492 1316 608 1370 sole
657 1322 712 1369 et
757 1314 879 1367 luna
919 1320 972 1366 ct
1022 1309 1104 1363 his
1130 1308 1398 1362 miraculis
1426 1348 1442 1372 ,
1490 1322 1611 1361 cum
1670 1308 1783 1377 ipse

202 1408 443 1462 onmium
476 1405 731 1462 Dominus
776 1403 842 1457 ad
872 1417 958 1457 tne
994 1398 1303 1461 descendat.
1331 1408 1383 1452 et
1413 1397 1551 1465 apud
1583 1412 1668 1452 me
1694 1399 1781 1451 lir-

202 1514 328 1553 tnus
354 1507 563 1552 maneat
591 1505 643 1550 et
669 1492 905 1549 stabilis?
937 1492 1039 1546 hoc
1075 1488 1204 1544 mihi
1230 1504 1332 1542 non
1357 1499 1440 1543 cst
1460 1502 1612 1556 opus,
1642 1488 1777 1556 Quid

206 1576 354 1626 enim
386 1574 515 1627 mihi
568 1575 677 1628 ullo
707 1576 894 1628 borum
923 1590 1055 1644 opus
1093 1580 1219 1631 est?
1268 1578 1381 1646 ipse
1404 1579 1505 1633 erit
1556 1579 1686 1632 mihi
1730 1580 1782 1631 in

202 1663 373 1717 solem
390 1675 445 1718 et
464 1664 642 1719 lunam
665 1675 717 1720 et
743 1665 936 1720 lucem.
964 1664 1117 1731 Nam,
1147 1665 1233 1720 dic
1256 1666 1405 1731 tnihi,
1423 1667 1549 1736 quid
1571 1667 1781 1735 malles,

202 1753 406 1822 regiam
434 1755 720 1823 ingressus,
753 1771 820 1809 an
841 1754 1037 1825 aliquid
1068 1766 1420 1812 transmutarc
1449 1772 1632 1812 eorum
1664 1746 1781 1827 qua:

204 1843 308 1896 lixa
336 1852 481 1910 sunt,
513 1860 579 1898 an
609 1861 786 1915 regem
820 1846 911 1899 tibi
944 1854 1088 1899 tanta
1118 1846 1443 1916 conjungere
1494 1846 1783 1902 familiari-

201 1942 332 1998 tate,
355 1943 409 1988 ut
439 1936 488 1989 ei
509 1936 830 2004 persuadeas
856 1946 908 1989 nt
938 1935 1003 1987 ad
1038 1944 1089 1991 te
1109 1934 1381 1991 deveniat?
1410 1953 1587 1993 nonne
1612 1939 1780 1992 multo

199 2023 369 2091 magis
396 2023 515 2088 hoc,
548 2040 702 2094 quam
740 2026 900 2078 illttd?
928 2025 1062 2092 Quid
1116 2028 1289 2080 vero?
1322 2041 1426 2082 non
1475 2029 1689 2095 mirum,
1733 2032 1773 2097 si

196 2130 318 2182 qum
348 2114 507 2169 homo
537 2115 780 2185 imperat,
812 2118 924 2172 hate
951 2132 1160 2187 quoque
1186 2118 1463 2174 Christus?
1491 2121 1595 2176 Sed
1625 2121 1777 2194 Chri-

196 2214 332 2265 stus,
358 2206 544 2275 inquit,
576 2224 678 2261 non
710 2218 854 2277 rogat
885 2209 1227 2276 Patretn,sed
1254 2226 1349 2266 sua
1377 2211 1503 2267 facit
1546 2217 1777 2269 auctori-

179 2305 325 2359 ‘tate.
352 2296 516 2351 Recte
547 2315 560 2350 :
594 2299 823 2367 primum
846 2314 972 2368 ergo
994 2300 1251 2355 confitere
1274 2301 1416 2372 quod
1439 2284 1652 2359 i’atrem
1669 2320 1773 2359 non

196 2394 368 2454 rogat,
397 2395 450 2439 et
473 2400 567 2440 sua
597 2388 718 2442 facit
737 2389 1090 2455 auctoritate;
1113 2399 1167 2444 et
1206 2400 1330 2447 tunc
1358 2406 1422 2447 ex
1457 2403 1507 2447 te
1528 2394 1772 2448 sciscita-

196 2477 314 2542 hor,
356 2476 463 2531 imo
516 2487 567 2532 te
594 2476 795 2534 docebo
840 2478 981 2534 circa
1013 2481 1391 2550 precationem,
1442 2499 1598 2553 quam
1629 2483 1770 2549 facit,

195 2572 389 2627 fecisse
421 2588 515 2641 per
540 2576 1032 2644 attemperationem
1050 2584 1105 2631 et
1130 2578 1480 2631 (economiam
1510 2576 1637 2647 (non
1661 2585 1775 2630 erat

192 2662 337 2713 enim
368 2661 608 2730 Christus
630 2666 805 2718 minor
821 2663 947 2719 Jcsu
972 2663 1163 2732 Nave),
1196 2665 1409 2733 etquod
1440 2674 1647 2733 poterat
1678 2678 1774 2718 nos

194 2750 390 2803 docere
430 2750 546 2804 sine
572 2752 836 2807 oratione.
863 2752 1010 2807 Sicut
1035 2748 1175 2807 enim
1204 2754 1514 2823 magistrum
1542 2753 1768 2807 audiens

190 2838 577 2893 balbutientem
619 2852 674 2895 et
702 2841 963 2897 elementa
1012 2852 1415 2906 recensentem,
1464 2856 1571 2897 non
1627 2841 1764 2898 dicis

190 2931 365 2999 ipsum
406 2931 685 3000 ignorare;
719 2942 772 2987 et
808 2928 1022 3001 quando
1058 2934 1387 3003 interrogat:
1426 2931 1523 2986 Ubi
1562 2931 1772 2993 esthoc

186 3020 556 3075 elementum?
596 3022 703 3075 scis
748 3020 887 3089 quod
920 3034 1024 3075 non
1050 3020 1304 3091 ignorans
1326 3022 1638 3089 interrogat,
1677 3020 1769 3074 sed

187 3108 507 3178 discipulum
537 3109 721 3163 volens
762 3110 1041 3165 instituere
1071 3126 1085 3162 :
1114 3109 1187 3164 ita
1211 3110 1371 3164 etiam
1395 3108 1637 3164 Christus
1667 3126 1766 3164 non

188 3200 433 3254 oratione
460 3198 699 3267 indigens
747 3200 953 3263 orabat.
984 3199 1097 3254 sed
1125 3208 1176 3254 te
1204 3198 1456 3253 inducere
1493 3200 1680 3253 volens
1710 3210 1767 3253 ut

189 3288 409 3355 assidue
436 3291 512 3344 sis
541 3297 774 3344 attentus
803 3290 1068 3352 orationi,
1126 3298 1184 3343 ut
1230 3304 1350 3343 eam
1394 3290 1608 3344 emittas
1655 3291 1771 3346 sine

188 3381 604 3447 intermissione,
622 3391 681 3435 ut
705 3381 900 3444 sobrie,
917 3389 974 3435 et
991 3396 1113 3435 eum
1133 3380 1298 3435 multa
1318 3364 1773 3452 vigilantia.Vigi—

187 3472 303 3527 lare
324 3480 501 3527 autem
531 3487 634 3527 non
656 3472 777 3528 dico
791 3473 962 3527 solum
983 3482 1142 3545 noctu
1156 3474 1473 3542 expergisci,
1493 3472 1587 3526 sed
1610 3474 1769 3528 etiam

188 3560 420 3615 interdiu
434 3562 666 3617 sobrium
689 3576 808 3617 esse
827 3564 876 3616 in
904 3561 1182 3632 precibus:
1212 3562 1263 3616 ls
1293 3562 1436 3616 enim
1469 3562 1773 3631 appellatur

185 3654 432 3723 vigilans.
483 3654 661 3708 Potest
697 3656 839 3708 enim
882 3670 1003 3710 esse
1032 3662 1089 3709 ut
1118 3655 1235 3725 quis
1266 3666 1424 3708 noctu
1453 3670 1615 3709 orans
1644 3656 1772 3710 dor-

186 3745 339 3806 miat,
386 3752 440 3797 et
470 3744 699 3798 interdiu
729 3760 833 3797 non
862 3759 1022 3799 orans
1062 3744 1283 3813 vigilet,
1313 3745 1527 3813 quando
1562 3748 1771 3799 animus

184 3835 347 3889 fuerit
370 3834 434 3888 ad
478 3836 641 3889 Deum
672 3837 905 3889 intentus
925 3836 1159 3905 quando,
1181 3837 1378 3905 cogitat
1399 3853 1516 3891 eum
1540 3854 1645 3907 qtto
1671 3839 1782 3890 dis-

183 3935 352 3990 serat,
386 3925 452 3981 ad
491 3941 649 3996 quem
693 3927 853 3981 verba
898 3926 1074 3992 faciat,
1123 3927 1333 3995 quando
1360 3928 1408 3980 ei
1438 3928 1489 3979 in
1538 3938 1768 3981 mentem

184 4016 335 4069 venit
359 4015 497 4084 quod
519 4017 691 4086 angeli
714 4016 924 4070 adstent
944 4031 1064 4071 cum
1094 4004 1393 4071 tremorect
1420 4017 1631 4082 timore,
1658 4020 1667 4068 i
1676 4033 1771 4086 pse

182 4116 363 4161 autem
394 4106 597 4160 accedit
623 4108 855 4161 oscitans
882 4115 935 4161 et
961 4122 1019 4161 se
1042 4107 1254 4161 fricans.

264 4194 481 4249 Precum
511 4206 697 4266 quanta
721 4198 786 4250 sit
816 4198 996 4251 vis.—
1022 4196 1206 4264 Magna
1227 4212 1375 4250 arma
1406 4209 1523 4251 sunt
1560 4213 1766 4267 preces,

183 4289 228 4342 si
259 4303 381 4341 cum
418 4303 481 4341 ca
510 4304 612 4357 qua
638 4304 731 4357 par
757 4298 840 4342 ost
867 4298 1045 4342 mente
1074 4293 1219 4343 ilaut.
1254 4289 1317 4341 Et
1338 4299 1396 4342 ut
1419 4304 1602 4343 earum
1654 4291 1767 4343 vim

183 4378 474 4446 intelligas,
510 4378 632 4432 hinc
652 4377 930 4448 perpende
962 4395 975 4431 :
1005 4378 1387 4445 impudentiam
1431 4361 1765 4448 ct‘iniquita-

189 4474 321 4527 tem,
350 4464 717 4519 crudelitatem
756 4474 810 4519 et
839 4467 1194 4533 importunam
1242 4465 1515 4518 audaciam
1549 4465 1768 4516 vincunt

188 4554 633 4622 assiduzepreces
660 4573 672 4605 :
704 4554 885 4607 Audite
938 4556 1097 4617 enim,
1135 4556 1322 4623 inquit,
1365 4555 1486 4623 quid
1516 4554 1652 4605 dicat
1677 4554 1769 4621 ju-

187 4648 288 4697 dea:
337 4644 612 4712 iniquitatis
643 4643 790 4712 (an.
836 4645 885 4699 8.
918 4644 1000 4713 6}.
1034 4646 1097 4699 Et
1141 4660 1325 4698 rursus
1369 4645 1587 4697 vincunt
1631 4643 1771 4697 desi-

189 4734 333 4787 diam
370 4749 384 4785 :
416 4735 633 4801 etquod
668 4750 772 4787 non
814 4735 935 4787 fecit
974 4736 1220 4798 amicitia,
1257 4735 1357 4786 hoc
1386 4734 1592 4785 assidua
1648 4732 1772 4787 fecit

192 4823 552 4890 itazorpeilalio
580 4841 590 4874 :
622 4823 684 4875 Et
709 4825 751 4877 si
772 4842 869 4876 non
897 4840 953 4876 eo
983 4825 1116 4891 quod
1143 4828 1204 4876 sit
1226 4827 1332 4893 ejus
1346 4826 1553 4886 amicus,
1580 4823 1766 4889 inquit,

190 4913 330 4964 dabit
358 4913 421 4973 ei,
448 4913 537 4965 sed
565 4924 727 4965 tamen
759 4924 962 4981 propter
990 4916 1097 4981 ejus
1123 4914 1487 4981 impudentiam
1510 4954 1524 4977 ,
1562 4930 1770 4981 surgens

189 5006 329 5059 dabit
357 5006 404 5058 ei
432 4994 581 5074 (Luc.
621 5008 705 5059 Η.
737 5006 811 5075 8).
844 5006 909 5058 Et
948 5022 1062 5060 cam
1116 5022 1233 5073 qua:
1265 5015 1380 5059 erat
1422 5006 1647 5071 indigna,
1686 5005 1769 5056 di-

191 5115 348 5169 gnam
378 5098 501 5153 fecit
548 5098 831 5152 assiduitas
864 5080 891 5149 ί
908 5098 1027 5150 Non
1078 5110 1169 5161 est,
1204 5100 1391 5166 inquit,
1425 5099 1609 5149 bonum
1637 5099 1770 5149 acci-

192 5205 310 5255 pere
354 5206 535 5258 panem
565 5190 804 5256 ﬁliorum,
835 5198 879 5241 et
928 5190 1050 5240 dare
1077 5188 1300 5240 canibus.
1356 5188 1543 5250 Etiam,
1570 5188 1761 5254 inquit,

195 5283 410 5337 Domine
441 5300 459 5334 .'
486 5300 603 5335 nam
630 5292 677 5335 et
696 5283 851 5334 catuli
893 5284 1158 5335 comedunt
1188 5299 1213 5335 e
1258 5299 1425 5334 mensa
1452 5281 1768 5333 dominorum

190 5392 399 5430 suorum
423 5375 635 5445 (Matth.
668 5376 752 5429 15.
778 5374 867 5428 26.
896 5374 1010 5443 27).

262 5468 313 5521 5.
357 5466 712 5519 Attendamus
756 5481 883 5533 ergo
909 5466 1135 5519 orationi
1168 5484 1180 5518 :
1212 5475 1333 5519 sunt
1381 5482 1567 5533 magna
1619 5480 1764 5518 arma

193 5572 401 5625 preces,
448 5556 490 5609 si
524 5555 650 5609 ﬁant
694 5565 894 5609 attente
924 5567 977 5610 ct
1008 5556 1240 5619 aSsidue,
1287 5558 1330 5610 Si
1385 5557 1587 5624 absque
1628 5558 1767 5609 inani

192 5649 382 5717 gloria,
411 5648 453 5702 si
484 5663 603 5701 cum
663 5664 795 5716 puro
826 5658 878 5704 ct
926 5650 1137 5703 sincero
1180 5649 1391 5703 affectu.
1420 5649 1599 5702 Oratio
1634 5650 1768 5703 bella

193 5738 403 5811 eyertit,
432 5737 541 5804 ipsa
572 5746 783 5806 gentem
818 5739 1075 5809 inti-stam
1108 5750 1160 5794 et
1213 5740 1477 5811 indignam
1512 5741 1767 5795 benclieio

1034 368 1097 429 IN
1135 367 1347 426 EPIST.
1391 367 1481 423 AD
1519 362 1877 422 HEBRA‘JJS.
1918 363 2069 420 CAP.
2114 364 2203 420 XI.
2245 364 2455 421 llOMlL
2519 362 2727 419 XXVII.

3358 362 3456 415 190

1874 482 2052 538 atTecit
2085 499 2096 534 :
2132 458 2334 546 Attdm',
2362 480 2552 551 inquit,
2575 480 2819 549 gemitum
2837 493 3029 544 eorum,
3052 484 3099 531 et
3128 478 3366 532 descendi
3385 479 3453 530 ad

1868 589 1951 625 eos
2006 571 2295 626 liberandos
2339 569 2532 643 tExod.
2563 570 2617 623 5.
2647 568 2705 636 8)
2730 588 2742 622 :
2771 568 2942 622 oratio
2992 576 3075 621 est
3106 566 3451 637 pharmacum

1867 662 2117 728 salutare,
2139 670 2192 715 et
2218 659 2509 732 prohibens
2539 668 2781 733 peccata,
2803 667 2856 712 et
2882 656 3332 711 medicamentum
3356 658 3453 712 de-
3508 686 3513 689 Α

1869 752 2136 805 lictorum.
2169 750 2226 804 ln
2250 765 2311 803 ea
2351 758 2466 804 erat
2500 748 2713 803 assidue
2760 747 2916 801 vidua
2964 748 3051 802 .lla
3093 748 3277 801 relicta
3308 748 3444 818 sola,

1868 844 2000 898 Nam
2026 844 2069 897 si
2099 858 2316 898 oremus
2357 857 2477 897 cunt
2512 840 2830 904 humilitate,
2880 841 2925 894 si
2954 849 3141 909 pectus
3158 842 3449 909 pulsantes

1869 947 1923 988 ut
1956 935 2269 1004 publicanus
2290 974 2305 1000 ,
2338 934 2383 987 si
2419 948 2481 988 ca
2509 948 2627 1002 qua:
2658 932 2746 987 ille
2777 931 3088 1001 loquentes,
3118 931 3161 983 si
3184 930 3445 997 dicamus,

1868 1024 1992 1085 Esto
2040 1026 2291 1095 propitius
2339 1024 2463 1077 mihi
2492 1024 2743 1094 peccatori
2778 1021 2927 1093 (Luc.
2969 1023 3057 1077 18.
3103 1023 3217 1091 i5),
3268 1023 3446 1076 omnia

1867 1134 2277 1188 consequemur.
2322 1117 2454 1171 Nam
2496 1117 2594 1171 etsi
2628 1129 2732 1169 non
2759 1129 2945 1170 sumus
2975 1114 3259 1183 publicani,
3284 1114 3448 1169 habe-

1868 1224 1985 1263 nms
2010 1208 2110 1262 alia
2136 1216 2353 1278 peccata
2381 1207 2523 1261 illius
2546 1206 2779 1274 peccatis
2810 1220 2913 1259 non
2948 1206 3176 1258 minora.
3210 1204 3285 1259 Ne
3314 1204 3446 1259 mihi

1867 1301 2067 1356 dixeris
2114 1308 2168 1355 te
2218 1301 2271 1355 in
2310 1299 2537 1369 quadam
2571 1312 2729 1368 parva
2761 1312 2819 1351 re
2850 1310 3102 1365 peccasse
3135 1314 3148 1349 :
3189 1311 3274 1350 res
3303 1297 3445 1353 enim

1867 1393 2110 1448 eamdem
2150 1391 2311 1446 habet
2336 1401 2599 1444 naturam.
2630 1388 2783 1445 Sicut
2807 1388 2948 1444 enim
2986 1388 3235 1445 similiter
3256 1390 3445 1444 dicitur

1865 1482 2152 1549 homicida,
2187 1491 2241 1538 et
2269 1483 2357 1551 qui
2385 1496 2576 1553 parvos
2607 1496 2800 1552 pueros
2836 1481 3130 1546 interemit,
3160 1492 3217 1538 et
3244 1483 3333 1553 qui
3366 1485 3444 1536 vi-

1866 1590 1984 1629 rum
2010 1590 2025 1628 :
2054 1576 2125 1629 ita
2152 1575 2312 1629 etiam
2342 1583 2425 1630 est
2452 1588 2664 1640 avarus,
2688 1582 2743 1628 et
2763 1575 2853 1644 qui
2884 1575 2935 1627 in
2966 1574 3168 1640 multis,
3188 1584 3240 1628 ct
3267 1577 3357 1645 qui
3390 1577 3442 1629 in

1862 1666 2045 1733 paucis
2066 1663 2277 1718 fraudat
2303 1663 2627 1734 quempiam.
2669 1663 2733 1719 Et
2763 1664 2970 1733 injuria:
2997 1676 3231 1735 accepta:
3260 1680 3443 1720 recor-

1864 1754 2028 1820 datio,
2061 1770 2165 1809 non
2196 1767 2279 1810 est
2306 1770 2546 1824 parvum.
2571 1757 2663 1811 sed
2695 1772 2945 1827 maguum
2972 1768 3250 1824 peccatum
3284 1776 3297 1811 :
3334 1758 3443 1812 Eo-

1862 1862 1976 1899 rum
2004 1850 2144 1901 enim
2166 1847 2251 1914 qui
2274 1846 2479 1918 injuriae
2501 1858 2723 1918 accepta:
2745 1858 2864 1902 sunt
2897 1866 3161 1916 memores,
3192 1852 3285 1905 vite
3326 1862 3443 1905 sunt

1860 1930 1925 1980 ad
1947 1928 2353 1999 mortem(Prov.
2379 1930 2465 1984 i2.
2494 1932 2621 2001 28);
2656 1943 2733 1997 et,
2771 1935 2872 1999 Qui
2908 1937 3143 1991 irascitur
3169 1944 3316 2009 fratri
3350 1960 3441 1997 suo

1862 2018 1972 2073 sine
1996 2035 2172 2085 causa,
2202 2022 2297 2074 erit
2338 2023 2583 2077 obnoxius
2603 2026 2845 2097 geltennte
2892 2028 3103 2096 (Matth.
3141 2032 3195 2087 5.
3223 2033 3351 2102 22);
3386 2043 3441 2090 et

1860 2111 1947 2177 qui
2007 2121 2160 2165 vocat
2210 2112 2427 2167 fratrem
2476 2130 2628 2171 sumu
2671 2115 2871 2171 fatuum
2902 2130 2955 2173 et
2984 2121 3344 2192 insipientem,
3383 2138 3439 2183 et

1859 2203 1959 2256 alia
1992 2203 2240 2271 plurima.
2280 2204 2718 2260 Reverendorum
2775 2209 2935 2262 etiam
2982 2224 3440 2274 sacramentorum

1861 2295 2155 2363 participes
2182 2310 2367 2351 sumus
2412 2298 2649 2367 indigne,
2676 2308 2725 2353 ct
2778 2299 3102 2371 invidemus,
3134 2315 3187 2360 et
3212 2309 3439 2364 maledi-

1861 2390 1963 2440 ctis
2008 2388 2307 2457 appetimus
2339 2408 2351 2443 :
2382 2390 2597 2460 quidam
2633 2406 2700 2446 ex
2752 2392 2906 2447 nobis
2944 2409 3087 2466 sarpe
3134 2400 3293 2451 etiam
3321 2411 3442 2454 sunt

1863 2477 2130 2531 inebriati.
2165 2478 2363 2532 llornm
2414 2495 2544 2535 vero
2576 2482 2991 2553 unumquodque
3042 2487 3213 2554 ipsum
3264 2504 3358 2557 per
3385 2506 3443 2544 se

1862 2567 2054 2623 sufﬁcit
2075 2569 2139 2623 ad
2168 2570 2536 2639 expellendum
2556 2587 2586 2625 c
2605 2578 2813 2642 regno:
2842 2575 3058 2643 quando
3084 2586 3260 2633 autem
3282 2582 3439 2634 simul

1862 2672 2267 2728 congeruntur,
2320 2676 2608 2731 quamnam
2656 2664 2973 2721 habebimus
3033 2668 3444 2732 defensionem?

1864 2744 2043 2811 Multa.
2086 2764 2115 2804 ο
2164 2749 2366 2815 dilecti,
2416 2752 2571 2806 nobis
2614 2768 2751 2823 opus
2777 2764 2861 2809 est
2894 2758 3226 2827 pmnitentia,
3276 2762 3442 2818 multa

1863 2842 2305 2906 oratione,multa
2341 2843 2646 2910 tolerantia,
2666 2846 2834 2900 multa
2851 2848 3186 2914 assiduitate,
3215 2860 3273 2906 ut
3304 2854 3441 2908 bona

1865 2934 2018 2988 nobis
2049 2935 2309 3003 promissa
2358 2936 2624 3005 possimus
2652 2938 2886 3007 assequi.
2914 2940 3163 2999 Dicamus
3194 2959 3322 3015 ergo
3346 2960 3447 3001 nos

1864 3039 2093 3093 quoque,
2126 3023 2393 3092 Propitius
2423 3035 2527 3079 esto
2555 3027 2682 3080 mihi
2711 3030 3004 3097 peccatori;
3043 3031 3153 3087 imo
3182 3049 3312 3089 vero
3338 3049 3445 3089 non

1866 3114 2036 3169 solum
2080 3113 2339 3179 dicamus,
2363 3115 2458 3170 sed
2504 3118 2979 3175 ctiamscntiamus
3016 3137 3079 3177 ac
3130 3126 3446 3195 cogitemus.

1866 3214 1919 3258 et
1940 3204 1985 3256 si
2014 3204 2149 3257 alius
2175 3218 2269 3259 nos
2299 3204 2380 3258 sie
2398 3216 2634 3273 accuset,
2664 3222 2733 3261 ne
2763 3208 3079 3266 irascamur.
3100 3213 3313 3269 Audivit
3334 3216 3445 3283 ille,

1869 3294 1990 3349 Non
2015 3311 2128 3349 sum
2156 3297 2281 3350 sicut
2303 3297 2605 3366 publicanus
2631 3300 2764 3365 iste;
2811 3316 2911 3357 nec
2950 3304 3139 3372 iratus,
3174 3308 3267 3363 sed
3298 3324 3449 3364 com-

1869 3395 2095 3455 punctus
2119 3395 2202 3440 est
2231 3404 2244 3439 :
2276 3386 2550 3441 victoriam
2576 3389 2822 3454 obt’nnit,
2849 3404 2901 3446 et
2921 3395 3265 3464 Opprobrinm
3284 3400 3450 3468 depo-

1868 3476 1994 3529 suit.
2028 3475 2289 3531 lndieavit
2314 3476 2402 3532 ille
2428 3478 2653 3545 vulnus;
2687 3481 2771 3535 hic
2800 3482 3147 3550 pharmaeum
3179 3491 3448 3559 quaesivit.

1869 3568 2115 3621 Dicamus
2143 3582 2292 3637 ergo,
2320 3568 2584 3637 Propitius
2604 3581 2711 3625 esto
2732 3574 2857 3626 mihi
2878 3580 3131 3643 peccatori
3152 3595 3173 3643 ;
3201 3581 3296 3635 sed
3322 3591 3376 3637 et
3405 3585 3451 3638 si

1868 3659 2004 3713 alius
2046 3659 2208 3724 dicat,
2239 3674 2307 3713 ne
2356 3660 2719 3731 indignemur.
2763 3663 2857 3718 Sin
2900 3677 3077 3747 autem
3106 3671 3205 3739 ipsi
3232 3671 3449 3742 quidem

1869 3750 2106 3805 dicamus
2131 3750 2199 3805 de
2223 3751 2376 3806 nobis
2403 3752 2541 3805 mala
2568 3753 2997 3821 innumerabilia,
3033 3768 3087 3815 et
3120 3762 3187 3815 ab
3216 3763 3334 3819 aliis
3354 3780 3447 3818 au-

1868 3841 2077 3895 dientes
2105 3841 2419 3908 irascamur,
2453 3857 2559 3896 non
2582 3855 2658 3897 est
2694 3844 2797 3901 hoc
2825 3848 3008 3919 utique
3055 3850 3329 3908 humilitas
3351 3872 3445 3910 ne-

1869 3947 1972 3999 que
1998 3929 2285 3997 confessio,
2304 3931 2395 3986 sed
2423 3936 2710 3990 ostentatio
2733 3946 2787 3992 et
2804 3938 2975 3993 inanis
2994 3941 3180 4010 gloria.
3202 3944 3451 4000 Ostenta-

1871 4024 2014 4075 tione
2030 4029 2109 4075 est
2120 4064 2132 4083 ,
2150 4022 2335 4089 inquit,
2353 4023 2588 4091 seipsnm
2602 4039 2793 4080 vocare
2808 4039 3140 4095 peceatorem
3155 4031 3414 4089 ?Maxime
3436 4053 3451 4089 :

1871 4108 2183 4164 humilitatis
2224 4110 2368 4163 enim
2400 4112 2795 4170 existimatione
2842 4114 3087 4186 fruimur,
3138 4120 3189 4173 iu
3219 4120 3455 4177 admira-

1872 4204 2013 4257 tione
2043 4203 2319 4268 hahemur,
2355 4203 2600 4258 laudibus
2630 4207 2939 4261 extollimur
2966 4226 2978 4261 :
3013 4211 3055 4263 si
3087 4226 3215 4266 vero
3258 4213 3326 4268 de
3354 4228 3453 4268 no-

1870 4294 1950 4347 bis
1976 4294 2201 4347 dicimus
2227 4294 2573 4359 contrarium,
2598 4295 2947 4365 despicimur.
2969 4300 3325 4366 Quamobrem
3354 4305 3455 4359 hoc

1870 4399 2081 4455 quoque
2108 4383 2332 4438 facimus
2364 4395 2579 4453 propter
2605 4387 2851 4455 gloriam.

1946 4474 2225 4527 llumititas
2273 4475 2393 4543 quid
2421 4477 2504 4528 sit.
2538 4507 2607 4515 —
2635 4476 2771 4543 Quid
2801 4487 2885 4534 est
2930 4490 3107 4535 autem
3148 4482 3454 4539 humilitas?

1872 4565 2066 4617 Prnbra
2095 4565 2297 4633 ingesta
2329 4564 2486 4629 ferre,
2514 4577 2785 4633 peccatum
2830 4584 3139 4639 agnoscere,
3169 4574 3308 4628 ferre
3339 4590 3454 4627 ma-

1874 4658 2081 4709 Iedicla.
2118 4656 2191 4710 Ne
2220 4656 2319 4709 hoc
2350 4658 2562 4723 quidem
2596 4656 2755 4712 fuerit
2788 4659 3123 4725 humilitatis,
3158 4664 3252 4717 sed
3298 4664 3445 4717 beni-

1870 4738 1954 4808 ειιί
1982 4738 2143 4791 animi
2175 4747 2227 4791 et
2250 4737 2651 4805 ingenui.Nunc
2666 4747 2843 4791 autem
2865 4753 2962 4791 nos
2991 4740 3205 4807 quidem
3224 4741 3451 4795 dicimus

1871 4837 2199 4897 peceatores,
2252 4826 2519 4896 indignos,
2545 4836 2599 4881 et
2624 4827 2726 4880 alia
2772 4829 3219 4891 innumerabilia;
3265 4830 3361 4884 sed
3409 4834 3452 4886 si

1868 4920 1986 4986 quis
2012 4918 2144 4971 alius
2170 4918 2321 4971 nobis
2352 4934 2513 4971 unum
2568 4934 2631 4971 ex
2664 4918 2746 4971 bis
2773 4920 3011 4988 objiciet,
3042 4936 3181 4989 mgre
3210 4920 3451 4986 ferimus,

1871 5009 2175 5063 elicramur.
2227 5008 2387 5063 Vides
2418 5009 2557 5078 quod
2591 5009 2690 5063 hoc
2721 5026 2826 5063 non
2859 5012 2928 5063 sit
2958 5012 3247 5075 confessio,
3280 5028 3454 5081 neque

1870 5103 2032 5155 animi
2084 5102 2422 5170 ingenuitas?
2458 5103 2641 5155 Dixisti
2693 5103 2920 5171 teipsum
2964 5120 3083 5159 esse
3140 5106 3343 5158 talem:
3390 5122 3456 5159 ne

1872 5193 2136 5257 irascaris,
2180 5194 2221 5246 si
2266 5193 2333 5245 ab
2377 5194 2494 5245 aliis
2524 5194 2572 5245 id
2603 5194 2753 5247 audis
2798 5204 2852 5248 et
2879 5197 3158 5264 argueris;
3191 5212 3311 5249 nam
3361 5197 3452 5249 tibi

1870 5287 1945 5339 sic
1977 5286 2113 5341 levia
2150 5287 2448 5341 redduntur
2472 5298 2709 5357 peccata,
2737 5290 2951 5359 quando
2975 5292 3063 5343 alii
3093 5292 3451 5359 exprobrant;

1869 5381 1969 5433 sibi
2017 5379 2157 5432 enim
2201 5394 2337 5433 onus
2384 5380 2703 5448 imponunt,
2756 5390 2808 5435 te
2853 5391 3030 5435 autem
3074 5382 3333 5436 inducunt
3388 5384 3452 5436 ad

1872 5470 2281 5540 philosophiam.
2319 5472 2453 5524 Audi
2482 5472 2609 5540 quid
2643 5472 2783 5527 dicat
2812 5473 3001 5527 beatus
3032 5473 3215 5536 David,
3244 5475 3455 5543 quando

1868 5576 1989 5614 eum
2024 5561 2405 5616 exsecrahatur
2431 5562 2608 5616 Setnei
2644 5582 2657 5616 :
2694 5562 2903 5617 Dimitte
2936 5581 3070 5627 cum,
3102 5564 3307 5632 inquit:
3344 5564 3452 5619 Do.
3496 5635 3500 5639 ε

1867 5652 2030 5705 minus
2059 5653 2101 5705 ei
2134 5650 2405 5718 mandavit,
2436 5664 2488 5705 ut
2517 5654 2676 5707 rideat
2697 5656 3030 5709 humilitatem
3050 5672 3210 5708 meam
3236 5672 3251 5709 .'
3275 5666 3317 5708 ct
3339 5661 3452 5708 rett-

1866 5746 1945 5797 det
1978 5745 2099 5798 nti/ti
2135 5743 2377 5811 Dominus
2409 5746 2536 5801 bona
2568 5765 2657 5814 pro
2689 5750 2795 5813 eius
2829 5765 2961 5804 crsu
2975 5751 3169 5803 ratione
3213 5766 3322 5821 quo:
3357 5751 3453 5806 fuit
