4062 6408
618 356 706 410 191

623 476 769 529 hodie
808 472 883 540 (ἓ.
928 473 1049 539 Reg.
1087 468 1166 522 l6.
1220 467 1304 520 lo.
1350 463 1459 534 l2).
1489 463 1569 518 Tu
1610 468 1782 515 autem
1813 457 1879 512 de
1916 466 1967 511 te
1994 455 2175 540 dicens

618 565 825 607 summa
853 551 1011 614 mala,
1036 548 1080 603 si
1112 559 1217 600 non
1244 547 1311 599 ab
1331 545 1447 596 aliis
1478 542 1661 595 audias
1702 552 2007 607 magnorum
2039 552 2175 588 stro-

534 683 541 688 -
622 660 738 699 rum
766 643 1096 713 etjustorum
1132 636 1334 703 laudes,
1367 634 1625 690 cli‘eraris.
1668 630 1824 686 Vides
1859 627 1997 698 quod
2042 627 2176 680 ludis

623 735 679 788 in
707 734 863 788 rebus
892 747 992 785 non
1035 727 1282 783 ludicris?
1333 723 1518 779 laudes
1543 723 1683 779 enim
1713 720 2015 789 repellinms
2043 715 2175 769 alia-

623 838 739 877 rum
766 821 974 876 landum
999 817 1284 881 desiderio,
1305 825 1361 870 ut
1391 817 1579 869 iterum
1606 814 1805 879 majora
1831 818 2175 877 assequamur

622 910 880 973 cncomia,
915 918 969 963 ut
1012 909 1062 962 in
1091 908 1297 977 majore
1340 906 1630 961 habeamur
1666 900 2032 957 admiratione.
2070 894 2176 951 Nos

624 1000 804 1071 itaque
825 1014 929 1054 non
956 998 1302 1053 admittentes
1344 995 1526 1050 laudes
1561 1004 1617 1048 ut
1662 1008 1751 1048 eas
1771 1003 2055 1061 augeamus
2082 989 2182 1041 hoc

1257 344 1313 399 S.
1352 338 1624 399 JOANNIS
1655 330 2124 398 CllliYSOSTOMl
2164 326 2476 389 ARClllEP.
2510 313 3035 381 CONSTANTINOP.

3742 302 3843 357 19:!

2273 444 2513 509 facimus,
2536 450 2589 496 et
2628 436 2803 494 omnia
2842 452 2870 487 a
2920 430 3070 486 nobis
3108 428 3239 482 liuut
3268 423 3334 478 ad
3362 420 3604 509 gloriam,
3632 428 3743 509 nou
3771 412 3839 509 ad

2273 504 2568 594 veritatem.
2593 532 2871 598 PrOpterea
2894 533 3016 577 sunt
3042 520 3221 573 omnia
3244 514 3441 577 inania,
3458 508 3633 564 omnia
3653 504 3841 558 dubia.

2276 626 2628 697 Quamobrem
2663 635 2790 689 rogo
2816 628 2875 669 ut
2898 627 3037 668 nunc
3064 611 3251 663 saltem
3275 601 3585 660 absﬁncatis
3613 614 3645 651 a
3670 604 3845 649 matre

2279 692 2535 777 malorum
2584 714 2722 767 inani
2766 708 2930 779 gloria
2954 748 2969 771 ,
3000 711 3055 759 ct
3082 701 3267 754 \iratis
3294 707 3349 751 ut
3390 697 3495 750 Deo
3523 692 3695 761 placet
3789 693 3842 736 nt

2283 814 2452 869 littora
2496 816 2707 873 quoque
2736 777 2873 854 bona
2921 805 3331 862 consequamur,
3382 787 3433 840 in
3478 781 3696 840 Christo
3715 777 3843 832 Jesn

2288 900 2509 955 Dotuino
2535 904 2735 951 nostro.

630 1124 3733 1164 ______________________________._____________________.
3796 1132 3847 1136 ,η

1878 1184 2219 1249 HOMILIA
2259 1181 2550 1243 XXVIII.

629 1329 756 1386 Car.
782 1328 865 1382 ll.
907 1343 956 1378 ν.
984 1326 1073 1381 37.
1117 1324 1426 1379 Circuierunt
1453 1322 1504 1374 in
1530 1319 1743 1383 metatis,
1770 1318 1822 1370 in
1850 1315 2060 1385 pellibus
2083 1329 2163 1366 es.

700 1418 879 1489 prinis,
903 1424 1119 1487 egentes,
1141 1413 1437 1484 augustiati,
1464 1410 1630 1481 amicti
1644 1426 1661 1472 ,'
1685 1407 1772 1463 58.
1798 1405 1978 1475 quibus
1996 1402 2179 1471 dignus

700 1524 798 1561 non
826 1515 930 1560 erat
956 1503 1196 1567 mundus;
1222 1503 1275 1555 in
1301 1498 1654 1555 solitudinibus
1684 1503 1926 1560 errantes,
1955 1495 2008 1547 iu
2034 1508 2179 1545 mon-

702 1596 849 1652 tibus;
874 1596 926 1647 in
949 1594 1200 1663 speluncis
1225 1600 1273 1645 et
1299 1594 1352 1644 in
1378 1589 1600 1645 caeritis
1629 1596 1793 1641 terris.

702 1689 755 1745 I.
792 1686 1015 1755 Semper
1039 1683 1273 1754 quidem,
1308 1680 1537 1735 maxime
1562 1686 1739 1735 autem
1767 1674 1979 1746 quando
2005 1673 2182 1743 cogito

632 1793 718 1832 res
741 1786 918 1846 gestas
942 1784 1264 1835 sanctorum,
1294 1782 1417 1829 tunc
1441 1768 1571 1823 mihi
1598 1768 1745 1823 venit
1788 1766 1840 1820 in
1866 1773 2096 1819 mentem
2120 1762 2187 1817 de

632 1865 1208 1937 tne-desperarc.qnod
1257 1878 1356 1919 nec
1399 1864 1452 1917 in
1496 1860 1698 1916 somnis
1742 1858 1954 1929 quidem
1984 1856 2187 1926 experti

632 1972 836 2022 sumus,
867 1958 919 2010 in
951 1957 1143 2027 quibus
1172 1954 1271 2008 viri
1302 1952 1378 2008 illi
1408 1960 1519 2007 toto
1547 1959 1786 2018 tempore
1813 1955 1939 2003 sunt
1964 1946 2185 2011 versati,

633 2064 737 2101 non
768 2054 1101 2115 peccaturum
1132 2057 1313 2113 pennas
1339 2043 1563 2105 luentes,
1582 2040 1676 2095 sed
1702 2053 1789 2094 res
1806 2039 1970 2093 bonas
1994 2052 2058 2092 ex
2075 2037 2185 2092 vir-

626 2134 736 2180 tute
752 2134 997 2195 gerentes
1012 2139 1066 2180 et
1082 2140 1291 2195 semper
1306 2124 1506 2181 afﬂicti.
1524 2127 1652 2182 Nam
1668 2128 1838 2197 cogita
1856 2125 1982 2181 mihi
2002 2126 2192 2188 Ellam,

641 2215 705 2268 ad
752 2230 907 2285 quem
941 2215 1099 2270 hodie
1126 2216 1263 2270 redit
1285 2217 1455 2271 oratio
1482 2233 1497 2271 :
1523 2216 1590 2272 de
1618 2218 1709 2271 illo
1741 2217 1881 2272 enim
1920 2215 2005 2270 hic
2032 2215 2193 2282 dicit,

637 2310 950 2363 Circuierunt
1005 2309 1058 2362 in
1102 2308 1318 2369 metatis,
1358 2319 1409 2363 et
1466 2309 1517 2362 in
1566 2323 1686 2365 eum
1734 2308 1983 2362 desinunt
2028 2307 2195 2375 ipsius

638 2396 879 2465 exempla
914 2414 926 2451 :
957 2394 1098 2465 quod
1129 2404 1243 2449 erat
1272 2395 1534 2451 familiare
1561 2397 1676 2452 istis
1705 2406 1757 2450 et
1796 2396 2086 2465 prOpt'ium.
2128 2394 2195 2447 Et

642 2486 950 2541 memoratis
993 2486 1252 2553 apostolis
1296 2485 1439 2555 quod
1489 2486 1542 2539 in
1587 2485 1855 2539 occisione
1890 2485 2050 2555 gladii
2091 2485 2195 2537 sint

640 2576 831 2629 mortui
860 2615 875 2640 ,
916 2572 1055 2642 quod
1103 2573 1316 2643 lapidati
1342 2614 1358 2638 ,
1397 2573 1638 2630 ascendit
1666 2588 1853 2629 rursus
1883 2574 1948 2628 ad
1981 2573 2149 2627 Etiam
2176 2612 2191 2637 ,

640 2664 728 2726 «ιυί
769 2662 952 2717 eadem
976 2676 1093 2731 qua:
1120 2662 1218 2730 ipsi
1256 2676 1442 2729 passus
1470 2670 1571 2717 est.
1612 2662 1744 2716 Nam
1785 2662 2037 2732 quoniam
2079 2668 2193 2715 erat

642 2753 927 2808 verisimile
952 2766 1046 2805 eos
1074 2751 1141 2805 de
1180 2751 1434 2819 apostolis
1478 2751 1712 2805 umidum
1759 2758 1955 2804 tantam
1998 2765 2191 2804 conce-

645 2847 783 2913 pisse
826 2842 1159 2911 Opinionem,
1190 2842 1256 2894 ab
1294 2856 1359 2895 co
1406 2841 1493 2910 qui
1544 2844 1638 2894 fuit
1683 2850 2015 2908 assumptus,
2043 2849 2096 2894 et
2140 2841 2190 2892 in

642 2931 870 2983 maxima
888 2929 1096 2984 habitus
1116 2939 1198 2983 est
1218 2928 1587 2993 admiratione,
1606 2928 1759 2983 all'crt
1775 2929 2198 2981 exhortationem

638 3034 691 3073 et
710 3019 1149 3073 consolationem.
1175 3016 1484 3072 Circuierunt
1506 3033 1670 3084 enim,
1695 3017 1881 3086 inquit,
1909 3017 1960 3069 in
1984 3015 2198 3077 metatis,

638 3109 687 3158 in
719 3108 934 3175 pellibus
962 3107 1205 3177 caprinis,
1234 3117 1454 3178 egentes,
1480 3106 1770 3176 angustiati,
1798 3106 2001 3175 amicti:
2026 3105 2201 3172 quibus

638 3197 821 3266 dignus
846 3213 946 3249 non
975 3209 1083 3249 erat
1116 3197 1352 3250 mundus.
1383 3196 1458 3253 Ne
1485 3207 1682 3250 restem
1714 3196 1926 3264 quidem
1950 3236 1963 3257 ,
1996 3196 2162 3264 inquit
2182 3234 2196 3258 ,

639 3285 902 3340 habebant
925 3296 1145 3357 propter
1168 3302 1430 3340 summam
1463 3285 1805 3340 afﬂictioucm
1826 3327 1839 3350 ,
1874 3300 1977 3338 non
2009 3286 2197 3338 civita-

638 3388 760 3440 tem,
794 3391 896 3431 non
926 3377 1165 3443 donmm,
1195 3393 1297 3431 non
1331 3377 1685 3431 habitaculum
1713 3394 1726 3430 :
1750 3376 1851 3429 hoc
1871 3376 2009 3445 quid
2040 3374 2197 3429 Chri-

636 3476 749 3518 stus
799 3464 1037 3528 dicebat,
1076 3465 1243 3519 Filius
1290 3475 1455 3519 autem
1508 3466 1723 3519 hominis
1770 3482 1869 3517 non
1922 3465 2066 3517 habet
2114 3466 2197 3518 ubi

634 3564 787 3620 caput
814 3556 1019 3609 reclinet
1052 3555 1267 3625 (Matth.
1297 3556 1350 3609 8.
1378 3554 1492 3625 9.0).
1522 3556 1656 3625 Quid
1687 3556 1826 3619 dico,
1861 3570 1964 3609 non
1994 3555 2196 3610 habita-

634 3644 847 3697 culum?
879 3660 946 3700 ne
989 3646 1271 3701 stationem
1315 3646 1528 3713 quidem
1555 3664 1567 3699 :
1602 3662 1720 3699 nam
1752 3661 1924 3714 neque
1954 3660 2073 3699 cum
2103 3662 2195 3699 ve-

637 3737 841 3791 nissent
870 3736 921 3791 in
954 3738 1291 3792 solitudinem
1318 3777 1330 3800 ,
1360 3738 1592 3806 quietem
1621 3739 1847 3806 agebant
1873 3753 1887 3790 :
1922 3752 2026 3791 non
2054 3738 2194 3791 enim

630 3828 777 3891 dicit,
805 3827 1075 3882 Sedebant
1106 3830 1157 3880 in
1187 3829 1490 3890 solitudine,
1517 3828 1608 3881 sed
1636 3837 1690 3881 et
1715 3845 1833 3881 cum
1863 3829 1968 3881 illic
1991 3837 2192 3893 essent,

631 3919 899 3989 fugiebant
928 3929 981 3973 et
1008 3922 1153 3975 illinc
1178 3921 1603 3989 expellebantur,
1633 3936 1735 3973 non
1766 3920 1938 3973 solum
1965 3934 2026 3973 ex
2054 3928 2190 3971 terra

634 4009 885 4071 habitata,
912 4010 1002 4063 sed
1031 4011 1187 4063 etiam
1212 4026 1277 4065 cx
1306 4009 1652 4063 inhabitabili.
1705 4010 1768 4062 Et
1800 4010 1849 4061 in
1878 4009 2190 4063 memoriam

629 4097 707 4151 eis
738 4108 949 4152 revocat
978 4100 1090 4153 loca
1123 4100 1173 4151 in
1202 4100 1393 4165 quibus
1424 4099 1675 4153 sederunt
1699 4140 1712 4157 .
1746 4108 1799 4151 et
1828 4112 1915 4152 res
1940 4114 2056 4167 qua:
2088 4100 2192 4152 illic

632 4190 785 4242 facta:
814 4198 936 4243 sunt
963 4206 975 4241 :
1007 4188 1244 4259 ligentes,
1270 4190 1456 4260 afﬂicti.
1491 4189 1690 4243 Deinde
1729 4205 1845 4254 vos,
1879 4189 2075 4257 inquit,
2107 4203 2193 4240 ac-

628 4288 813 4332 cusant
862 4290 1079 4348 propter
1111 4279 1408 4346 Christum,
1444 4290 1497 4332 et
1550 4279 1647 4331 hoc
1692 4280 1969 4345 patrabant
2006 4287 2191 4331 contra

632 4370 801 4422 Ellam
836 4388 847 4424 :
876 4370 1000 4438 quid
1050 4371 1317 4431 habebant
1342 4371 1409 4424 de
1441 4387 1544 4439 quo
1572 4387 1691 4423 eum
1719 4377 2067 4432 accusarent,
2099 4383 2193 4421 cur

627 4461 989 4528 expellerent,
1024 4474 1471 4531 persequerentur
1502 4471 1553 4513 et
1583 4478 1701 4516 cum
1734 4462 1867 4516 fame
1895 4462 2189 4515 conﬂictari

627 4551 1081 4619 cogerent'thod
1107 4551 1155 4603 hi
1183 4567 1391 4620 quoque
1419 4564 1539 4604 tunc
1573 4551 1900 4619 patiebantur
1926 4570 1937 4602 :
1961 4560 2191 4619 propter-

626 4656 688 4691 ιιι
719 4641 842 4693 alibi
878 4640 1111 4705 diccbat,
1143 4641 1523 4705 Deercverunt,
1554 4641 1742 4708 inquit,
1767 4641 1980 4692 mittere
2004 4640 2078 4693 eis
2102 4640 2188 4707 qni

626 4732 928 4799 allliguntur
957 4748 1019 4785 ex
1048 4731 1339 4800 discipulis.
1368 4733 1625 4797 Quantum
1654 4741 1922 4799 suppetunt
1939 4732 2087 4783 alicui
2106 4737 2187 4800 {a-

626 4825 849 4886 eultatcs,
869 4834 1147 4877 statuerunt
1193 4826 1525 4893 unusquisque
1552 4840 1723 4877 eorum
1752 4825 1942 4876 mittere
1962 4824 2010 4877 in
2046 4824 2190 4874 mitti-

626 4915 828 4965 sterium
861 4915 1196 4967 habitantibus
1225 4915 1275 4966 in
1300 4914 1483 4966 ludam
1514 4914 1751 4981 fratribus
1783 4914 1915 4983 (Act.
1942 4915 2032 4967 H.
2055 4912 2122 4965 29
2145 4915 2184 4981 ).

626 5004 775 5069 Quod
821 5005 1007 5058 horum
1054 5021 1264 5075 quoque
1321 5015 1451 5058 erat.
1501 5006 1695 5073 Aﬂlicti,
1739 5007 1934 5073 inquit;
1987 5004 2039 5059 id
2086 5015 2186 5069 est,

625 5095 762 5147 male
808 5096 1101 5160 patientes,
1148 5097 1197 5147 i'l
1245 5096 1381 5159 riis,
1434 5098 1484 5146 in
1531 5097 1774 5164 periculis
1804 5112 1816 5149 :
1846 5095 1983 5162 quod
2028 5097 2185 5149 etiam

626 5186 812 5238 borum
843 5198 978 5240 erat.
1030 5188 1339 5239 Cireuiernnt
1370 5196 1563 5250 autem,
1596 5188 1718 5256 quid
1746 5189 1859 5240 est?
1904 5187 1967 5239 In
2010 5188 2188 5239 solitu-

623 5276 837 5338 dinibus,
874 5277 1081 5344 inquit,
1111 5289 1332 5329 errantes
1361 5287 1405 5329 et
1434 5280 1683 5331 utentibus
1709 5289 1752 5330 et
1782 5279 1831 5330 in
1858 5279 2111 5345 speluncis
2139 5291 2187 5329 et

623 5368 841 5417 earernis
871 5377 1034 5421 terrm.
1066 5367 1337 5435 Tanquam
1370 5368 1594 5437 l'ttgitii'i,
1626 5370 1813 5437 inquit,
1841 5370 2181 5432 cirrnicrunt,

624 5466 671 5504 et
706 5456 791 5520 qui
820 5471 847 5509 e
874 5457 984 5508 suis
1012 5458 1242 5525 tnEgraut
1272 5459 1507 5522 sedibus,
1537 5471 1800 5528 tamquam
1826 5461 1913 5528 qui
1948 5462 2159 5529 llll'plsai

627 5562 829 5597 ItttNUlll
863 5548 1119 5599 scelerum
1158 5558 1281 5599 sunt
1306 5550 1529 5601 convicti
1556 5590 1568 5611 ,
1613 5561 1878 5615 tamquam
1927 5568 1991 5603 ne
2040 5552 2181 5614 digni

626 5629 836 5693 quidem
882 5632 1042 5683 solem
1093 5633 1282 5686 inlueti
1314 5674 1327 5694 ,
1361 5651 1423 5687 nc
1454 5650 1514 5685 ex
1547 5636 1826 5687 solitudine
1859 5636 2067 5702 quill-tn
2099 5637 2172 5688 in-

2288 1318 2544 1361 venerunt
2583 1307 2868 1377 cll'oginm,
2907 1308 3002 1363 sed
3047 1323 3260 1380 semper
3302 1312 3581 1379 Oportebat
3626 1311 3862 1380 fugere,

2285 1400 2562 1467 oportebat
2606 1400 2821 1456 latibula
2866 1415 3143 1471 quaerere,
3170 1401 3453 1470 oportebat
3494 1417 3557 1456 se
3600 1402 3752 1457 rivos
3804 1403 3859 1457 in

2287 1499 2477 1544 terram
2523 1488 2803 1557 infodere,
2846 1483 3061 1561 semper
3102 1505 3223 1547 esse
3267 1495 3317 1545 in
3361 1501 3522 1546 metu.
3555 1492 3647 1547 39.
3691 1490 3757 1545 Et
3803 1494 3859 1545 hi

2285 1598 2453 1635 omnes
2494 1583 2772 1635 testimonio
2813 1582 3009 1652 probati
3041 1599 3127 1650 per
3152 1583 3303 1650 [idem
3326 1624 3343 1649 ,
3387 1600 3488 1637 non
3530 1583 3861 1636 obtinuerunt

2283 1672 2739 1741 repromissionem,
2766 1672 2856 1725 ιι).
2886 1671 2993 1725 Deo
3023 1688 3114 1741 pro
3143 1673 3285 1725 nobis
3313 1674 3494 1727 melius
3510 1673 3707 1740 aliquid
3734 1689 3861 1741 pro-

2285 1763 2495 1827 ridente,
2517 1773 2569 1815 ut
2597 1780 2659 1816 ne
2675 1765 2783 1817 sine
2807 1766 2945 1818 nobis
2963 1776 3450 1817 consummarentur.
3475 1765 3604 1831 Qua:
3621 1776 3705 1818 cst
3725 1782 3858 1833 ergo

2284 1867 2487 1915 merces
2512 1862 2673 1907 tantm
2698 1854 2846 1923 spei?
2871 1870 2987 1923 qua:
3013 1855 3406 1908 remuneratio?
3435 1854 3599 1908 Tanta
3625 1867 3777 1908 certe
3802 1863 3857 1907 ut

2282 1942 2524 1996 oratione
2549 1942 2775 2011 exprimi
2801 1958 2904 1996 nou
2938 1943 3123 2011 possit.
3153 1942 3232 1995 Ea
3262 1944 3403 1995 enim
3424 1983 3438 2003 ,
3472 1944 3641 2013 inquit
3668 1984 3681 2005 ,
3716 1959 3858 2010 pree-

2284 2036 2476 2102 paraoit
2504 2033 2637 2088 Dens
2662 2034 2984 2103 diligentibus
3011 2051 3147 2096 eunt,
3176 2050 3291 2101 qua:
3315 2050 3474 2101 neque
3500 2032 3678 2087 oculus
3702 2034 3854 2094 cidit,

2282 2142 2371 2179 nee
2394 2128 2531 2180 auris
2557 2125 2748 2179 audivit
2774 2166 2789 2187 ,
2821 2140 2913 2178 nec
2940 2125 2993 2178 in
3019 2140 3104 2178 ear
3131 2125 3349 2178 hominis
3390 2125 3728 2178 ascenderunt
3756 2129 3775 2191 (
3804 2126 3857 2176 Ι.

2282 2215 2399 2269 Cor.
2426 2214 2482 2270 2.
2511 2214 2602 2284 9).
2660 2214 2764 2269 Sed
2802 2213 3027 2267 nondum
3069 2223 3390 2282 acrepenmt,
3436 2228 3623 2267 verum
3672 2214 3856 2265 adhuc

2281 2312 2609 2371 exspectant,
2638 2319 2758 2358 cum
2790 2303 2844 2356 in
2875 2312 3017 2357 tanta
3046 2301 3377 2357 decesserint
3404 2302 3716 2357 afﬂictione.
3748 2303 3860 2356 Tot

2280 2406 2405 2448 sunt.
2431 2394 2556 2447 anni
2582 2409 2646 2448 ex
2675 2409 2782 2463 quo
2809 2395 3045 2447 vicerunt
3068 2435 3083 2459 ,
3113 2402 3166 2448 et
3211 2392 3447 2446 nondum
3479 2407 3811 2462 acceperunt
3837 2416 3853 2450 :

2282 2502 2374 2541 vos
2397 2496 2571 2540 autem
2598 2486 2723 2539 dum
2749 2485 2923 2538 adhuc
2944 2485 3180 2550 certatis,
3211 2487 3388 2539 intrasti
3414 2485 3579 2539 estis?
3606 2488 3858 2557 Cogitate

2285 2592 2379 2629 ros
2410 2591 2620 2646 quoque
2646 2576 2771 2645 quid
2802 2586 2856 2630 et
2884 2585 3139 2644 qnanmm
3168 2576 3255 2639 sit,
3285 2575 3477 2629 sedere
3503 2576 3773 2632 Abraham
3800 2589 3860 2633 et

2280 2670 2497 2724 Paulum
2540 2668 2839 2737 apostolum
2883 2675 3256 2734 exspectantes
3308 2668 3524 2735 quando
3582 2677 3635 2721 tu
3688 2668 3858 2724 fueris

2278 2772 2712 2821 consuunnatus,
2746 2767 2800 2815 ut
2831 2768 2956 2811 tunc
2988 2760 3190 2827 possint
3227 2760 3472 2827 accipere
3520 2761 3851 2813 mercedem.

2278 2852 2431 2916 Nam,
2466 2853 2562 2903 nisi
2592 2866 2689 2903 nos
2717 2864 2930 2919 quoque
2958 2848 3306 2918 adfuerimus,
3343 2850 3586 2917 praedixit
3615 2851 3696 2904 eis
3725 2850 3858 2905 Ser-

2280 2954 2431 2996 rator
2456 2957 2517 2996 se
2542 2957 2645 2994 non
2676 2940 2921 2993 daturum
2951 2956 2963 2990 :
2988 2941 3125 2992 sicut
3146 2940 3189 2992 si
3219 2948 3371 3006 pater
3395 2938 3689 2993 benevolus
3710 2940 3858 2993 dicat

2280 3033 2459 3101 probis
2490 3031 2611 3084 liliis
2632 3039 2685 3083 et
2708 3043 2798 3099 qut
2829 3046 2963 3095 opus
2993 3028 3363 3085 confecerunt.
3386 3041 3445 3081 se
3473 3044 3575 3080 non
3599 3028 3853 3082 daturum

2279 3125 2417 3194 quod
2445 3123 2603 3177 edant
2625 3164 2639 3180 .
2676 3122 2773 3173 nisi
2812 3119 3055 3173 venerint
3087 3133 3272 3172 eorum
3313 3119 3524 3172 fratres.
3559 3118 3637 3171 Tu
3668 3128 3853 3173 autem

2280 3229 2418 3283 a'gre
2451 3213 2555 3267 fers
2582 3211 2722 3281 quod
2756 3211 3054 3263 mercedem
3086 3210 3321 3262 nomium
3366 3210 3683 3277 acceperis?
3713 3211 3854 3276 Quid

2280 3320 2406 3375 ergo
2435 3304 2590 3358 faciet
2618 3302 2767 3365 Abel,
2795 3303 2884 3371 qui
2917 3311 3043 3355 ante
3069 3315 3254 3353 omnes
3284 3300 3407 3353 vicit
3429 3340 3442 3363 ,
3476 3309 3531 3355 et
3560 3301 3710 3355 sedet
3742 3316 3853 3354 non

2279 3393 2595 3450 coroaatus?
2615 3391 2737 3460 quid
2763 3407 2886 3443 vero
2909 3389 3057 3443 Noe?
3076 3388 3200 3457 quid
3221 3388 3277 3449 ii,
3298 3388 3385 3456 qui
3415 3388 3521 3442 illis
3546 3389 3691 3444 fuere
3716 3400 3855 3442 teni-

2280 3487 2525 3557 poribus,
2556 3485 2644 3553 qui
2680 3493 2728 3536 te
2760 3492 2812 3535 et
2842 3497 2935 3534 uos
2961 3482 3049 3549 qui
3088 3490 3206 3547 post
3237 3488 3287 3532 te
3314 3488 3471 3531 erunt
3499 3484 3856 3547 exspectant?

2350 3574 2748 3628 Christianorum
2791 3573 2983 3639 nptima
3013 3569 3255 3623 conditio.
3281 3596 3349 3607 —
3382 3568 3543 3622 Vides
3569 3569 3713 3639 quod
3747 3571 3857 3623 illis

2281 3677 2463 3717 sumus
2490 3663 2817 3727 superiores,
2842 3676 2894 3712 et
2922 3659 3108 3713 melior
3133 3659 3200 3711 sit
3228 3667 3411 3713 nostra
3440 3673 3600 3726 quam
3631 3660 3854 3712 illorum

2280 3753 2546 3805 conditio?
2567 3748 2641 3803 Dc
2659 3749 2798 3803 nobis
2821 3756 2971 3812 enim,
2999 3747 3190 3816 inquit,
3213 3748 3409 3815 aliquid
3424 3749 3857 3815 meliusprweidit

2284 3841 2437 3893 Deus.
2461 3840 2537 3893 Nc
2559 3840 2864 3893 viderentur
2878 3838 3016 3891 cnim
3040 3851 3160 3890 esse
3181 3835 3415 3889 melioris
3433 3852 3593 3905 quam
3612 3852 3709 3889 nos
3722 3853 3825 3889 tam
3839 3870 3855 3877 -

2283 3927 2519 3990 ditionis,
2565 3929 2607 3979 si
2642 3926 2793 3994 printi
2848 3934 3253 3988 coronarentur,
3310 3922 3550 3975 deﬁnivit
3598 3922 3854 3974 omnibus

2286 4032 2445 4069 Unum
2482 4024 2686 4082 tempus
2730 4029 3075 4077 coronarum;
3120 4022 3171 4067 et
3198 4012 3285 4081 qui
3314 4020 3416 4065 tam
3446 4013 3623 4065 multis
3646 4022 3769 4066 antc
3804 4024 3859 4065 te

2285 4105 2439 4158 annis
2466 4105 2609 4165 vicit,
2631 4113 2800 4156 tecum
2830 4103 3017 4170 accipit
3043 4116 3317 4155 coronam.
3346 4101 3505 4155 Vides
3544 4102 3635 4153 Dei
3663 4117 3853 4156 curam

2285 4204 2339 4247 et
2388 4192 2809 4261 proridentiun?
2862 4190 2971 4244 Non
3020 4191 3168 4255 dixit,
3200 4191 3275 4245 Ne
3327 4192 3441 4245 sine
3489 4191 3641 4244 nobis
3690 4207 3854 4245 coro-

2289 4294 2511 4347 nentur;
2570 4283 2683 4345 sed,
2740 4282 2805 4335 Ut
2856 4299 2953 4335 non
3004 4283 3111 4335 sine
3149 4284 3288 4336 nobis
3336 4294 3810 4336 constuumarmtar
3839 4301 3859 4336 :

2289 4374 2463 4443 itaque
2495 4384 2616 4427 tunc
2645 4382 2900 4440 apparent
2947 4374 3189 4440 perfecti.
3236 4374 3633 4426 Prmecsserm't
3656 4374 3706 4426 in
3737 4390 3862 4427 ecr-

2290 4464 2606 4528 taminibus,
2662 4462 2755 4514 sed
2827 4480 2927 4514 non
2994 4462 3299 4529 [)I‘JECCdlllll
3342 4463 3391 4515 in
3446 4464 3680 4514 eoi-onis.
3737 4462 3857 4515 Non

2290 4554 2405 4605 illos
2456 4553 2609 4615 Imsit,
2662 4552 2752 4604 sed
2803 4568 2898 4605 nos
2948 4552 3230 4604 honorarit
3265 4569 3277 4601 :
3316 4552 3411 4619 ipsi
3466 4552 3607 4604 enim
3660 4551 3860 4607 fratres

2287 4649 2615 4703 exspcmant.
2652 4639 2782 4692 Nam
2835 4642 2877 4691 si
2934 4654 3121 4693 onmes
3166 4655 3350 4692 sumus
3402 4656 3563 4692 unum
3620 4656 3856 4709 corpus,

2288 4732 2493 4783 exsistit
2541 4730 2660 4783 huic
2704 4730 2911 4798 corpori
2961 4731 3131 4797 major
3176 4729 3439 4799 voluptas,
3467 4731 3679 4800 quando
3707 4748 3861 4786 com-

2289 4822 2516 4874 muniter
2559 4832 2864 4879 coronatur.
2920 4829 2973 4873 et
3021 4836 3124 4873 non
3151 4821 3479 4890 singulatim.
3536 4822 3746 4877 Etenim
3804 4825 3857 4878 in

2290 4910 2388 4961 hoc
2419 4925 2628 4977 quoque
2652 4918 2771 4961 sunt
2793 4910 2920 4977 justi
2944 4908 3308 4975 admirabiles,
3334 4912 3472 4980 quod
3498 4912 3739 4965 la-tantur
3763 4916 3857 4967 hoc

2288 5001 2368 5051 nis
2399 4999 2617 5051 fratrum
2654 5008 2922 5066 tamquam
2954 5000 3085 5052 Suis.
3120 5000 3477 5066 Quamobrem
3513 5002 3613 5055 Itoc
3643 5020 3860 5074 quoque

2288 5090 2393 5141 illis
2420 5090 2559 5143 cedit
2585 5106 2648 5143 ex
2680 5092 2840 5144 animi
2872 5091 2949 5143 sui
2983 5093 3267 5151 sententia,
3296 5092 3440 5161 quod
3470 5108 3592 5145 cum
3626 5097 3860 5161 propriis

2290 5181 2541 5231 membris
2572 5180 2677 5233 sint
2699 5182 2937 5234 coronati
2968 5198 2979 5231 :
3010 5180 3151 5247 quod
3176 5180 3316 5233 enim
3344 5182 3499 5235 simul
3524 5184 3628 5234 sint
3656 5186 3857 5252 gloriti-

2285 5273 2408 5333 cati,
2434 5288 2618 5340 magna
2650 5284 2728 5325 est
2755 5273 3017 5341 Voluptas.
3059 5273 3208 5343 (Cap.
3241 5273 3328 5341 1?.)
3361 5274 3409 5326 l.
3440 5273 3664 5344 Ideoque
3689 5286 3733 5328 et
3764 5295 3856 5331 nos

2288 5375 2481 5415 tantam
2506 5364 2736 5415 habentes
2762 5364 2827 5414 im
2837 5365 3048 5425 positam
3080 5363 3257 5416 nubent
3288 5365 3506 5417 testium.

2355 5456 2409 5507 2.
2452 5457 2719 5521 Scriptura
2753 5466 2892 5521 sirpe
2920 5456 3112 5524 accipit
3140 5458 3561 5511 consolationem
3592 5457 3647 5511 ἴοι
3677 5462 3853 5527 malis,

2284 5564 2312 5600 e
2342 5546 2497 5599 rebus
2524 5564 2640 5615 qua:
2667 5548 2914 5599 accidunt
2944 5566 2952 5599 :
2983 5559 3033 5599 ut
3064 5548 3274 5616 quando
3295 5548 3426 5601 dicit
3456 5551 3709 5618 propheta
3736 5573 3745 5605 :
3772 5553 3853 5606 Er

2282 5649 2426 5703 astu,
2463 5649 2504 5690 ct
2534 5639 2738 5703 duritie,
2772 5651 2816 5690 it
2849 5640 3087 5691 imbribus
3120 5640 3295 5708 eripiet
3326 5650 3373 5693 te
3402 5640 3554 5696 (Isai.
3592 5646 3639 5697 -i.
3676 5649 3769 5710 b')‘.
3802 5659 3855 5699 et
