4062 6422
203 357 299 413 193

196 483 385 544 David,
421 479 519 533 Per
541 478 671 531 diem
694 475 770 528 sol
791 488 889 527 non
915 483 1023 525 uret
1050 480 1117 533 te,
1142 486 1302 539 neque
1323 471 1445 520 luna
1470 483 1558 536 per
1579 475 1773 518 noctem

195 572 375 644 (Psal.
401 565 525 625 ﬁt).
555 568 633 638 6).
663 567 773 620 lloc
793 566 953 619 etiam
979 563 1064 616 hic
1086 561 1234 625 dicit,
1260 558 1401 630 quod
1426 559 1637 612 illorum
1660 573 1775 611 san-

194 677 413 721 ctorum
440 659 760 723 recordatio,
793 658 931 711 sicut
958 655 1127 709 nubes
1155 668 1276 707 eum
1307 651 1397 721 qtti
1429 651 1603 705 uritur
1628 667 1655 703 a
1684 666 1772 704 ea-

194 757 391 812 lidiore
416 753 566 809 radio
593 750 896 813 obumbrat,
927 747 997 800 ita
1021 746 1216 800 excitat
1238 754 1288 797 et
1311 754 1520 798 recreat
1540 742 1773 795 animam

193 863 317 918 qua:
346 845 499 899 malis
531 842 759 897 laborat.
793 839 860 893 Et
886 854 991 891 non
1023 836 1176 901 dixit,
1210 835 1264 889 ln
1292 834 1457 888 altum
1484 847 1649 903 super
1670 848 1774 891 no.

194 940 416 1001 elatam,
444 933 559 997 sed,
592 931 754 985 Nobis
781 929 1066 998 impositam
1091 942 1109 980 :
1136 925 1280 996 quod
1308 924 1525 994 quidem
1550 932 1666 979 erat
1686 926 1779 976 illo

195 1026 452 1096 amplius.
472 1032 529 1078 ut
549 1038 645 1091 per
667 1022 768 1076 hoc
788 1017 1117 1083 ostenderet,
1138 1016 1279 1086 quod
1302 1015 1458 1070 nobis
1479 1015 1531 1068 in
1553 1014 1775 1070 circuitu

194 1116 484 1186 impositus
513 1114 680 1184 magis
719 1125 935 1167 securos
962 1108 1169 1164 reddet.
1194 1106 1381 1162 Testes
1403 1106 1532 1163 dicit
1558 1121 1662 1159 non
1686 1120 1782 1160 eos

194 1200 373 1254 solum
404 1198 493 1269 qui
526 1206 651 1253 sunt
682 1203 733 1251 In
764 1197 914 1250 Novo
936 1238 948 1259 ,
991 1199 1085 1249 scd
1132 1200 1294 1249 etiam
1327 1213 1419 1251 cus
1447 1197 1535 1265 qui
1568 1208 1694 1249 sunt
1724 1198 1775 1250 in

198 1288 383 1343 Veteri
415 1305 429 1342 :
459 1302 580 1341 nam
617 1287 718 1355 ipsi
760 1301 975 1356 quoque
1017 1287 1251 1339 tulerunt
1302 1286 1668 1341 testimonium
1720 1288 1785 1341 de

199 1381 297 1436 Dei
328 1379 693 1450 magnitudine
715 1395 727 1430 :
750 1387 806 1432 ttt
827 1388 936 1432 tres
960 1379 1128 1446 pueri,
1156 1387 1208 1432 ct
1238 1378 1402 1444 Elius,
1429 1388 1482 1433 et
1510 1378 1786 1446 prophetae

196 1487 409 1527 omnes.
440 1471 761 1539 Deponentes
790 1487 937 1523 omne
978 1471 1199 1538 pondus.
1242 1469 1404 1524 Omne
1424 1511 1437 1535 ,
1473 1470 1739 1540 quodnam
1765 1471 1787 1523 ?

197 1562 480 1624 Somnum,
503 1561 901 1630 negligentiam,
924 1561 1055 1614 viles
1076 1570 1129 1614 et
1153 1561 1388 1630 abjectas
1410 1560 1784 1630 cogitationes.

199 1653 380 1705 omnia
402 1652 649 1704 humana.
670 1649 736 1702 Et
759 1651 1090 1703 circumstans
1112 1666 1202 1703 nos
1227 1660 1509 1718 peccatum.
1530 1650 1786 1720 Autquod

204 1755 303 1795 nos
329 1739 483 1795 facile
505 1740 873 1803 circumsistit,
904 1748 997 1793 aut
1021 1740 1163 1809 quod
1193 1740 1347 1795 facile
1375 1741 1573 1809 patitur
1600 1750 1658 1795 ut
1678 1741 1784 1795 cir-

207 1833 578 1885 rtttnvcttiatur
604 1848 616 1884 :
646 1830 747 1885 hoc
775 1838 952 1885 autem
986 1832 1162 1901 potius
1192 1847 1203 1885 :
1236 1832 1390 1887 facile
1420 1834 1585 1899 enim,
1622 1835 1665 1887 si
1701 1849 1787 1887 vc-

206 1926 366 1978 Iitntts
386 1965 402 1987 ,
434 1938 716 1994 possumus
739 1934 1324 1993 superat'expeccalutn.
1359 1924 1462 1978 Per
1490 1926 1788 1995 patientiam

200 2030 470 2067 curramus
492 2014 803 2085 propositum
825 2014 967 2066 nobis
989 2022 1264 2067 certamen.
1284 2014 1399 2068 Non
1418 2014 1573 2081 dixit,
1590 2016 1790 2084 Pugno-

202 2119 345 2166 mus,
372 2118 564 2171 neque,
594 2103 904 2166 Luctcmur,
934 2119 1129 2173 neque,
1161 2106 1367 2159 Bellum
1393 2120 1666 2175 geramus,
1691 2106 1785 2161 sed

200 2198 345 2267 quod
374 2206 491 2251 erat
517 2192 765 2252 omnibus
793 2198 984 2264 levius,
1010 2213 1203 2266 nempe
1232 2213 1449 2252 cursum
1473 2198 1523 2251 in
1550 2197 1782 2253 medium

201 2289 401 2341 attulit.
450 2287 633 2356 Neque
657 2287 824 2355 dixit,
854 2288 1045 2343 Cursui
1071 2288 1387 2356 adjiciamus
1414 2328 1429 2352 ,
1460 2287 1554 2343 sed
1581 2330 1595 2353 ,
1630 2286 1686 2341 lu
1723 2303 1789 2342 eo

204 2380 323 2447 ipso
351 2378 713 2432 sustineamus
739 2388 793 2434 et
825 2379 1210 2448 persistatuus,
1242 2396 1310 2434 ne
1335 2378 1505 2434 simus
1534 2380 1784 2434 dissoluti

202 2484 258 2526 et
304 2472 565 2528 enervati.
609 2471 921 2537 Curramus,
956 2472 1164 2542 inquit,
1194 2488 1408 2543 agonem
1451 2473 1786 2542 propositum.

207 2565 407 2619 Deinde
434 2564 815 2619 consolationis
837 2573 893 2620 et
912 2564 1302 2619 exhortationis
1329 2574 1512 2634 caput,
1542 2564 1682 2633 quod
1709 2573 1789 2618 est

202 2670 256 2713 et
290 2660 515 2727 primum
539 2668 592 2714 ct
619 2658 883 2725 ultimum,
911 2660 1080 2729 ponit,
1106 2660 1376 2715 Christum
1404 2679 1416 2713 :
1444 2660 1501 2715 9..
1524 2662 1788 2729 Aspicien-

203 2760 299 2810 trs,
324 2750 516 2819 inquit,
539 2750 593 2802 in
613 2759 871 2803 auctorem
895 2750 1015 2818 ﬁdei
1040 2760 1084 2803 et
1112 2761 1565 2804 consummatoreut
1590 2748 1789 2803 Jesum.

204 2840 359 2908 Quod
384 2840 498 2908 ipse
518 2855 731 2910 quoque
754 2840 999 2894 Christus
1021 2841 1237 2895 assidue
1258 2841 1470 2895 dicebat
1497 2841 1608 2895 suis
1631 2841 1795 2895 disci-

204 2934 348 3004 pulis
396 2950 410 2987 :
462 2932 523 2987 Si
576 2942 767 3003 patrem
818 2932 1045 3003 familias
1090 2931 1371 2985 Beelzebub
1425 2932 1791 3001 appellarunt,

205 3035 399 3095 quanto
426 3025 587 3094 magis
616 3024 917 3078 domesticos
945 3024 1055 3093 ejus
1078 3022 1295 3093 (Matth.
1330 3025 1418 3078 10.
1444 3025 1574 3093 ‘25)?
1601 3034 1654 3077 et
1678 3039 1795 3076 t‘Itr-

205 3130 321 3177 sus,
356 3114 474 3167 Non
502 3124 573 3167 est
604 3114 885 3183 discipulus
914 3130 1071 3184 supra
1098 3112 1417 3184 magistrum,
1444 3131 1601 3184 neque
1622 3131 1795 3167 servus

206 3221 357 3273 super
386 3204 645 3257 dominum
670 3221 818 3257 suum
846 3204 866 3276 (
900 3202 1031 3257 Ibid.
1061 3221 1108 3258 tt.
1136 3202 1271 3272 21).
1318 3204 1633 3273 Aspicientes
1663 3246 1678 3267 ,
1714 3204 1793 3258 in-

206 3296 324 3365 quit
351 3310 367 3348 :
402 3296 501 3349 hoc
528 3305 633 3361 est,
666 3303 725 3349 ut
750 3296 1023 3349 discamus
1049 3309 1289 3362 currere,
1324 3296 1605 3350 videamus
1636 3296 1789 3351 Citri-

207 3396 375 3441 stum.
408 3385 557 3441 Sicut
578 3387 720 3441 enim
747 3388 796 3440 itt
829 3387 1079 3441 omnibus
1099 3386 1305 3441 artibus
1332 3396 1386 3442 et
1412 3387 1795 3442 certaminibus

206 3478 279 3531 ad
312 3479 592 3546 magistros
622 3478 966 3546 aspicientes,
999 3477 1071 3531 ita
1102 3476 1157 3531 in
1185 3488 1368 3531 mente
1398 3487 1571 3531 artem
1604 3478 1794 3545 impri-

210 3570 443 3629 mitnus,
480 3583 574 3637 per
607 3568 819 3623 videndi
863 3567 1169 3623 facultatem
1208 3568 1466 3638 quasdam
1519 3580 1794 3625 sumentes

209 3659 430 3729 regulas
463 3678 477 3714 :
509 3662 580 3714 ita
634 3661 719 3715 hic
769 3676 1021 3731 quoque,
1069 3661 1113 3715 si
1164 3662 1392 3716 velimus
1435 3676 1694 3726 currere,
1742 3672 1797 3716 et

208 3742 422 3798 discere
449 3758 594 3801 recte
620 3762 855 3815 currere,
884 3752 1172 3820 aspicimus
1199 3751 1263 3805 ad
1290 3752 1567 3807 Christum
1599 3762 1781 3808 aucto-

209 3849 326 3888 rem
354 3834 479 3890 fidei
515 3846 569 3891 et
607 3850 1094 3896 consummatorem
1120 3842 1325 3898 Jcsum.
1356 3843 1493 3911 Quid
1538 3844 1639 3898 hoc
1668 3843 1790 3899 est?

212 3924 271 3979 ld
302 3934 386 3980 est
404 3966 419 3987 .
450 3926 564 3995 ipse
590 3930 746 3983 uobis
772 3930 928 3986 [idem
956 3931 1175 4001 indidit,
1203 3935 1317 4003 ipse
1342 3936 1662 4005 principium
1686 3936 1787 3991 de-

210 4016 312 4071 dit.
360 4016 513 4085 Quod
543 4020 753 4085 dicebat
788 4021 1035 4077 Christus
1064 4023 1385 4095 discipulis:
1420 4025 1541 4080 Non
1579 4043 1666 4081 eos
1714 4044 1793 4082 me

210 4110 453 4183 elegistis,
482 4114 569 4165 sed
600 4128 687 4183 ego
713 4113 844 4185 elegi
869 4131 956 4171 vos
980 4115 1161 4189 (Joan.
1187 4119 1277 4173 15.
1306 4118 1418 4190 16).
1450 4119 1645 4174 Paulus
1671 4130 1797 4189 quo-

211 4216 321 4271 que
353 4201 482 4257 dicit
508 4222 522 4257 :
554 4202 696 4259 Tunc
723 4223 1026 4278 cognoscam
1052 4210 1183 4264 sicut
1209 4220 1257 4265 et
1295 4212 1525 4283 cognitus
1554 4230 1665 4266 sum
1695 4212 1715 4285 (
1740 4213 1792 4267 1.

212 4286 335 4344 Cor.
360 4291 449 4346 13.
485 4292 611 4365 12).
641 4294 701 4350 Si
744 4305 924 4352 autem
967 4298 1081 4368 ipse
1113 4300 1269 4356 nobis
1309 4303 1561 4373 imposuit
1589 4304 1797 4374 princi-

215 4380 363 4451 pium
384 4423 398 4446 .
425 4382 542 4453 ipse
567 4400 784 4458 quoque
812 4390 968 4444 nobis
999 4389 1158 4446 linem
1190 4392 1437 4462 imponit.
1486 4395 1584 4461 Qui
1612 4413 1801 4466 propo-

215 4471 315 4525 sito
338 4471 435 4525 sibi
458 4475 647 4545 gaudio
673 4478 911 4532 sustinuit
931 4496 1149 4546 crucem,
1171 4486 1468 4556 confusione
1491 4496 1797 4557 contempta.

220 4560 337 4618 Hoc
365 4573 487 4630 est,
520 4565 715 4623 licebat
754 4569 806 4624 ei
846 4570 980 4625 nihil
1025 4573 1165 4642 pati,
1198 4574 1242 4628 si
1289 4575 1545 4632 voluisset
1578 4595 1591 4630 :
1628 4592 1801 4647 neque

216 4657 364 4711 enim
396 4668 671 4726 peceatum
696 4660 842 4728 fecit,
874 4679 1050 4734 neque
1076 4666 1325 4722 inventus
1345 4678 1429 4723 est
1453 4666 1611 4724 dolus
1634 4671 1684 4723 in
1710 4684 1805 4725 ore

217 4748 337 4817 ejus
367 4747 531 4820 (lsai.
560 4752 651 4807 53.
683 4752 756 4825 9)
784 4771 809 4807 :.
826 4754 964 4809 sicut
994 4755 1112 4826 ipse
1139 4773 1355 4829 quoque
1379 4759 1511 4815 dicit
1540 4760 1591 4814 in
1624 4760 1804 4815 Evan-

218 4840 373 4911 gcliis
400 4857 414 4894 :
455 4841 597 4896 Venit
627 4846 803 4898 mundi
830 4848 1084 4917 princeps,
1116 4860 1161 4903 et
1186 4851 1240 4904 in
1268 4867 1347 4905 me
1366 4867 1467 4905 non
1493 4851 1639 4907 habet
1662 4854 1806 4922 quid-

218 4948 375 5003 quam
405 4932 584 5005 (Joan.
613 4937 703 4991 14.
730 4938 847 5007 50).
879 4940 1008 4995 Erat
1034 4956 1162 5012 ergo
1187 4942 1237 4998 ei
1266 4954 1574 5014 promptum
1593 4988 1608 5012 ,
1637 4946 1682 5000 si
1712 4961 1807 5003 vo-

231 5023 420 5081 luisset
447 5039 551 5079 non
581 5029 763 5084 venire
789 5030 852 5083 ad
881 5045 1094 5087 erucem
1120 5050 1133 5087 :
1163 5031 1467 5090 Potestatem
1507 5036 1648 5091 enim
1673 5078 1689 5103 ,
1718 5038 1804 5091 it:-

222 5115 359 5187 quit,
384 5115 542 5170 habeo
562 5120 785 5187 ponendi
807 5124 1029 5175 animam
1050 5140 1233 5183 meam,
1260 5135 1310 5179 et
1336 5137 1629 5194 potestatem
1650 5130 1809 5184 habeo

223 5220 405 5258 rursus
433 5207 711 5263 reciniendi
740 5226 848 5264 eam
880 5209 1058 5281 (Joan.
1096 5214 1179 5269 10.
1215 5216 1323 5286 18).
1357 5215 1432 5291 (a)
1474 5217 1528 5273 Si
1560 5235 1687 5289 ergo
1716 5220 1807 5291 qui

228 5294 455 5351 minime
501 5312 722 5355 necesse
759 5300 988 5357 habebat
1029 5305 1263 5377 crucifigi
1286 5349 1300 5372 ,
1334 5320 1553 5380 propter
1581 5326 1680 5367 nos
1712 5311 1809 5367 fuit

225 5388 516 5445 cruciﬁxus
542 5407 556 5444 :
583 5402 783 5459 quanto
812 5396 978 5468 magis
1011 5412 1105 5465 par
1129 5407 1213 5453 est
1240 5410 1298 5455 ut
1326 5416 1426 5457 nos
1455 5404 1631 5457 omnia
1662 5402 1812 5459 furti-

231 5489 315 5534 ιρι·
345 5478 622 5537 feramus?
649 5483 749 5550 Qui
778 5489 1058 5553 proposito,
1092 5490 1260 5559 inqttit
1280 5534 1295 5557 ,
1318 5493 1413 5546 sibi
1436 5494 1625 5565 gaudio
1653 5496 1810 5550 susti-

230 5571 340 5625 nuit
369 5588 568 5626 crucem
594 5614 609 5637 ,
638 5577 939 5647 confusione
972 5582 1441 5651 cantempta._Quid
1482 5595 1561 5641 cst
1580 5626 1597 5654 ,
1624 5583 1816 5656 Confu-

314 5731 388 5795 (a)
410 5730 617 5784 Grandis
635 5733 712 5785 hic
726 5733 885 5786 hiatus
908 5744 983 5788 est
1006 5740 1053 5788 in
1076 5740 1290 5794 Oilbert.

1007 353 1071 409 lN
1111 351 1317 408 EPIST.
1366 349 1453 403 AD
1493 345 1850 403 ΙΙΕΒΙὶιΕΟδί.
1892 346 2045 403 C.\l’.
2090 351 2200 405 XII.
2246 352 2479 409 llOlllL.
2525 353 2749 409 XXVIII.

3367 351 3461 404 Illi

1878 468 2019 521 sione
2049 471 2382 539 contempta?
2407 468 2753 536 Probrosam,
2788 471 2988 541 inquit,
3018 470 3180 542 elegit
3210 480 3457 527 mortem.

1881 556 2010 612 Esto
2036 560 2177 613 enim
2200 554 2451 629 ,inquit,
2486 568 2569 615 est
2596 569 2882 626 mortuus;
2925 577 3023 619 cur
3073 562 3468 635 ignominioso?

1881 647 1996 702 Non
2026 660 2246 719 prepter
2271 648 2434 713 aliud,
2465 666 2624 720 quam
2650 666 2747 707 nos
2772 652 2995 718 docens,
3020 662 3078 708 ut
3098 654 3323 723 gloriam
3347 668 3469 722 qute

1883 741 1950 794 ab
1991 740 2294 796 hominibus
2333 740 2490 795 datur
2526 740 2678 796 nihili
2706 741 2985 798 ducamus.
3018 744 3314 814 Propterea
3342 760 3467 800 eum

1884 846 1989 884 non
2011 842 2151 885 esset
2179 840 2395 900 peccato
2417 832 2712 901 subjectus,
2740 848 2857 887 eam
2881 835 3063 904 elegit,
3092 834 3349 890 erudiens
3370 850 3470 890 nos

1888 931 1943 976 ut
1970 921 2228 976 adversus
2250 937 2367 975 eam
2396 922 2566 975 simus
2588 922 2820 979 audaces
2847 965 2861 987 ,
2892 934 2946 979 et
2972 940 3090 979 eam
3123 926 3275 981 nihili
3304 926 3473 981 facia-

1888 1026 2026 1065 mus.
2049 1012 2223 1078 Quare
2249 1028 2355 1066 non
2379 1011 2532 1073 dixit,
2560 1011 2806 1080 Tristitia,
2836 1014 2928 1069 sed
2959 1014 3311 1085 Confusione."
3331 1016 3475 1084 Quo-

1893 1103 2033 1155 niam
2066 1117 2170 1154 non
2205 1102 2319 1156 lucc
2352 1101 2556 1157 ferebat
2584 1118 2705 1158 cum
2739 1106 2973 1160 tristitia.
3017 1106 3146 1171 Quis
3185 1115 3362 1161 autem
3407 1108 3476 1161 sit

1890 1190 2009 1244 finis
2030 1190 2151 1243 audi
2182 1209 2194 1244 :
2218 1190 2381 1259 Atque
2400 1192 2452 1245 in
2474 1193 2683 1248 dextera
2702 1195 2836 1248 sedis
2860 1194 2954 1248 Dei
2978 1196 3133 1250 sedet.
3153 1195 3313 1252 Vides
3342 1213 3478 1267 prte-

1876 1276 2041 1329 tnium
2072 1276 2424 1333 certaminis?
2450 1277 2606 1344 Quod
2641 1279 2839 1335 Paulus
2870 1298 3086 1353 quoque
3113 1287 3358 1344 scribens
3384 1290 3463 1345 di-

1874 1368 1949 1421 cit
1981 1385 1993 1420 :
2028 1365 2249 1434 Propter
2274 1367 2410 1437 quod
2438 1378 2483 1420 et
2514 1368 2651 1424 Deus
2679 1370 2832 1423 istum
2858 1376 3275 1445 superexaltavit,
3301 1389 3349 1432 et
3374 1380 3465 1432 do-

1876 1459 2012 1509 navit
2042 1457 2121 1509 illi
2148 1474 2347 1521 nomen,
2390 1458 2527 1528 quod
2574 1468 2645 1513 est
2686 1477 2838 1530 super
2880 1478 3029 1517 omne
3068 1481 3272 1531 nomen,
3313 1478 3369 1521 ut
3411 1470 3465 1523 in

1878 1550 2079 1602 nomine
2103 1548 2226 1602 Jesu
2259 1566 2405 1603 omne
2435 1567 2567 1620 genu
2596 1552 2832 1620 flectatur
2863 1552 3126 1627 (Philipp.
3158 1556 3212 1610 2.
3247 1558 3300 1612 9.
3332 1558 3464 1629 10).

1882 1640 2019 1694 Dicit
2042 1640 2182 1710 quod
2206 1650 2289 1695 est
2315 1642 2607 1695 secundum
2632 1657 2871 1697 carnem.
2897 1648 3070 1715 Atque
3096 1650 3327 1704 maxime
3352 1650 3468 1719 qui-

1881 1730 2041 1795 dem,
2086 1730 2297 1784 etiantsi
2346 1732 2549 1785 nullum
2602 1743 2745 1787 esset
2798 1738 3133 1806 propositum
3186 1740 3467 1809 praemium

1876 1823 2210 1889 certaminis,
2244 1823 2521 1878 sufficeret
2566 1827 2870 1895 exemplum
2920 1828 2987 1883 ad
3036 1831 3468 1899 persuadendum

1885 1924 1941 1969 ut
1982 1916 2160 1969 omnia
2204 1925 2385 1969 nostra
2419 1924 2610 1983 sponte
2640 1921 3034 1974 sustineremus
3065 1938 3079 1974 :
3114 1938 3257 1979 nunc
3284 1934 3468 1980 autem

1886 2005 2040 2059 nobis
2067 2007 2226 2059 etiam
2255 2017 2632 2075 proponuntur
2660 2013 2899 2079 prmmia,
2932 2028 3038 2066 non
3065 2015 3340 2084 qualibet,
3372 2016 3469 2071 sed

1886 2110 2074 2166 magna
2118 2095 2521 2157 etinetl'abilia.
2571 2098 2936 2167 Quamobrem
2967 2118 3065 2157 nos
3094 2119 3309 2175 quoque
3347 2120 3469 2161 cum

1885 2186 2085 2255 aliquid
2115 2187 2221 2241 tale
2253 2189 2392 2256 passi
2424 2188 2704 2256 fuerimus,
2735 2203 2861 2246 ante
2891 2196 3168 2263 apostolos
3196 2196 3475 2254 Christum

1887 2278 2201 2345 cogitemus.
2227 2276 2435 2344 Quare?
2460 2278 2593 2345 Quia
2619 2289 2724 2334 tota
2747 2282 2864 2350 ejus
2901 2284 3006 2337 vita
3037 2286 3193 2354 plena
3222 2285 3321 2341 fuit
3347 2302 3475 2343 cun-

1888 2366 2123 2419 tumcliis
2154 2384 2167 2418 :
2201 2381 2414 2437 semper
2441 2370 2582 2423 enim
2616 2372 2755 2427 male
2780 2374 3060 2442 audiebat,
3089 2385 3149 2430 ut
3172 2379 3262 2448 qui
3296 2393 3465 2433 voca-

1889 2466 2037 2510 retur
2059 2454 2314 2520 furiosus,
2338 2457 2592 2513 seductor
2615 2470 2668 2515 et
2692 2464 3080 2533 prmstigiator;
3110 2476 3165 2521 et
3187 2468 3478 2539 aliquando

1890 2546 2104 2617 quidem
2128 2546 2379 2602 dicebant
2399 2548 2591 2617 Judmi,
2625 2550 2724 2604 llic
2745 2570 2845 2607 non
2866 2564 2940 2609 est
2964 2571 2996 2608 a
3016 2555 3164 2623 Deo;
3194 2559 3481 2629 aliquando

1891 2646 2089 2699 autent,
2125 2635 2245 2690 Non
2268 2679 2281 2701 ,
2311 2638 2399 2692 sed
2422 2641 2614 2695 seducit
2645 2642 2856 2710 turbas;
2884 2654 2939 2699 et
2966 2662 3155 2703 rursus
3176 2690 3191 2714 ,
3222 2647 3477 2704 Seductor

1892 2727 1981 2781 ille
2008 2728 2203 2780 dicebat
2232 2729 2400 2783 adhuc
2426 2731 2745 2797 vivmts,Post
2774 2741 2873 2789 tres
2898 2736 3003 2790 dies
3027 2753 3307 2809 resurgant.
3342 2741 3483 2796 Prte-

1893 2817 2168 2887 stigiarum
2197 2833 2410 2888 quoque
2449 2830 2503 2875 ct
2544 2825 2765 2890 magiezn
2812 2826 2944 2879 artis
2991 2841 3114 2881 eum
3157 2831 3482 2888 accusabant

1894 2909 2134 2963 dicentes
2162 2926 2174 2961 :
2204 2908 2271 2961 In
2303 2908 2582 2965 Beelzebub
2610 2914 2747 2983 ejicit
2773 2914 3027 2971 dmmonia
3080 2918 3269 2989 (Joan.
3301 2920 3356 2976 9.
3390 2923 3479 2977 16.

1896 3010 1941 3054 et
1968 3001 2019 3053 7.
2054 2999 2143 3065 12;
2176 3000 2365 3055 Matth.
2388 3001 2478 3055 27.
2510 3003 2599 3058 65.
2626 3014 2671 3057 ct
2700 3005 2787 3059 12.
2812 3006 2905 3079 Ἡ)
2933 3026 2945 3060 :
2971 3018 3026 3063 et
3053 3012 3195 3077 quod
3225 3013 3487 3069 insaniret

1897 3099 1952 3145 et
1984 3092 2204 3145 haberet
2234 3091 2562 3148 daemonium
2591 3115 2603 3149 :
2640 3095 2763 3151 Non
2794 3099 2916 3154 bene
2942 3101 3256 3170 dicebamus,
3289 3106 3484 3175 inquit,

1897 3182 2032 3252 quod
2058 3182 2203 3235 habet
2233 3183 2543 3239 dwtttonium
2572 3199 2620 3241 et
2649 3190 2840 3245 insanit
2884 3190 3079 3260 (Joan.
3113 3195 3203 3250 10.
3227 3196 3299 3251 20
3319 3199 3382 3268 )‘l
3422 3198 3489 3254 Et

1902 3274 2016 3328 lucc
2042 3273 2110 3327 ab
2140 3273 2246 3329 illis
2277 3276 2560 3341 audiebat,
2587 3294 2709 3333 cum
2752 3296 2847 3336 eos
2888 3282 3169 3341 beneficiis
3206 3287 3448 3345 afficeret
3471 3332 3487 3353 ,

1902 3367 2159 3421 miracula
2192 3366 2414 3435 faceret,
2450 3368 2545 3424 Dei
2578 3386 2742 3441 opera
2772 3373 3106 3431 ostenderet.
3138 3376 3268 3432 Nam
3297 3380 3490 3452 siqui.

1866 3455 2023 3512 “dem
2054 3456 2186 3511 nihil
2218 3457 2418 3512 faciens
2452 3459 2568 3513 hinc
2592 3462 2843 3528 audiret,
2878 3465 3010 3519 nihil
3042 3477 3190 3523 esset
3217 3468 3355 3525 adeo
3387 3472 3491 3527 mi-

1904 3564 2021 3603 rum
2046 3565 2059 3601 :
2084 3549 2127 3602 si
2155 3559 2334 3603 autem
2376 3550 2579 3606 docens
2617 3569 2737 3622 qua:
2766 3556 3038 3624 pertinent
3074 3559 3142 3613 ad
3188 3563 3493 3630 veritatem,

1905 3640 2160 3696 audiebat
2189 3656 2249 3697 se
2276 3644 2454 3697 vocari
2480 3645 2843 3713 seductorem,
2872 3658 2928 3703 et
2948 3648 3224 3707 dazmoues
3247 3653 3492 3724 eiiciens,

1905 3732 2157 3811 audiebat
2177 3748 2235 3788 se
2262 3734 2460 3803 probro
2482 3737 2659 3804 appeti
2682 3739 2825 3806 quod
2850 3738 3074 3796 haberet
3095 3742 3421 3810 dmmouem,
3442 3756 3495 3802 et

1906 3838 2256 3894 quaecumque
2281 3833 2437 3879 erant
2464 3829 2731 3881 contraria
2760 3832 3329 3896 evertens,dieebatur
3360 3851 3498 3906 prae-

1907 3913 2154 3983 stigiator
2178 3934 2191 3968 :
2212 3930 2369 3985 quam
2401 3916 2645 3973 mirabile
2668 3918 2795 3974 illud
2816 3921 2935 3976 est?
2965 3921 3169 3978 [lorum
3198 3926 3340 3980 enim
3372 3941 3496 3983 eum

1908 4005 2124 4060 assidue
2148 4007 2491 4062 accusabant.

1987 4097 2042 4153 3.
2080 4095 2139 4151 Si
2163 4096 2245 4150 vis
2264 4101 2446 4148 autem
2486 4093 2673 4147 audire
2714 4091 2936 4146 dicteria
2982 4098 3038 4145 et
3060 4090 3343 4146 irrisiones
3366 4107 3500 4162 quas

1917 4190 1972 4243 ln
2001 4203 2122 4245 eum
2149 4186 2485 4251 emittebant,
2505 4184 2645 4255 quod
2670 4193 2883 4238 nostros
2907 4182 3140 4239 maxime
3160 4183 3371 4239 mordet
3395 4185 3507 4240 anl-

1917 4294 2055 4345 mos,
2087 4278 2209 4333 audi
2243 4279 2469 4347 primum
2500 4290 2530 4328 a
2550 4289 2786 4346 genere:
2813 4272 2935 4327 Non
2966 4284 3038 4328 est
3078 4274 3179 4337 hic,
3220 4271 3412 4343 inquit,
3436 4274 3501 4343 fi.

1916 4375 2015 4428 lius
2042 4372 2195 4442 fabri,
2220 4371 2366 4441 cujus
2387 4385 2480 4422 nos
2500 4369 2729 4421 novimus
2756 4376 2949 4437 patrem
2970 4376 3018 4419 et
3044 4366 3296 4419 matrem?
3335 4381 3504 4421 nonne

1918 4466 2100 4534 fratres
2121 4465 2230 4533 ejus
2260 4478 2433 4515 omnes
2453 4460 2592 4530 apud
2619 4475 2710 4512 nos
2730 4466 2845 4512 sunt
2867 4456 3084 4527 (Matth.
3120 4458 3205 4512 15.
3230 4456 3320 4526 55)
3343 4456 3366 4509 'l
3389 4466 3442 4511 et
3471 4471 3502 4510 τι

1918 4555 2089 4625 patria
2116 4568 2237 4607 eum
2266 4552 2599 4607 ludificantes
2628 4548 2877 4603 dicebant
2903 4563 3027 4602 eum
3075 4560 3195 4601 esse
3223 4561 3291 4601 ex
3333 4544 3502 4601 Naza-

1918 4646 2058 4702 retlt.
2088 4645 2151 4700 Et
2172 4657 2392 4698 rursus:
2423 4640 2711 4711 Interroga,
2738 4640 2928 4709 inquit,
2956 4648 3002 4691 et
3023 4638 3136 4692 vide
3156 4636 3292 4708 quod
3315 4652 3378 4690 ea:
3399 4634 3506 4691 Ga-

1916 4738 2054 4791 lilica
2084 4751 2185 4789 non
2215 4734 2377 4803 surgit
2419 4731 2666 4803 propheta
2714 4728 2893 4801 (Joan.
2941 4730 2999 4783 7.
3044 4725 3252 4799 52):et
3299 4726 3505 4781 ferebat

1916 4843 2036 4881 cum
2069 4825 2153 4879 his
2185 4830 2533 4894 appeteretur
2557 4819 2857 4876 calumniis.
2890 4818 2957 4873 Et
2986 4832 3174 4873 rursus
3205 4816 3453 4873 dicebant
3483 4832 3499 4870 :

1916 4918 2100 4970 Annon
2122 4916 2243 4968 dicit
2265 4913 2536 4981 Scriptura
2558 4910 2696 4982 quod
2714 4925 2777 4964 ea:
2793 4908 3052 4963 Bethleem
3067 4909 3175 4963 vico
3194 4908 3327 4962 venit
3348 4906 3471 4963 Chri
3484 4935 3503 4946 ο

1915 5018 2023 5061 stus
2062 5006 2169 5079 (Ib.
2198 5020 2247 5058 tt.
2280 5002 2410 5073 £2)?
2436 5003 2527 5058 Vis
2556 5003 2720 5058 etiam
2755 4999 2943 5055 audire
2982 5000 3264 5054 irrisiones
3308 4998 3503 5069 quibus

1916 5098 1968 5151 in
1998 5110 2121 5151 eum
2144 5096 2243 5151 sub
2281 5093 2396 5163 ipsa
2436 5107 2603 5148 cruce
2627 5090 2951 5148 utebantur?
2988 5088 3271 5145 illudentes
3296 5088 3496 5145 adora-

1918 5188 2211 5255 banteum,
2241 5194 2295 5252 et
2334 5185 2705 5255 percutiebant
2741 5193 2796 5240 et
2833 5181 3093 5251 colaphos
3114 5181 3499 5252 impingebant,

1915 5278 2269 5348 dicebantque
2288 5292 2302 5329 :
2330 5276 2429 5331 Dic
2452 5276 2595 5331 nobis
2618 5276 2731 5346 quis
2745 5284 2818 5330 est
2836 5275 2924 5345 qui
2942 5285 2988 5329 te
3001 5274 3284 5345 percussit?
3305 5282 3361 5330 et
3378 5289 3503 5329 ace-

1918 5381 2028 5425 tum
2058 5368 2354 5425 offerebant
2372 5370 2443 5435 ei,
2472 5368 2751 5423 dicentes:
2776 5366 2839 5423 Si
2858 5384 2909 5422 es
2929 5365 3101 5422 Filius
3124 5366 3235 5432 Dei,
3258 5364 3506 5421 descende

1916 5463 1979 5517 de
2006 5478 2154 5517 cruce
2187 5460 2401 5533 (Matth.
2433 5459 2525 5516 26.
2555 5460 2644 5515 68.
2671 5469 2719 5514 et
2743 5458 2835 5514 i7.
2858 5459 2973 5530 40).
3002 5459 3270 5514 Pratterea
3314 5471 3507 5514 servus

1916 5568 2130 5625 quoque
2153 5552 2426 5623 pontiﬁcis
2453 5550 2603 5607 dedit
2643 5552 2693 5606 ei
2723 5551 2956 5621 alapam,
3000 5559 3054 5603 et
3081 5548 3244 5603 dicit:
3280 5548 3343 5603 Si
3371 5546 3506 5602 male

1917 5646 2157 5714 loquutus
2196 5661 2329 5717 sunt,
2386 5644 2720 5698 testimonium
2764 5642 2968 5712 perhibe
3004 5641 3068 5695 de
3094 5640 3227 5694 uialo
3248 5656 3267 5695 :
3288 5640 3332 5695 si
3358 5640 3501 5705 bene,

1915 5737 2037 5804 quid
2067 5753 2146 5792 me
2172 5735 2324 5801 credis
2357 5734 2536 5807 (Joan.
2568 5734 2656 5787 18.
2678 5732 2809 5805 23)?
2834 5732 2901 5787 Et
2924 5730 3213 5787 irridentes
3235 5732 3505 5801 imposue-
