4062 6402
682 380 771 432 ίερῖἰ

680 510 802 555 runt
829 500 877 553 ei
915 494 1269 565 chlamydem,
1314 502 1366 545 et
1408 499 1663 560 spnerunt
1694 490 1742 540 in
1776 488 1891 557 ejus
1932 487 2148 547 faciem;
2180 497 2231 537 ot

682 596 996 646 mutationes
1019 591 1066 644 ei
1090 600 1297 656 semper
1322 577 1658 648 adhibebant,
1686 596 1804 634 cum
1834 589 2116 635 tentantes.
2148 580 2232 632 \‘is

679 684 837 735 etiam
868 680 1046 734 videre
1087 676 1469 736 accusationes,
1519 686 1637 741 qua:
1674 672 1829 733 clam,
1872 685 1986 739 qua:
2037 670 2227 738 palam,

679 790 796 842 qua:
825 774 980 827 etiam
1008 770 1075 822 ab
1100 768 1227 836 ipsis
1250 765 1444 820 fiebant
1468 762 1775 831 discipulis?
1800 759 1939 814 Num
1959 769 2005 814 et
2026 776 2129 824 uos,
2155 760 2233 812 in-

679 863 811 930 quit,
838 860 980 912 vultis
1008 856 1182 910 abire?
1209 865 1281 917 et,
1316 854 1629 907 Dwmonium
1670 852 1817 904 habes
1843 850 2020 919 (Joan.
2056 850 2108 903 6.
2141 849 2229 904 68.

680 963 725 1004 ct
752 953 802 1005 7.
834 950 950 1017 20),
981 948 1258 1003 dicebatur
1284 946 1352 999 ab
1379 948 1441 1000 iis
1466 946 1554 1014 qui
1592 944 1699 1012 jam
1739 942 2094 995 crediderant.
2140 941 2231 994 Dic

678 1053 852 1096 autem
881 1041 1029 1106 mihi,
1059 1054 1236 1093 nonne
1266 1039 1378 1106 ipse
1392 1050 1599 1106 quoque
1617 1049 1827 1102 semper
1853 1032 2103 1100 fugiebat,
2124 1030 2225 1085 ali-

677 1131 886 1202 quando
915 1130 1125 1200 quidem
1154 1130 1205 1184 iu
1236 1128 1524 1191 Galilaeam,
1552 1123 1839 1194 aliquando
1857 1132 2030 1177 autem
2061 1122 2111 1176 in
2139 1121 2231 1176 Ju-

677 1223 884 1277 dzeam?
910 1237 1085 1275 annon
1116 1220 1183 1273 ab
1212 1218 1341 1288 ipsis
1372 1215 1683 1270 incunabilis
1706 1213 1803 1267 fuit
1830 1212 1991 1265 multa
2022 1210 2229 1280 appeti-

679 1324 763 1367 tus
785 1311 1108 1367 tentatione?
1130 1324 1303 1363 annon
1326 1323 1470 1371 eum,
1510 1320 1628 1359 cum
1658 1314 1800 1360 esset
1826 1303 2017 1368 infans,
2061 1312 2231 1356 matt-r

676 1402 895 1457 deduxit
921 1402 971 1454 in
990 1398 1309 1468 Egyptuml
1337 1396 1555 1465 Propter
1577 1394 1687 1448 lucc
1703 1393 1878 1447 omnia
1896 1392 2023 1447 dicit
2044 1407 2059 1445 ς
2084 1391 2230 1459 Aspi-

676 1494 856 1545 cienm
886 1492 937 1543 in
964 1500 1216 1543 auctorem
1242 1488 1361 1558 fidei
1388 1497 1434 1541 et
1462 1495 1907 1541 consummatorem
1932 1483 2127 1549 Iesum,
2144 1485 2230 1551 qui

680 1576 934 1641 proposito
954 1575 1046 1627 sibi
1070 1576 1255 1642 gaudio
1282 1576 1515 1628 sustinuit
1543 1591 1755 1638 crucem,
1787 1574 2077 1640 confusione
2098 1588 2224 1623 con-

674 1671 880 1732 tempta,
910 1672 1057 1732 atque
1083 1662 1136 1716 in
1163 1663 1366 1717 dextera
1394 1664 1527 1717 sedis
1550 1662 1646 1717 Dei
1667 1665 1819 1717 sedet.
1853 1662 1927 1716 Ad
1957 1679 2074 1716 eum
2100 1677 2227 1731 ergo

673 1753 988 1821 aspiciamus
1013 1762 1063 1807 et
1079 1752 1144 1807 ad
1165 1754 1281 1820 ejus
1298 1752 1601 1822 discipulos,
1626 1753 1859 1821 legentes
1874 1768 1989 1821 qum
2008 1767 2223 1821 pet-prs.

672 1854 764 1893 sus
788 1852 865 1893 cst
890 1841 1097 1901 Paulus.
1122 1854 1173 1896 et
1201 1843 1469 1896 audientes
1492 1859 1610 1895 cum
1637 1842 1897 1897 dicentem
1923 1859 1934 1894 :
1959 1841 2025 1895 lu
2068 1843 2226 1895 multa

672 1931 933 1998 patientia,
948 1934 999 1985 in
1016 1934 1426 1997 tribulationibus,
1444 1937 1494 1985 in
1512 1933 1950 1998 necessitatibus,iu
1966 1948 2225 2001 persequu-

672 2023 905 2086 tionibus,
925 2023 974 2074 in
990 2023 1251 2090 angustiis,
1273 2024 1322 2075 in
1339 2024 1519 2091 plagis,
1537 2024 1587 2075 in
1601 2022 1954 2086 carceribuan
1971 2023 2225 2075 seditioni-

669 2113 1093 2180 bus,inje]uniis,
1108 2112 1159 2164 in
1186 2111 1471 2175 laboribus,
1487 2112 1540 2163 in
1561 2111 1822 2175 castitate,
1840 2111 1891 2161 in
1913 2109 2128 2161 scicntia
2143 2108 2219 2173 (2.

668 2200 787 2252 Cor.
801 2205 851 2254 ϐ.
870 2201 1006 2270 LO);
1027 2212 1077 2255 et
1091 2216 1297 2264 rursus,
1316 2199 1485 2271 Usque
1495 2202 1563 2255 ad
1572 2200 1895 2254 hanchoram
1907 2198 2161 2252 esurimus
2171 2206 2219 2251 et

668 2291 896 2350 sitimtts,
908 2300 957 2344 et
968 2291 1095 2343 nudi
1102 2307 1299 2351 sumus,
1313 2301 1361 2344 et
1373 2290 1741 2360 colaphisca'rli
1748 2304 1881 2348 mur,
1892 2298 1941 2340 et
1953 2286 2219 2339 instabiles

668 2393 860 2440 sumus,
890 2387 938 2429 et
962 2376 1244 2429 laboramus
1270 2386 1529 2443 operantes
1569 2374 1794 2427 manibus
1828 2373 2043 2443 nostris:
2067 2372 2224 2424 mule-

669 2466 900 2530 tlicimur,
949 2475 995 2518 et
1037 2465 1402 2526 benedicimns;
1447 2464 1865 2533 persequutionem
1896 2462 2131 2531 patimur,
2176 2471 2222 2511 et

668 2555 997 2617 sustinemus;
1024 2554 1445 2621 blasphemautur,
1476 2562 1522 2605 et
1563 2554 1877 2606 obsecramus
1920 2550 1995 2621 (ι.
2017 2548 2135 2605 Cor.
2166 2550 2217 2603 5.

670 2644 837 2697 11-Ιῦ
927 2643 1185 2698 Passusne
1212 2651 1293 2696 est
1319 2641 1597 2712 quispiam,
1628 2641 1711 2695 vel
1738 2641 2008 2694 tninitnam
2033 2639 2219 2693 horum

670 2732 908 2801 partem?
934 2732 1224 2801 Tamquam
1268 2731 1596 2796 seductores,
1625 2730 1813 2798 inquit,
1847 2738 2110 2794 tamquam
2138 2727 2221 2781 in-

668 2824 855 2887 fames,
904 2834 1168 2892 tamquam
1200 2821 1329 2875 nihil
1380 2820 1637 2875 habentes
1672 2815 1766 2890 '(2.
1804 2817 1923 2874 Cor.
1963 2819 2015 2872 6.
2052 2818 2143 2887 8):
2170 2827 2224 2873 et

670 2926 874 2977 rursus,
906 2913 950 2965 Δ
987 2910 1183 2965 latinis
1222 2911 1481 2981 quinquies
1505 2910 1872 2979 quadragenas,
1900 2924 2004 2962 una
2035 2911 2216 2973 minus,

668 3002 837 3069 accepi
854 3020 875 3066 ,-
901 3009 975 3054 ter
992 3002 1142 3070 virgis
1160 3016 1318 3055 casus
1337 3016 1468 3063 sum,
1490 3000 1641 3053 semel
1655 3000 1906 3065 lapidatus
1922 3014 2031 3055 sum
2046 3016 2065 3065 ;
2080 3010 2223 3053 nocte

668 3102 716 3146 et
741 3092 821 3145 die
842 3093 895 3144 in
925 3090 1175 3161 profundo
1197 3092 1349 3143 maris
1373 3090 1468 3158 fui,
1490 3100 1535 3142 et
1558 3090 1608 3142 in
1632 3090 1887 3142 itineribus
1908 3103 2060 3158 stupe,
2092 3089 2221 3157 ami-

669 3183 931 3249 ctionibus,
955 3182 1205 3252 angustia,
1234 3179 1367 3249 fame
1390 3179 1463 3251 (2.
1494 3178 1612 3235 Cor.
1645 3181 1731 3233 il.
1756 3178 1970 3245 24-26).
1997 3180 2062 3233 Et
2081 3179 2220 3247 quod

669 3276 783 3327 haec
812 3273 918 3326 Deo
948 3271 1235 3339 placerent,
1264 3271 1385 3325 audi
1413 3286 1533 3326 cum
1559 3271 1855 3325 dicentem:
1892 3269 2104 3340 Propter
2130 3272 2223 3324 hoc

668 3374 740 3416 ter
771 3361 1037 3415 Dominum
1078 3361 1272 3430 rogari,
1312 3370 1357 3415 et
1378 3362 1504 3414 dixit
1530 3361 1686 3414 mihi:
1724 3360 1919 3429 Suﬂicit
1945 3361 2032 3413 tibi
2058 3362 2221 3429 gratia

667 3470 777 3507 mea
795 3469 811 3502 :
835 3453 989 3506 virtus
1014 3453 1145 3506 enim
1174 3468 1282 3505 mea
1302 3452 1352 3504 in
1377 3452 1665 3519 inﬁrmitate
1699 3452 1974 3518 per/icitur.
2005 3449 2222 3519 PrOpter

666 3544 820 3614 quod,
850 3543 1038 3611 inquit,
1065 3542 1237 3609 placeo
1268 3542 1390 3594 mihi
1418 3542 1471 3594 in
1498 3541 1869 3608 inﬁrmitatibus
1893 3541 2033 3605 meis,
2057 3541 2109 3593 in
2136 3544 2221 3611 af-

667 3632 991 3703 ﬂictionibus,
1013 3632 1063 3684 in
1090 3630 1483 3696 necessitatibus,
1515 3631 1568 3683 in
1596 3630 1861 3699 angustiis,
1890 3630 1940 3681 in
1968 3628 2147 3699 plagis,
2171 3630 2223 3682 in

667 3722 968 3787 carceribus,
994 3730 1047 3774 ut
1073 3722 1127 3775 in
1152 3736 1230 3774 me
1254 3719 1493 3775 inhabitet
1516 3721 1671 3773 uirtus
1693 3719 1875 3773 Christi
1897 3719 1973 3789 (2.
1992 3718 2108 3774 Cor.
2132 3717 2219 3772 η.

669 3814 722 3868 8.
745 3814 799 3867 9.
830 3811 938 3881 10).
966 3811 1100 3866 Audi
1123 3819 1297 3885 autem
1326 3810 1496 3880 ipsum
1517 3824 1728 3879 quoque
1753 3808 2018 3864 Christum
2038 3809 2222 3863 dicen-

668 3913 810 3957 tem:
846 3900 910 3955 ln
957 3900 1143 3955 mundo
1166 3900 1477 3972 amictionem
1505 3899 1744 3953 habebitis
1772 3897 1948 3967 (loun.
1982 3898 2067 3953 16.
2106 3898 2219 3965 53).

665 3996 720 4052 ὖ.
764 3994 1068 4065 Recogitate,
1100 3994 1287 4063 inquit,
1317 4010 1448 4058 eum,
1476 3994 1562 4063 qui
1598 3995 1747 4048 talem
1779 3993 2013 4047 sustinuit
2042 4010 2073 4045 a
2104 4010 2222 4063 pec-

666 4082 914 4137 catoribus
937 4083 1169 4136 adversus
1193 4085 1356 4152 ipsmn
1375 4083 1835 4147 contradictionem,
1862 4092 1915 4135 ut
1940 4099 2002 4136 ne
2026 4083 2213 4152 defati-

668 4173 851 4243 gemini
873 4173 1053 4225 animis
1078 4172 1249 4226 uestris
1278 4172 1580 4237 deﬁcientes.
1608 4171 1735 4226 iure
1765 4171 1953 4224 merito
1980 4174 2093 4225 tunc
2125 4171 2221 4224 ad-

667 4262 804 4317 didit
827 4280 840 4315 :
866 4276 987 4314 nam
1010 4262 1054 4315 si
1077 4260 1437 4329 proximorum
1464 4274 1561 4313 nos
1580 4260 1814 4313 excitant
1834 4260 2220 4329 perpessiones,

673 4341 849 4418 ipsius
870 4346 1075 4403 Domini
1101 4344 1472 4415 perpessiones
1498 4354 1750 4413 quantam
1782 4341 1935 4397 nobis
1955 4357 2061 4396 non
2090 4358 2232 4414 pra:-

674 4440 873 4496 bcbunt
894 4437 1056 4494 animi
1083 4436 1446 4493 alacritatem?
1470 4435 1593 4506 quid
1629 4435 1781 4490 nobis
1812 4449 1916 4489 non
1945 4432 2141 4489 faciet?
2168 4433 2234 4490 Et

673 4531 795 4587 vide
820 4528 1091 4600 quomodo
1121 4528 1534 4598 pranermittens
1553 4526 1732 4581 omnia
1758 4524 1957 4593 dicere,
1989 4539 2082 4593 per
2106 4540 2235 4580 con-

676 4622 1043 4678 tradictionem
1080 4629 1247 4674 tutum
1273 4618 1622 4688 significavit:
1653 4619 1787 4672 ictus
1812 4619 1951 4672 enim
1980 4616 2033 4672 in
2062 4618 2231 4687 genis,

677 4714 864 4777 risum,
890 4710 1261 4774 contumelias,
1290 4709 1749 4778 exprobrationes,
1780 4707 2071 4777 irrisiones,
2118 4708 2235 4764 lucc

673 4805 851 4858 omnia
891 4801 1141 4858 iudicavit
1188 4815 1283 4870 per
1330 4799 1804 4855 contradictionem
1840 4816 1853 4848 :
1886 4814 2059 4869 neque
2104 4813 2233 4854 vero

673 4895 847 4949 solum
877 4893 987 4958 illa,
1020 4892 1113 4948 sed
1139 4902 1194 4947 et
1217 4906 1335 4960 qua:
1362 4893 1573 4945 fuerunt
1602 4890 1654 4944 in
1701 4890 1941 4943 universa
1983 4890 2102 4944 vitae
2131 4889 2230 4945 do-

672 4988 865 5045 ctrina.
911 4984 1035 5040 [hec
1066 4985 1243 5053 igitur,
1273 4981 1624 5045 dilectissimi,
1656 4995 1865 5050 semper
1907 4992 2229 5050 reputemus,

674 5085 725 5128 et
744 5083 897 5130 noctu
921 5082 973 5129 et
992 5071 1220 5127 interdiu
1243 5070 1294 5124 in
1323 5070 1515 5123 animis
1533 5070 1729 5123 nostris
1756 5085 2044 5135 versemus,
2064 5072 2234 5125 scien—

675 5176 753 5221 tes
779 5166 917 5235 quod
939 5163 1132 5219 istbinc
1149 5176 1335 5232 magna
1354 5161 1668 5229 rcportaturi
1697 5176 1879 5215 sumus
1908 5162 2065 5227 bona,
2100 5161 2233 5216 mul-

674 5266 887 5325 tamque
914 5254 1034 5309 inde
1059 5254 1337 5308 utilitatem
1367 5253 1704 5322 recipiemus.

743 5345 930 5399 Christi
950 5345 1288 5413 perpessiones
1304 5345 1355 5397 in
1383 5344 1670 5397 mittoriam
1697 5343 2007 5398 revocanda.
2031 5373 2103 5386 —-
2120 5344 2229 5398 Ma-

672 5452 830 5505 gnum
862 5437 1024 5500 enim,
1060 5449 1246 5490 revera
1274 5450 1518 5505 magnum
1568 5445 1695 5489 sunt
1740 5436 1990 5491 solatium
2036 5436 2232 5493 Christi

675 5528 1044 5597 perpessiones
1062 5536 1116 5581 et
1135 5527 1500 5596 perpessiones
1520 5527 1899 5597 apostolorum.
1926 5529 2073 5584 Adeo
2089 5545 2231 5585 enim

673 5618 873 5673 sciebat
902 5618 1036 5674 hanc
1062 5621 1202 5674 viam
1232 5620 1441 5674 virtutis
1466 5634 1583 5675 esse
1613 5622 1907 5685 meliorem,
1942 5632 1997 5675 nt
2018 5633 2072 5677 et
2095 5624 2228 5691 ipse,

674 5711 761 5779 qui
794 5725 854 5765 ea
880 5726 984 5766 non
1013 5711 1220 5781 egebat,
1262 5725 1380 5766 eam
1418 5712 1484 5766 sit
1525 5710 1824 5773 ingressus;
1853 5714 1988 5769 adeo
2032 5713 2229 5771 sciebat

1382 371 1438 424 S.
1467 367 1737 425 JOANNIS
1776 367 2238 422 ClthSOSTOlll
2273 360 2575 415 ARCHIEP.
2616 353 3140 411 CUNSTANTINOP.

3800 339 3879 392 [illi

2323 480 2680 533 alltictimuem
2728 478 2936 547 jnvaro,
2970 483 3026 526 ut
3051 487 3167 541 qum
3198 470 3365 535 magis
3405 470 3471 521 sit
3504 482 3668 522 causa
3708 467 3882 537 quietis

2323 585 2375 626 ιιι
2404 573 2752 627 remissionis.
2787 570 2917 623 Audi
2947 569 3088 618 enim
3121 566 3292 633 ipsum
3307 562 3586 617 Christum
3610 562 3879 615 dicentem:

2325 666 2387 720 Si
2422 667 2533 735 quis
2574 680 2672 717 non
2705 663 2848 716 tollat
2887 675 3085 712 crucem
3128 673 3292 718 suam,
3324 665 3371 709 et
3398 671 3474 708 me
3506 662 3764 721 sequatur,
3794 669 3881 704 non

2322 768 2392 810 est
2422 772 2498 809 me
2526 756 2709 824 dignus
2747 751 2958 822 (Matth.
2994 750 3079 803 ω.
3114 747 3228 813 58).
3262 749 3340 799 Ac
3367 745 3410 798 si
3440 744 3685 797 diceret:
3712 742 3765 797 Si
3811 758 3879 806 es,

2322 849 2515 918 inquit,
2548 845 2860 914 discipulus,
2906 843 3113 895 imitare
3141 839 3478 907 Magistrum;
3515 836 3624 890 hoc
3649 834 3786 887 enim
3811 845 3882 887 est

2321 936 2586 1006 discipuli.
2605 936 2660 992 Si
2682 946 2857 989 autem
2888 934 3001 1000 ipse
3020 930 3229 1000 quidem
3249 929 3391 982 venit
3405 943 3503 997 per
3524 924 3878 988 afﬂictionem,

2324 1037 2575 1081 tu‘autem
2599 1040 2693 1094 per
2708 1026 2938 1095 quietem
2964 1028 3019 1073 et
3045 1019 3433 1081 remissionem,
3462 1032 3574 1070 non
3602 1016 3785 1070 eadem
3810 1015 3880 1067 via

2322 1116 2619 1186 ingrederis
2641 1130 2741 1183 qua
2774 1112 2863 1166 ille
2892 1120 2974 1165 est
3002 1110 3293 1177 ingressus,
3321 1104 3413 1160 sed
3452 1105 3586 1159 alia.
3617 1102 3882 1171 Quomodo

2321 1222 2447 1277 ergo
2471 1206 2712 1275 sequeris
2743 1220 2844 1257 non
2873 1198 3139 1271 sequens?
3164 1196 3430 1268 quomodo
3472 1210 3537 1251 es
3580 1196 3878 1266 discipulus,

2320 1314 2424 1353 non
2452 1312 2679 1366 sequens
2720 1292 3067 1364 Magistrum?
3109 1289 3220 1344 lloc
3251 1288 3445 1342 Paulus
3470 1301 3692 1355 quoque
3724 1284 3878 1339 dicit:

2322 1389 2376 1453 Ν
2380 1407 2434 1442 os
2456 1388 2663 1457 infirmi,
2694 1402 2777 1441 vos
2798 1396 2965 1438 autem
2992 1388 3176 1453 fortes;
3209 1397 3299 1433 nos
3325 1380 3589 1450 ignobiles,
3623 1393 3708 1430 vos
3728 1387 3880 1435 autem

2320 1480 2510 1532 nobiles
2542 1478 2624 1544 (l.
2656 1475 2773 1532 Cor.
2806 1476 2860 1530 4.
2888 1473 2996 1545 ιο).
3024 1475 3129 1527 Ant
3155 1470 3422 1541 quomodo
3443 1477 3530 1523 cst
3554 1468 3747 1520 rationi
3768 1480 3881 1519 con-

2319 1578 2633 1622 sentaneum
2658 1580 2754 1619 nos
2780 1562 3015 1618 miuulari
3039 1559 3326 1621 contraria,
3346 1566 3401 1613 -.-t
3420 1572 3449 1610 ν
3463 1571 3520 1611 'JS
3540 1555 3755 1624 quidem
3773 1568 3882 1608 esse

2321 1656 2631 1725 discipulos,
2668 1670 2764 1708 nos
2790 1664 2964 1707 autem
2994 1650 3311 1720 magistros?
3331 1648 3517 1717 Magna
3545 1662 3676 1717 ergo
3698 1661 3781 1700 res
3808 1656 3876 1698 est

2318 1745 2553 1808 afﬂictio,
2586 1759 2618 1798 0
2644 1743 2855 1797 dilecti:
2880 1745 2986 1794 duo
3014 1741 3158 1794 enim
3201 1738 3384 1802 efficit,
3415 1751 3593 1805 eaque
3636 1737 3877 1793 maxima,

2316 1844 2370 1889 et
2395 1844 2605 1903 peccata
2638 1833 2800 1898 delet,
2827 1842 2881 1886 et
2910 1830 3030 1884 facit
3061 1829 3224 1884 fortes
3250 1836 3304 1882 et
3332 1827 3603 1882 robustos.

2381 1922 2436 1982 4.
2482 1914 2619 1981 Quid
2667 1930 2813 1976 vero,
2864 1916 3051 1983 inquit,
3094 1914 3138 1968 si
3177 1910 3428 1967 everterit
3454 1923 3511 1968 et
3542 1910 3869 1983 perdiderit?

2312 2003 2425 2060 Non
2454 2005 2555 2059 hoc
2586 2003 2710 2058 facit
2736 2003 2974 2069 afﬂictio,
2999 2004 3091 2058 sed
3120 2012 3297 2057 nostra
3326 2004 3553 2074 ignavia.
3577 2000 3869 2089 Quomodo.

2313 2095 2519 2165 inquit?
2546 2096 2599 2149 Si
2630 2094 2793 2149 sobrii
2822 2094 3007 2160 simus,
3040 2096 3082 2148 si
3118 2095 3278 2146 Deum
3307 2105 3558 2162 rogemus
3584 2104 3646 2145 ut
3677 2107 3777 2145 non
3802 2092 3872 2143 si-

2312 2198 2402 2241 nat
2429 2202 2524 2241 nos
2556 2186 2743 2239 tentari
2777 2186 2891 2255 plus
2916 2202 3071 2253 quam
3104 2184 3243 2238 ferre
3268 2184 3557 2254 possimus,
3589 2182 3635 2237 si
3667 2183 3714 2236 ei
3740 2196 3871 2237 scm-

2315 2292 2409 2347 per
2437 2276 2729 2332 btereamus
2749 2319 2763 2341 ,
2798 2276 3001 2330 fortiter
3029 2276 3282 2330 stabimus
3302 2284 3358 2329 et
3382 2275 3432 2328 in
3457 2274 3592 2329 acie.
3619 2273 3871 2342 Quamdiu

2312 2383 2431 2423 cum
2470 2368 2806 2423 habuerimus
2836 2366 3132 2436 adjutorcm
3154 2407 3169 2430 ,
3198 2365 3407 2419 etiamsi
3432 2362 3684 2418 omnibus
3712 2363 3872 2416 ventis

2311 2460 2675 2515 vehementius
2712 2458 2960 2527 spirarint
2988 2457 3337 2523 tentationes,
3368 2464 3524 2510 erant
3550 2456 3707 2510 nobis
3731 2455 3869 2525 palea

2311 2560 2365 2606 et
2390 2549 2569 2605 folium
2598 2551 2737 2620 quod
2782 2549 2968 2604 leviter
3007 2558 3062 2604 et
3104 2558 3303 2603 temere
3332 2548 3517 2602 fertur.
3561 2546 3698 2601 Audi
3745 2545 3873 2600 Pau—

2312 2642 2420 2697 lum
2450 2642 2710 2697 ditentctn
2746 2658 2760 2694 :
2793 2639 2859 2694 In
2879 2642 2957 2693 his
2983 2642 3210 2694 omnibus
3238 2654 3566 2708 superamus;
3588 2649 3645 2693 et
3670 2651 3869 2701 rursus,

2315 2732 2562 2788 Existimo
2588 2734 2717 2785 enim
2744 2732 2877 2800 quod
2902 2749 3003 2784 non
3024 2741 3139 2783 sunt
3163 2729 3427 2800 condigna!
3446 2728 3707 2798 passiones
3728 2727 3871 2796 hujus

2314 2825 2549 2893 temporis
2585 2823 2654 2874 ad
2692 2824 2915 2892 futuram
2944 2820 3157 2890 gloriam
3187 2836 3299 2889 qua:
3326 2819 3628 2872 revelabitur
3653 2819 3706 2871 in
3740 2816 3870 2870 nobis

2314 2915 2487 2987 (Rom.
2515 2914 2569 2969 8.
2600 2913 2686 2967 37.
2718 2923 2763 2966 et
2792 2913 2924 2982 i8);‘
2944 2924 2994 2966 et
3024 2924 3228 2976 rursus,
3276 2908 3344 2964 Id
3380 2910 3515 2978 quod
3551 2912 3606 2964 in
3650 2911 3873 2979 pra'senti

2313 3017 2385 3060 est
2427 3014 2827 3060 momentaneam
2870 2996 2916 3057 et
2958 3005 3063 3057 leve
3105 3003 3442 3057 tribulationis
3481 3012 3688 3068 nostra,
3729 3018 3872 3069 supra

2314 3096 2516 3148 modum
2531 3102 2769 3147 internum
2784 3092 2961 3162 glorise
2976 3092 3171 3160 pondus
3185 3101 3423 3161 operatur
3440 3091 3491 3143 in
3513 3089 3656 3145 nobis
3668 3090 3745 3159 (ὲ.
3763 3090 3870 3142 Cor.

2323 3186 2367 3239 ι.
2405 3182 2509 3254 Ib).
2545 3183 2675 3237 Vide
2710 3192 2902 3252 quanta
2940 3183 3205 3251 pericula,
3236 3181 3508 3252 naufragia
3529 3222 3543 3241 ,
3576 3185 3873 3253 frequentes

2314 3276 2645 3336 afﬂictiones.
2686 3287 2739 3330 et
2766 3290 2884 3344 qua:
2910 3282 3034 3328 sunt
3078 3272 3402 3342 hujusmodi,
3434 3284 3587 3328 vocat
3616 3274 3752 3327 levia
3784 3292 3795 3325 :
3822 3282 3873 3325 et

2315 3367 2562 3420 annulare
2589 3364 2727 3419 hunc
2752 3364 3084 3419 adamantem
3114 3362 3216 3419 hoc
3242 3377 3470 3432 corpore
3508 3363 3698 3419 leviter
3719 3374 3770 3418 et
3798 3373 3871 3417 te-

2316 3470 2461 3511 mere
2498 3454 2757 3509 indutum.
2805 3453 2878 3509 Es
2920 3454 2971 3507 in
3003 3453 3357 3523 paupertate?
3396 3454 3491 3508 scd
3520 3469 3625 3508 non
3658 3454 3710 3507 in
3738 3462 3870 3507 tanta

2313 3556 2506 3617 quanta
2538 3545 2731 3600 Paulus
2752 3587 2765 3612 ,
2796 3546 2885 3615 qui
2916 3560 3036 3599 cum
3066 3545 3231 3610 fame,
3269 3545 3354 3598 siti
3382 3556 3436 3599 et
3478 3545 3721 3600 nuditate
3747 3560 3870 3599 eon-

2314 3638 2609 3692 flictabatur
2639 3653 2651 3688 :
2683 3653 2786 3691 non
2810 3638 2949 3690 enim
2979 3652 3138 3689 unum
3165 3636 3305 3690 diem
3335 3635 3436 3691 hoc
3456 3647 3538 3691 est
3558 3652 3764 3706 passm,
3785 3639 3871 3690 sed

2313 3740 2569 3801 perpetuo
2612 3729 2711 3785 hoc
2754 3728 3068 3796 patiebatur.
3118 3727 3265 3784 Unde
3313 3728 3412 3783 hoc
3454 3730 3702 3783 constat?
3746 3729 3871 3783 Audi

2314 3836 2433 3875 enm
2477 3819 2737 3873 dicentem
2774 3837 2788 3872 :
2823 3818 2991 3888 Usque
3028 3820 3080 3872 in
3126 3820 3255 3873 hanc
3292 3820 3469 3871 horam
3516 3822 3762 3873 esurimus
3784 3860 3799 3885 ,
3828 3830 3872 3871 et

2312 3911 2526 3975 sitimus,
2558 3920 2604 3963 et
2640 3908 2761 3964 nudi
2789 3926 2965 3963 sumus
2992 3911 3067 3979 (l.
3100 3908 3218 3964 Cor.
3250 3910 3311 3965 ι;
3339 3911 3454 3978 Η).
3484 3909 3673 3979 Papa!
3706 3926 3869 3982 quan-

2315 4011 2418 4055 tam
2448 4000 2667 4070 gloriam
2709 4000 2818 4068 jam
2866 4008 3181 4071 assequutus
3228 3999 3282 4053 in
3329 3999 3723 4070 pmdicatione,
3773 4013 3869 4055 tam

2311 4094 2474 4153 multa
2506 4090 2726 4156 ferebat,
2756 4102 2809 4146 et
2830 4092 2937 4161 jam
2970 4092 3148 4160 viginti
3174 4107 3342 4147 annos
3383 4092 3434 4146 in
3462 4108 3522 4146 ea
3554 4093 3869 4155 confecerat,

2314 4182 2528 4254 quando
2558 4182 2670 4237 lucc
2696 4182 3007 4238 scribebat?
3036 4182 3157 4236 Scio
3188 4182 3340 4245 enim,
3385 4182 3582 4250 inquit,
3629 4183 3871 4237 [continent

2310 4284 2428 4328 ante
2455 4290 2612 4327 annos
2637 4271 3014 4342 qpatuordecim
3034 4310 3051 4336 ,
3099 4272 3202 4327 sire
3244 4274 3296 4326 in
3335 4288 3565 4342 corpore,
3596 4274 3701 4327 sive
3736 4284 3871 4329 extra

2311 4380 2491 4434 corpus
2532 4366 2697 4418 nescio
2742 4363 2816 4433 (ξ.
2867 4363 2984 4416 Cor.
3027 4361 3111 4425 12.
3165 4363 3260 4433 2);
3304 4373 3358 4418 et
3386 4380 3590 4427 rursus,
3622 4364 3747 4420 Post
3770 4362 3871 4419 tres

2310 4469 2469 4506 annos
2488 4494 2501 4516 ,
2532 4453 2735 4522 inquit,
2766 4453 2968 4506 escendi
2993 4453 3362 4524 Jerosolymam
3392 4451 3534 4521 (Gal.
3573 4458 3617 4509 Ι.
3658 4456 3768 4526 IS).
3812 4455 3873 4508 Et

2312 4559 2495 4598 rursus
2531 4545 2652 4599 audi
2692 4559 2813 4599 eum
2850 4544 3113 4598 dicentem
3147 4562 3161 4598 :
3203 4542 3400 4597 Bonum
3436 4554 3511 4599 est
3556 4546 3677 4599 mihi
3722 4546 3872 4617 magis

2311 4638 2459 4704 mori,
2486 4650 2635 4706 quam
2656 4646 2711 4689 ut
2729 4636 2944 4707 gloriam
2970 4651 3131 4693 meam
3154 4635 3265 4705 quis
3289 4646 3507 4690 eoacuet.
3534 4634 3644 4691 Nec
3670 4636 3771 4693 hoc
3794 4652 3872 4690 so-

2311 4731 2418 4783 lum
2440 4771 2452 4788 .
2482 4728 2576 4782 sed
2603 4731 2762 4783 etiam
2796 4742 2979 4781 rnrsos
3008 4725 3249 4781 scribens
3275 4726 3487 4780 diccbat
3517 4744 3531 4780 ε
3565 4726 3714 4781 Sicut
3760 4743 3873 4793 pur-

2312 4820 2545 4885 gamenta
2570 4809 2743 4865 mundi
2773 4812 2893 4880 [acts
2919 4826 3091 4863 sumus
3118 4808 3195 4881 (l.
3223 4809 3339 4865 Cor.
3368 4809 3424 4867 9.
3464 4810 3551 4866 l5.
3588 4819 3637 4865 et
3674 4812 3731 4867 ι.
3762 4812 3866 4881 15).

2314 4902 2447 4969 Quid
2478 4904 2617 4957 fame
2643 4900 2896 4971 gravius?
2922 4899 3047 4970 quid
3076 4900 3294 4970 frigore,
3325 4899 3450 4971 quid
3476 4900 3682 4957 insidiis
3711 4916 3740 4955 a
3772 4901 3871 4956 fra-

2316 4993 2519 5059 tribus,
2558 5006 2690 5061 quos
2736 4992 2897 5046 etiam
2934 4990 3165 5061 appellat
3220 4990 3381 5045 falsos
3422 4988 3659 5047 fratres?
3706 5006 3873 5047 nonne

2315 5083 2599 5137 vocabatur
2622 5082 2767 5137 orbis
2802 5092 2957 5137 terra:
2987 5082 3268 5151 pernicies,
3311 5096 3414 5135 non
3454 5082 3734 5153 impostor,
3776 5097 3871 5135 non

2312 5174 2569 5230 eversor?
2603 5188 2779 5227 annon
2808 5172 3253 5228 conscindebatur
3293 5171 3473 5242 flagris
3512 5171 3732 5227 casus?
3758 5172 3870 5226 llzet

2316 5266 2469 5319 nobis
2493 5264 2705 5319 veniant
2735 5263 2787 5316 in
2815 5274 3045 5318 mentem
3067 5303 3083 5327 ,
3116 5278 3148 5317 ο
3178 5262 3375 5327 dilecti,
3417 5261 3533 5318 haec
3566 5263 3869 5331 cogitemus,

2316 5358 2430 5411 hinc
2460 5356 2859 5411 meminerimus
2884 5366 2931 5409 et
2957 5369 3239 5424 numquam
3265 5353 3618 5409 dissolvemur
3642 5366 3698 5409 et
3726 5368 3871 5409 euer-

2316 5450 2574 5512 vabimur,
2618 5448 2825 5502 etiamsi
2871 5446 3061 5514 injuria
3106 5446 3391 5501 afliciamm
3422 5485 3436 5509 ,
3481 5446 3691 5501 etiamsi
3743 5447 3868 5501 bona

2313 5550 2492 5597 nostra
2524 5539 2859 5609 diripiantur,
2892 5540 3095 5593 etiamsi
3127 5538 3263 5592 maia
3292 5538 3551 5607 patiantur
3580 5537 3866 5591 innumera.

2316 5636 2478 5687 ln-tnr
2505 5632 2656 5687 nobis
2679 5643 2736 5686 ut
2761 5633 2810 5686 in
2839 5631 2984 5685 cadis
3011 5631 3064 5685 itt
3090 5631 3227 5686 bona
3257 5629 3421 5683 simus
3450 5627 3834 5683 existimatione
3852 5666 3865 5689 .

2317 5736 2367 5780 et
2397 5736 2517 5778 sunt
2544 5724 2718 5777 onmia
2751 5721 3040 5778 tolerabilia
3070 5739 3084 5775 :
3131 5721 3285 5777 detur
3325 5731 3380 5776 ut
3422 5720 3527 5776 illic
3557 5731 3642 5773 res
3671 5730 3864 5774 nostra:
