4062 6406
183 340 283 394 191

184 452 320 504 bene
347 454 615 517 geramus,
650 446 705 495 et
741 452 930 494 earum
962 452 1081 507 qua:
1113 435 1199 490 hic
1223 443 1345 489 sunt
1376 433 1516 487 nulla
1544 432 1645 487 erit
1669 443 1760 485 ra-

184 541 264 594 tio
311 528 844 608 cuiusmodicumque
893 530 1110 591 fuerint,
1143 526 1258 581 hac
1303 534 1427 581 sunt
1470 523 1657 579 umbra
1706 531 1761 578 et

182 630 475 687 somnium.
496 626 550 680 In
568 624 672 679 illis
702 636 817 694 qua:
839 627 1120 691 sperantur
1135 628 1187 673 et
1214 624 1612 685 exspectantur,
1629 612 1759 668 nihil

178 730 266 777 est
280 732 440 792 grave
462 731 561 771 nec
578 722 785 779 natura,
810 725 908 766 nec
925 719 1189 779 tempore.
1215 706 1352 776 Quid
1370 706 1513 762 enim
1536 706 1618 760 vis
1631 718 1754 761 cum

188 814 289 868 illis
306 810 552 883 gravibus
573 817 626 863 et
650 805 919 859 atrocibus
940 802 1316 859 conferamus?
1335 799 1461 871 quid
1489 814 1609 855 cum
1638 799 1759 869 igne

186 906 273 976 qui
301 919 403 958 non
438 908 613 972 potest
648 898 911 968 exSIingui
934 898 958 951 ?
984 911 1106 951 cum
1131 910 1312 950 verme
1338 893 1429 964 qui
1460 906 1567 948 non
1596 890 1761 946 mori-

182 1006 272 1051 tur
295 993 318 1049 ?
343 992 470 1066 quid
497 1008 561 1046 ex
592 991 657 1044 iis
682 1004 801 1059 quas
828 987 917 1043 hic
944 994 1068 1042 sunt
1105 994 1280 1056 potest
1313 984 1493 1040 dicere
1521 998 1616 1053 par
1638 997 1759 1038 esse

180 1091 400 1149 stridori
418 1088 679 1151 dentium,
709 1083 955 1144 vinculis,
981 1081 1215 1136 tenebris
1236 1078 1618 1144 exterioribus,
1641 1077 1757 1143 irae,

181 1178 497 1245 alﬂictioni,’
526 1174 829 1246 angustire?
856 1176 925 1227 At
955 1169 1226 1239 tempore?
1251 1168 1321 1223 Et
1350 1167 1477 1238 quid
1506 1174 1629 1223 sunt
1662 1166 1760 1221 de-

178 1277 295 1328 cies
340 1272 484 1325 mille
521 1267 646 1322 anni
684 1265 749 1319 ad
786 1263 980 1319 stecula
1023 1261 1227 1315 infinita
1270 1268 1324 1313 et
1362 1274 1479 1327 qua:
1510 1273 1614 1312 non
1660 1256 1759 1311 de-

178 1362 403 1418 sinunt?
427 1374 602 1413 nonne
628 1362 881 1427 quantum
906 1366 1061 1421 parva
1074 1360 1217 1423 gutta
1236 1350 1302 1405 ad
1317 1349 1565 1419 abyssum
1586 1346 1761 1402 infini-

181 1454 335 1509 tam?
364 1454 432 1506 At
463 1448 807 1505 conferentur
834 1458 954 1499 cum
978 1443 1134 1497 bonis
1158 1442 1182 1493 ?
1207 1441 1311 1496 Sed
1340 1440 1449 1495 illic
1479 1440 1649 1507 major
1677 1447 1761 1493 est

178 1547 522 1619 exsuperatio
551 1561 564 1597 :
598 1540 811 1606 Oculus,
827 1537 1016 1608 iuqttit.
1039 1552 1141 1591 non
1164 1535 1307 1601 sidit,
1329 1549 1418 1588 nec
1448 1534 1589 1588 auris
1612 1530 1762 1585 audi-

178 1644 274 1705 rit,
296 1649 342 1695 et
370 1639 420 1692 in
441 1653 530 1691 cor
557 1632 772 1688 hominis
791 1646 892 1685 non
911 1628 1243 1683 ascenderunt
1260 1628 1337 1697 (l.
1360 1624 1478 1682 Cor.
1507 1624 1563 1678 ἱ.
1585 1622 1662 1695 9).
1694 1623 1760 1679 Ει

184 1737 305 1791 hzec
351 1745 537 1789 rursus
578 1735 739 1785 erunt
764 1726 819 1781 in
848 1724 1060 1781 sarculis
1102 1720 1345 1777 inﬁnitis.
1378 1720 1480 1775 Pro
1508 1717 1593 1773 his
1632 1731 1761 1787 ergo

181 1844 364 1884 annon
396 1826 591 1882 bonum
618 1829 699 1877 est
725 1818 919 1874 millies
944 1813 1220 1871 conscindi
1241 1852 1257 1879 ,
1289 1810 1558 1876 interimi,
1585 1807 1758 1899 exuri,

179 1904 331 1957 mille
357 1901 535 1956 subire
576 1910 811 1963 mortes,
843 1899 1068 1968 quodvis
1104 1911 1268 1967 grave
1308 1906 1364 1952 et
1409 1911 1656 1965 asperum
1702 1904 1759 1952 et

176 1996 360 2049 verbis
402 2001 457 2049 et
500 1993 665 2048 rebus
700 1991 830 2062 ipsis
871 1988 1171 2047 sustinere?
1208 1988 1341 2043 Nam
1370 1989 1415 2043 si
1445 1988 1559 2043 ﬁeri
1592 1987 1761 2057 [sissit

179 2096 238 2142 ut
281 2087 335 2140 in
378 2086 497 2155 igne
536 2083 640 2139 usti
681 2084 1012 2146 viveremus,
1043 2094 1226 2135 annon
1256 2087 1531 2150 oporteret
1571 2077 1754 2133 omnia

179 2176 412 2249 perpeti,
440 2185 498 2229 ut
525 2175 664 2230 bona
691 2173 779 2229 illa
808 2172 1071 2243 promissa
1098 2168 1547 2240 assequeremur?

257 2265 591 2336 Elecmosyna
615 2280 846 2334 quanam
874 2278 988 2318 sere
1014 2262 1118 2315 dici
1146 2262 1324 2331 possit.
1368 2288 1441 2300 —
1483 2258 1591 2315 Sed
1633 2256 1761 2328 quid

180 2362 301 2417 haec
344 2359 465 2415 dico
506 2357 744 2413 delirans
784 2354 925 2425 apud
976 2353 1222 2409 homines
1266 2351 1354 2422 qui
1401 2364 1468 2405 ne
1508 2348 1762 2419 pecunias

181 2450 397 2521 quidem
409 2448 717 2519 despiccere
728 2447 913 2512 velint,
928 2443 1020 2500 sed
1039 2452 1304 2514 tamquam
1326 2440 1653 2496 immortales
1672 2450 1763 2495 eas

180 2548 520 2597 assectantur
544 2546 598 2593 et
622 2537 699 2592 eis
726 2535 1120 2596 adhmrescunt,
1148 2543 1201 2589 et
1226 2534 1270 2587 si
1297 2548 1363 2589 ex
1390 2532 1571 2588 multis
1592 2545 1761 2602 pauca

181 2631 436 2687 dederint
455 2670 471 2694 ,
502 2638 671 2683 totum
712 2641 771 2682 se
804 2625 1113 2681 existimant
1153 2622 1387 2679 fecisse?
1413 2621 1529 2678 Non
1553 2631 1637 2678 est
1662 2621 1766 2678 hoc

180 2724 526 2791 eleemosyna
566 2717 950 2786 :eleemosyna
992 2722 1077 2769 est
1119 2713 1262 2769 illius
1308 2712 1482 2767 viduae
1529 2711 1764 2767 eleemo-

182 2826 341 2883 syna,
372 2824 493 2880 quae
528 2807 805 2863 universas
840 2821 966 2861 suas
995 2802 1231 2875 Profudit
1263 2803 1546 2860 facultates
1570 2802 1763 2873 (Nare.

186 2903 277 2958 12.
307 2899 417 2971 Μ).
452 2899 507 2955 Si
538 2909 720 2953 autem
750 2896 803 2951 in
836 2906 886 2950 te
914 2911 1019 2949 non
1058 2896 1222 2960 cadit,
1251 2903 1309 2949 ut
1339 2904 1546 2949 tantum
1574 2909 1767 2965 eroges

182 3002 441 3064 quantum
488 2990 577 3045 illa
626 2986 804 3052 vidua,
849 3001 1009 3055 eroga
1040 2984 1232 3040 saltem
1272 2982 1527 3055 quidquid
1556 2993 1640 3039 est
1672 3000 1765 3040 suo

184 3094 601 3155 pervacaneum,
634 3076 769 3132 habe
804 3090 925 3147 qua:
967 3074 1259 3141 sufllciuut,
1289 3088 1395 3128 non
1426 3089 1545 3142 qua:
1572 3088 1766 3144 supcr-

185 3174 297 3229 llua
339 3178 483 3225 sunt.
531 3168 637 3224 Sed
686 3180 845 3222 nemo
888 3175 972 3220 est
1007 3164 1097 3234 qui
1127 3171 1310 3233 eroget
1348 3178 1414 3217 ne
1442 3177 1506 3218 ea
1553 3163 1766 3234 quidem

184 3279 308 3334 qua:
335 3270 459 3317 sunt
486 3273 881 3331 supervacanea
914 3272 1073 3311 :nam
1103 3257 1354 3325 quamdiu
1385 3256 1549 3312 habes
1575 3258 1767 3313 multos

187 3353 434 3417 famulos,
461 3359 515 3406 et
542 3359 714 3407 vestes
741 3350 941 3405 sericas
964 3387 979 3413 ,
1015 3346 1129 3402 lucc
1155 3347 1333 3401 omnia
1357 3356 1483 3402 sunt
1508 3360 1769 3432 superva-

184 3460 377 3502 canea.
410 3443 551 3497 Nihil
578 3452 661 3497 est
684 3439 1044 3496 necessarium
1071 3452 1169 3493 nec
1190 3437 1310 3492 usui
1337 3438 1579 3492 serviens
1604 3438 1655 3492 in
1680 3438 1766 3503 iis,

186 3541 307 3593 sine
327 3537 521 3605 quibus
545 3535 723 3589 vivere
755 3546 1036 3601 possumus
1063 3547 1079 3593 ;
1104 3546 1167 3587 ea
1197 3538 1320 3584 sunt
1348 3538 1770 3598 supervacanea,

186 3643 243 3685 et
266 3637 417 3684 extra
446 3635 570 3680 sunt
616 3625 809 3694 posita.
843 3621 980 3689 Quid
1010 3622 1079 3675 sit
1116 3636 1245 3691 ergo
1282 3621 1355 3686 id,
1395 3621 1513 3677 sine
1534 3635 1640 3691 quo
1667 3638 1772 3676 non

187 3718 461 3787 possimus
490 3716 689 3780 vivere,
719 3713 1013 3777 videamus,
1043 3712 1087 3767 si
1113 3712 1305 3781 placet.
1328 3711 1441 3765 Etsi
1468 3712 1613 3765 solos
1638 3710 1775 3766 duos

190 3808 487 3861 habeamus
526 3803 773 3866 famulos,
822 3815 1107 3871 possumus
1134 3801 1334 3855 vivere.
1366 3798 1497 3853 Nam
1528 3798 1617 3854 ubi
1650 3810 1776 3856 sunt

189 3898 356 3967 aliqui
379 3896 468 3965 qui
498 3895 683 3947 vivunt
712 3892 915 3959 absque
943 3890 1175 3955 famulis,
1204 3905 1361 3959 quam
1395 3889 1656 3945 habemus
1676 3906 1777 3947 nos

188 3984 613 4048 excusationem,
648 3984 691 4035 si
722 3997 826 4034 non
851 3982 1018 4034 simus
1038 3982 1272 4033 contenti
1300 3980 1552 4035 duobus?
1584 3981 1779 4035 Possu-

191 4095 316 4135 mus
343 4079 503 4132 etiam
531 4091 597 4130 ex
642 4075 894 4129 lateribus
931 4074 1129 4125 habere
1159 4072 1376 4125 domum
1418 4081 1776 4127 constructam

192 4173 357 4227 trium
397 4168 821 4221 habitaculorum
868 4182 880 4215 :
921 4175 973 4218 et
1012 4164 1114 4217 hoc
1162 4162 1428 4216 sufficeret
1477 4163 1647 4217 nobis.
1686 4164 1779 4219 Dic

192 4266 339 4321 enim
374 4260 520 4322 mihi,
542 4274 718 4310 annon
743 4265 866 4307 sunt
888 4254 1046 4321 aliqui
1072 4254 1301 4320 quicum
1329 4254 1508 4305 liberis
1534 4265 1587 4306 et
1612 4269 1779 4306 uxore

201 4364 363 4403 unam
409 4347 605 4400 habent
652 4344 911 4397 domum?
956 4343 1073 4397 Sint
1113 4350 1310 4404 autem,
1354 4341 1397 4395 si
1435 4340 1586 4405 velis,
1617 4340 1778 4393 etiam

200 4438 310 4492 duo
332 4436 531 4490 famuli.
560 4435 621 4487 Et
646 4433 913 4503 quomodo
935 4476 949 4498 ,
984 4433 1190 4502 inquies
1216 4473 1231 4496 ,
1261 4447 1365 4486 non
1394 4442 1475 4486 est
1501 4432 1671 4501 pudor
1698 4432 1782 4485 in-

200 4542 433 4595 genuam
464 4525 709 4579 incedere
746 4540 865 4579 cum
909 4524 1115 4577 duobus
1144 4523 1395 4576 famulis?
1426 4527 1641 4591 Apage,
1673 4539 1780 4577 non

200 4628 280 4672 est
316 4619 487 4685 pudor
514 4616 753 4683 ingenua:
774 4614 1030 4668 incedere
1055 4629 1171 4667 Cum
1194 4614 1397 4667 duobus
1430 4614 1658 4679 famulis,
1686 4613 1781 4668 sed

202 4710 381 4778 pudor
408 4718 486 4761 est
516 4708 800 4775 procedere
818 4723 935 4759 cum
962 4708 1160 4759 multis.
1188 4706 1431 4761 Fortasse
1462 4706 1646 4761 ridetis
1669 4706 1782 4762 haec

201 4799 502 4853 audientes.
530 4797 765 4861 Credite,
797 4796 897 4849 hoc
918 4808 997 4848 est
1025 4797 1213 4864 pudor,
1238 4812 1356 4849 cum
1387 4797 1565 4850 multis
1592 4811 1781 4865 proce-

202 4891 353 4943 dere.
382 4887 530 4941 Sicut
558 4888 645 4956 qui
676 4902 802 4942 oves
832 4888 1082 4951 vendunt,
1113 4898 1202 4939 aut
1230 4888 1365 4941 sicut
1395 4900 1782 4955 Cauponatorcs

203 4980 618 5048 mancipiorum,
656 4994 903 5046 magnum
936 4978 1205 5045 quidpiam
1238 4980 1557 5032 existimatis
1596 4994 1783 5048 proce-

202 5072 333 5125 dere
376 5086 495 5123 cum
526 5069 705 5122 multis
738 5070 967 5121 famulis.
1020 5070 1127 5123 lioc
1170 5079 1252 5124 est
1297 5070 1463 5123 fastus
1510 5079 1565 5124 et
1615 5071 1786 5124 inanis

201 5162 371 5231 gloria
405 5180 415 5213 :
450 5162 680 5227 illudest
719 5161 1052 5229 philosophia
1077 5172 1130 5213 ct
1170 5162 1438 5215 honestas.
1468 5160 1597 5215 Nam
1638 5162 1785 5231 inge-

204 5269 367 5305 unam
403 5267 505 5305 non
550 5268 616 5305 ex
657 5253 992 5306 multitudine
1040 5254 1481 5320 petiissequorum
1531 5268 1787 5321 apparere

204 5352 464 5409 oportet:
523 5358 642 5410 qua)
689 5343 829 5396 enim
886 5353 969 5396 est
1014 5344 1181 5396 virtus
1232 5344 1319 5395 illa
1372 5344 1533 5397 multa
1587 5344 1787 5399 habere

204 5433 513 5500 mancipia?
546 5432 655 5486 Iloc
684 5450 787 5486 non
816 5444 896 5487 est
917 5435 1108 5486 animm
1136 5452 1147 5484 :
1187 5434 1327 5503 quod
1368 5445 1543 5487 autem
1575 5451 1678 5487 non
1708 5444 1789 5489 est

206 5526 399 5576 animae
423 5564 435 5583 ,
485 5540 587 5576 non
620 5524 851 5575 ostendit
894 5524 1198 5591 ingenuam.
1240 5524 1462 5591 Quando
1492 5534 1575 5579 est
1607 5526 1787 5593 paucis

207 5624 479 5679 t‘otttcnta,
515 5624 636 5667 tttttc
672 5630 794 5667 vere
816 5625 897 5667 cst
925 5617 1150 5683 ingenua
1186 5635 1196 5668 :
1232 5617 1444 5684 quando
1472 5630 1645 5672 autem
1668 5628 1789 5688 eget

209 5709 409 5772 multis,
447 5720 523 5761 t‘st
556 5708 747 5759 ancilla
778 5719 829 5759 et
856 5706 1089 5759 deterior
1122 5710 1418 5778 mancipiis.

537 5792 810 5851 ΡΑτιιοι..
862 5796 973 5853 Gn.
1031 5799 1248 5861 LXIII.

900 343 964 399 IN
1004 340 1220 399 EPIST.
1264 341 1353 395 AD
1392 335 1748 395 11ΕΒΒᾹΞΟΞ.
1786 333 1940 415 CAP.
1982 332 2098 389 XII.
2144 331 2375 387 1101111..
2420 330 2654 387 XXVIII.

3335 320 3433 373 τ’ὶὸ

1934 439 1988 495 5.
2021 437 2113 493 Dic
2140 436 2290 501 mihi,
2314 434 2486 504 angeli
2507 448 2683 487 annon
2704 430 2805 487 soli
2827 430 3010 487 orbem
3035 439 3192 486 terra:
3227 431 3447 493 obeunt.

1862 539 1916 585 et
1947 545 2054 583 non
2096 539 2255 599 egent
2302 526 2485 596 aliquo
2513 527 2603 596 qui
2646 526 2715 580 sit
2757 538 2853 580 eos
2904 524 3271 593 sequuturus?
3319 541 3447 580 nom

1864 630 2146 690 propterea
2173 628 2301 674 sunt
2340 616 2517 684 nobis,
2547 615 2637 687 qui
2663 629 2917 686 egemus,
2944 614 3247 671 deteriores
3292 616 3327 671 ii
3358 616 3452 686 qui

1862 726 1967 767 non
1995 709 2197 780 egent?
2221 707 2277 764 Si
2305 723 2438 779 ergo
2463 721 2531 763 ne
2557 708 2779 762 omnino
2807 696 3021 776 quidem
3063 720 3226 777 egere
3244 708 3449 765 assccla

1860 800 1941 854 vel
1970 799 2291 870 pedissequo
2317 806 2396 851 est
2423 795 2746 867 angelicum,
2773 810 3021 865 quamam
3047 796 3218 867 magis
3243 796 3451 852 accedit

1859 891 1924 944 ad
1954 890 2113 944 vitam
2155 888 2489 958 angelicam,
2518 901 2653 942 eane
2699 901 2820 956 qua:
2872 885 3055 942 multis
3101 886 3341 956 indiget,
3379 901 3447 941 an

1857 996 1977 1052 quae
2006 979 2224 1051 paucis?
2250 980 2437 1033 Nonne
2471 987 2554 1033 est
2589 977 2691 1033 hoc
2730 977 2942 1048 pudor?
2978 975 3150 1047 pudor
3191 988 3274 1033 est
3301 978 3445 1035 enim

1858 1072 2057 1142 aliquid
2088 1081 2244 1141 turpe
2274 1070 2450 1125 facere
2476 1078 2531 1126 et
2553 1068 2868 1124 absurdum.
2898 1068 2992 1123 Dic
3014 1069 3169 1135 mihi,
3199 1083 3446 1141 quaenam

1855 1164 1922 1219 ad
1952 1178 2012 1219 se
2036 1163 2302 1218 convertit
2326 1177 2420 1217 eos
2445 1178 2564 1232 qua:
2593 1170 2720 1217 sunt
2748 1161 2800 1215 in
2833 1159 2972 1223 foro,
2999 1174 3135 1217 eane
3161 1176 3283 1232 quae
3306 1162 3443 1217 mul-

1858 1263 1939 1308 tos
1974 1268 2155 1309 secum
2182 1254 2348 1319 ducit,
2376 1268 2443 1308 an
2466 1266 2528 1309 ea
2556 1267 2675 1323 quae
2706 1267 2908 1322 paucos
2928 1251 2954 1305 ἲ
2982 1253 3080 1308 hac
3109 1264 3292 1309 autem
3322 1269 3447 1325 quas

1858 1357 2053 1411 paucos
2097 1344 2276 1405 ducit,
2328 1359 2508 1399 annon
2556 1350 2621 1400 ea’
2669 1343 2841 1413 magis
2876 1358 2996 1413 qua:
3051 1343 3165 1399 sola
3214 1356 3439 1415 apparet

1855 1450 1960 1491 non
1993 1434 2263 1506 praevisa?
2291 1434 2449 1489 Vides
2478 1434 2619 1504 quod
2663 1433 2793 1489 illud
2819 1435 2890 1489 sit
2931 1434 3134 1505 pudor?
3181 1438 3440 1505 Quanam

1852 1526 1906 1582 in
1953 1541 2013 1582 se
2037 1526 2300 1583 convertit
2327 1540 2422 1582 eos
2457 1527 2546 1597 qui
2576 1536 2701 1581 sunt
2729 1527 2784 1581 in
2813 1528 2964 1594 foro,
3008 1542 3146 1584 eane
3168 1544 3288 1598 qua
3317 1529 3440 1599 pul-

1852 1617 2011 1672 chras
2032 1626 2208 1687 gestat
2226 1626 2422 1682 vestes,
2456 1631 2523 1671 an
2553 1632 2672 1687 qua:
2697 1617 3012 1687 simpliciter
3040 1626 3124 1674 est
3169 1620 3360 1675 vestita
3387 1631 3442 1675 et

1852 1708 2000 1764 nullo
2023 1716 2332 1779 comparato
2348 1709 2497 1765 cultu
2518 1718 2572 1765 et
2598 1711 2957 1765 ornamento?
2980 1726 3226 1781 quaenam
3259 1727 3442 1767 rursus

1853 1799 2024 1869 magis
2047 1798 2115 1853 ad
2146 1813 2205 1855 se
2233 1801 2501 1855 convertit
2528 1814 2623 1857 eos
2647 1801 2740 1871 qui
2767 1813 2891 1856 sunt
2919 1802 2972 1855 in
3002 1801 3137 1869 foro,
3163 1817 3299 1860 eane
3322 1819 3443 1874 qua

1854 1888 2012 1943 mulis
2040 1890 2250 1945 vehitur
2276 1899 2330 1945 et
2356 1891 2614 1946 inauratis
2638 1892 2910 1962 stragulis,
2949 1907 3017 1946 an
3057 1907 3120 1948 ea
3149 1907 3269 1963 qua:
3306 1893 3444 1949 sim-

1854 1979 2065 2049 pliciter
2092 1990 2146 2036 et
2185 1981 2706 2052 quomodocumque.
2755 1983 2851 2038 sed
2895 1981 3092 2040 decoro
3132 1994 3186 2040 et
3222 1986 3446 2042 honeste

1855 2070 2091 2126 incedit?
2119 2086 2187 2127 an
2241 2071 2380 2129 hanc
2402 2088 2474 2129 ne
2500 2074 2793 2130 viderimus
2838 2075 3059 2147 quidem
3090 2085 3146 2132 et
3171 2080 3447 2148 aspexeri-

1854 2148 1996 2227 nius,
2021 2160 2167 2216 illam
2196 2171 2375 2219 autem
2428 2178 2537 2220 non
2566 2164 2739 2219 solum
2770 2174 2828 2221 ut
2859 2166 3077 2223 videant
3110 2176 3304 2238 urgent
3342 2170 3446 2226 ali-

1854 2252 1967 2322 qni,
1997 2251 2092 2308 sed
2123 2254 2284 2327 etiam
2310 2264 2505 2326 rogant
2530 2272 2776 2327 quaenam
2800 2257 2870 2313 sit
2891 2268 2946 2315 et
2969 2259 3149 2316 unde?
3175 2260 3327 2317 Mitto
3350 2278 3449 2318 au-

1858 2351 1964 2397 tem
1994 2345 2175 2402 dicere
2204 2356 2403 2418 quanta
2434 2349 2562 2406 hinc
2602 2350 2810 2405 oriatur
2842 2351 3062 2409 invidia.
3101 2354 3244 2423 Quid
3293 2370 3446 2427 ergo,

1857 2433 1945 2491 die
1975 2436 2128 2504 mihi,
2157 2446 2241 2493 est
2280 2442 2457 2510 turpe,
2488 2439 2655 2496 videri
2700 2455 2771 2496 an
2825 2456 2933 2496 non
2970 2443 3181 2503 videri?
3234 2447 3449 2517 quando

1856 2537 1942 2584 est
1969 2530 2142 2599 major
2169 2530 2357 2601 pudor,
2400 2531 2616 2602 quando
2642 2547 2833 2590 omnes
2858 2535 2925 2590 ad
2966 2550 3085 2592 eam
3111 2541 3443 2609 aspexerint.

1859 2634 1926 2675 an
1955 2620 2170 2690 quando
2195 2622 2420 2675 nullus?
2450 2623 2670 2694 quando
2697 2639 2887 2681 omnes
2911 2624 2979 2680 de
3012 2640 3075 2682 ea
3104 2642 3350 2698 quisnam
3379 2632 3451 2687 sit

1858 2711 2179 2777 resciscunt,
2208 2727 2275 2766 an
2300 2713 2513 2782 quando
2540 2730 2606 2769 ne
2626 2726 2817 2771 curant
2834 2717 3093 2787 quidem?
3123 2718 3284 2776 Vides
3306 2722 3447 2791 quod

1859 2815 1966 2855 non
2011 2812 2232 2871 propter
2271 2803 2553 2873 pudorem,
2594 2806 2687 2862 sed
2721 2817 2940 2877 propter
2967 2808 3181 2867 inanem
3223 2811 3446 2882 gloriam

1858 2894 2035 2947 omnia
2074 2894 2322 2964 agimus?
2349 2895 2452 2951 Sed
2482 2898 2734 2967 quoniam
2765 2899 2872 2957 hoc
2902 2900 3018 2959 fieri
3050 2918 3155 2960 non
3192 2916 3366 2976 potest
3391 2917 3451 2963 ιιι

1856 2996 1957 3038 nos
1980 2984 2048 3038 ab
2078 2984 2183 3038 illis
2212 2984 2565 3054 abducamus,
2598 2988 2799 3045 sufflcit
2823 2992 2952 3047 mihi
2993 2994 3212 3051 interim
3250 3006 3309 3053 ut
3350 3015 3450 3055 vos

1857 3073 2074 3129 discatis
2099 3074 2202 3131 hoc
2229 3092 2334 3131 non
2362 3092 2481 3134 esse
2511 3082 2917 3150 turpitudinem.
2960 3085 3146 3145 Solum
3172 3101 3448 3158 peccatum

1857 3172 1940 3219 est
1966 3166 2261 3236 turpitudo,
2304 3168 2446 3237 quod
2479 3184 2637 3232 nemo
2664 3174 2935 3230 existimat
2987 3191 3108 3234 esse
3152 3180 3446 3249 pudorem,

1857 3255 1953 3311 sed
1993 3255 2204 3326 quidvis
2241 3259 2409 3328 magis
2438 3275 2597 3331 quam
2638 3261 2831 3331 ipsum.
2870 3264 3201 3324 Vestimenta
3252 3272 3361 3325 sint
3386 3288 3448 3327 ea

1857 3361 1977 3415 qua:
1996 3357 2121 3401 sunt
2148 3349 2288 3413 118111,
2308 3366 2414 3405 non
2437 3360 2615 3406 autem
2635 3367 3030 3423 supervacanea
3064 3376 3078 3413 2
3100 3370 3354 3417 caeterum
3381 3380 3451 3418 ne

1860 3433 1914 3488 in
1943 3435 2135 3491 nimias
2163 3452 2258 3494 vos
2300 3440 2619 3496 concludam
2649 3445 2951 3512 angustias,
2984 3447 3114 3503 illud
3157 3451 3448 3520 admoneo,

1856 3524 2001 3593 quod
2048 3542 2154 3580 non
2205 3529 2276 3582 sit
2321 3529 2473 3585 vobis
2503 3545 2641 3600 opus
2676 3534 2856 3588 aureis
2900 3540 3237 3595 ornamentis
3276 3557 3451 3614 neque

1859 3619 2144 3676 subtilibus
2193 3621 2333 3678 telis.
2387 3623 2455 3679 Et
2485 3626 2598 3680 lucc
2642 3642 2748 3682 non
2794 3644 2895 3698 ego
2934 3630 3056 3687 dico
3091 3650 3103 3683 :
3134 3648 3255 3689 nam
3306 3640 3447 3707 qttod

1859 3726 1965 3766 non
1992 3727 2110 3767 mea
2146 3714 2255 3768 sint
2274 3715 2460 3781 verba,
2490 3716 2613 3771 audi
2662 3718 2874 3773 beatum
2908 3722 3128 3777 Paulum
3158 3724 3447 3793 dicentem,

1860 3811 1911 3855 et
1941 3802 2252 3859 mulieribus
2279 3807 2699 3877 prmcipientem,
2734 3808 2803 3863 Ut
2834 3827 2887 3864 se
2906 3823 3106 3879 ornent,
3129 3806 3231 3869 non
3252 3818 3305 3871 in
3346 3829 3451 3873 tor-

1885 3899 1945 3951 tis
1972 3899 2191 3953 crinibus
2219 3909 2305 3951 aut
2332 3915 2481 3962 auro,
2518 3911 2603 3953 aut
2638 3901 2945 3970 margaritis,
2976 3911 3064 3954 aut
3090 3913 3222 3957 veste
3246 3909 3465 3973 pretiosa

1888 3988 1963 4055 (I.
1996 3986 2124 4041 Tim.
2158 3988 2212 4041 2.
2240 3988 2316 4056 9).
2345 3988 2450 4043 Sed
2483 3989 2596 4051 dic,
2646 3990 2917 4059 quomodo
2959 3993 3039 4045 vis
3070 4001 3126 4047 ut
3163 4003 3405 4059 ornetur,
3435 4009 3468 4048 ο

1886 4077 2085 4132 Paule?
2111 4078 2352 4133 fortassis
2379 4081 2522 4134 enim
2557 4081 2736 4135 dicent
2763 4084 2874 4136 sola
2906 4098 3066 4137 aurea
3091 4098 3210 4139 esse
3234 4088 3464 4155 pretiosa

1885 4178 1939 4220 et
1970 4180 2300 4239 sumptuosa,
2336 4172 2566 4239 pretiosa
2598 4182 2774 4225 autent
2803 4181 2857 4228 et
2883 4184 3192 4243 sumptuosa
3216 4192 3318 4229 non
3350 4191 3467 4231 esse

1884 4259 2052 4313 Serica
2079 4259 2197 4314 :dic
2224 4276 2351 4329 ergo
2377 4264 2647 4329 quomodo
2676 4265 2753 4317 vis
2793 4273 2853 4318 ut
2882 4267 3181 4320 ornentur?
3213 4266 3467 4321 [labentes

1884 4358 2051 4401 autem
2090 4350 2328 4403 alimenta
2367 4362 2413 4405 et
2452 4354 2631 4421 quibus
2662 4364 2910 4425 tegantur,
2958 4357 3020 4408 iis
3050 4359 3267 4410 contenti
3312 4360 3467 4411 simus

1884 4441 1962 4507 (1.
1994 4440 2128 4495 Tim.
2164 4443 2214 4497 6.
2247 4443 2327 4513 8).
2360 4444 2636 4513 Ejusmodi
2681 4449 2752 4501 sit
2784 4447 2944 4502 vestis
2987 4458 3042 4501 ut
3079 4450 3250 4503 solum
3303 4458 3462 4517 tegat.

1885 4533 2170 4601 Propterea
2198 4536 2337 4589 enim
2366 4538 2519 4591 nobis
2560 4553 2621 4592 ea
2649 4539 2797 4593 dedit
2822 4540 2965 4594 Deus
3006 4550 3063 4595 ut
3095 4550 3333 4611 legamus
3365 4560 3465 4596 nu-

1884 4622 2136 4688 ditatem;
2169 4625 2269 4680 hoe
2296 4636 2473 4681 autem
2502 4638 2675 4697 potest
2716 4630 2889 4685 facere
2926 4633 3333 4701 vestimentum,
3364 4637 3465 4689 etsi

1883 4713 1952 4765 sit
1982 4714 2097 4769 vilis
2133 4717 2308 4784 pretii.
2362 4718 2611 4775 Fortasse
2660 4721 2847 4776 ridetis
2896 4739 3014 4792 qua:
3045 4735 3222 4778 vestes
3248 4727 3467 4795 gestatis

1882 4805 2326 4869 serieas;revera
2354 4811 2494 4864 enim
2535 4820 2746 4881 Oportet
2788 4813 2984 4867 ridere.
3032 4815 3166 4881 Quid
3216 4818 3468 4887 przecepit

1883 4892 2119 4948 Paulus?
2145 4897 2269 4965 quid
2316 4913 2412 4952 nos
2464 4914 2591 4954 vero
2639 4900 2898 4956 facimus?
2928 4902 3041 4956 Non
3083 4914 3259 4960 autem
3291 4906 3463 4959 solum

1883 4985 2132 5042 mulieres
2182 4990 2442 5057 alloquor,
2498 4992 2593 5045 sed
2636 4992 2795 5045 etiam
2852 4994 3015 5047 viros.
3063 4994 3269 5049 Ca'tera
3322 4998 3465 5050 enim

1882 5077 2057 5129 omnia
2100 5094 2218 5148 qua:
2264 5081 2522 5135 habemus
2556 5094 2681 5149 sunt
2709 5097 3125 5152 supervacanea.
3180 5086 3288 5141 Soli
3339 5103 3469 5156 pau-

1883 5184 2039 5237 percs
2089 5186 2192 5224 non
2242 5174 2514 5241 possident
2572 5190 2967 5243 supervacanea
3020 5195 3032 5230 :
3092 5179 3317 5233 fortasse
3367 5196 3465 5231 au-

1884 5270 1985 5313 tem
2017 5262 2089 5315 illi
2120 5279 2330 5332 quoque
2379 5275 2593 5334 propter
2622 5270 2997 5323 necessitatem
3028 5287 3039 5321 :
3075 5270 3142 5323 ita
3186 5279 3281 5336 ut,
3315 5273 3358 5324 si
3399 5272 3465 5325 Ii—

1881 5363 2065 5418 ceret,
2097 5370 2162 5407 ne
2192 5356 2264 5408 illi
2314 5356 2528 5425 quidem
2562 5357 2916 5412 abstinerent.
2952 5359 3148 5413 Verum
3201 5362 3308 5423 illi,
3353 5362 3465 5415 sive

1882 5454 2140 5511 prmtextu
2182 5456 2232 5498 et
2268 5449 2571 5511 occasione,
2616 5450 2728 5503 sive
2755 5450 2830 5503 rei
2862 5450 3103 5512 veritate,
3134 5467 3237 5503 non
3268 5450 3464 5517 habent

1879 5551 2293 5603 supervacanea.
2328 5538 2474 5591 Talia
2509 5554 2639 5607 ergo
2682 5550 2951 5607 gestetnus
2998 5542 3312 5593 vestimenta
3343 5560 3462 5611 qua:

1881 5645 2030 5680 usum
2071 5629 2340 5695 impleant.
2372 5631 2506 5697 Quid
2546 5634 2686 5683 enim
2716 5632 2813 5685 sibi
2844 5634 2954 5685 vult
2986 5634 3207 5685 multum
3240 5640 3463 5686 aurumt'

1880 5720 2115 5772 Scenieis
2147 5720 2259 5774 haec
2283 5722 2599 5775 conveniunt
2638 5741 2645 5748 ·
2681 5722 2787 5776 lim
2826 5722 2889 5775 ab
2922 5724 3023 5777 illis.
3042 5734 3159 5775 sunt
3182 5727 3459 5792 gestanda.

3094 5812 3169 5877 I3
