4062 6404
676 379 773 433 199

681 494 792 539 lucc
829 492 946 538 sunt
978 479 1329 544 meretricum,
1357 490 1473 546 qua:
1502 476 1674 529 omnia
1716 474 1912 528 faciunt
1937 472 2001 526 ad
2045 471 2143 525 hoc
2173 479 2229 525 ut

680 585 1002 647 spectentur.
1025 574 1249 627 Ornetur
1279 570 1364 623 illa
1392 582 1510 637 qua:
1539 576 1618 621 est
1639 567 1690 620 in
1718 580 1893 626 scena,
1928 564 2011 617 illa
2037 578 2152 631 qum
2175 563 2227 616 in

679 666 982 728 orchestra;
1028 662 1130 715 vult
1161 660 1300 715 enim
1348 672 1533 711 omnes
1574 656 1638 710 ad
1682 670 1739 709 se
1766 652 2031 707 attrahere
2070 669 2082 705 :
2114 666 2230 720 quas

680 768 853 810 autem
886 768 1005 806 vere
1036 752 1281 819 pietatem
1312 746 1605 816 proﬁtetur,
1644 759 1746 797 non
1775 744 1850 796 sic
1879 749 2114 808 ornetur,
2139 739 2230 795 sed

679 845 830 898 aliter
873 841 1056 895 habeat
1085 847 1330 893 ornatum
1356 837 1446 890 illo
1475 836 1627 905 longe
1659 834 1928 902 majorem.

1338 366 1396 423 S.
1435 365 1705 421 JOANNIS
1742 356 2205 418 CHRYSOSTUMI
2248 357 2560 411 ARCHIEP.
2599 357 3122 414 CONSTANTINOP.

3767 355 3874 410 200

2301 478 2568 533 pugnans,
2600 477 2652 519 et
2682 467 2969 522 ostendens
2998 469 3138 538 quod
3178 470 3387 525 etiamsi
3416 472 3610 528 millies
3654 474 3771 531 lucc
3800 479 3881 531 tli—

2304 569 2402 618 cat,
2432 571 2537 609 non
2569 559 2896 613 converteris
2922 558 2945 611 ?
2975 560 3068 614 sed
3102 577 3228 615 num
3260 572 3523 630 tamquam
3558 580 3659 619 nos
3686 565 3877 622 docto-

2301 628 2383 699 res
2409 646 2590 701 volens
2632 647 2949 719 redarguere
2975 649 3087 705 hrec
3132 651 3323 707 frustra
3352 652 3576 709 dicere?
3610 656 3747 711 Nam
3790 659 3881 713 dic

2300 735 2450 797 mihi,
2483 736 2526 789 si
2568 737 2683 805 quis
2723 736 2940 792 Graecus
2969 748 3022 792 et
3070 740 3297 797 inﬁdelis
3340 757 3459 797 cum
3486 746 3723 801 audierit
3773 748 3876 818 legi

2296 824 2436 878 lmuc
2470 825 2663 891 locum,
2690 826 2776 880 ubi
2806 827 2917 880 haec
2944 826 3071 881 dicit
3100 829 3285 883 beatus
3310 831 3522 898 Paulus,
3555 836 3876 905 praecipiens

749 930 950 983 Mulieri
974 928 1289 981 Christianae.
1319 954 1390 966 —
1414 925 1585 978 Habes
1629 932 1681 977 et
1725 932 1778 976 tu
1821 920 2080 975 theatrum
2116 938 2127 973 :
2166 919 2230 973 ad
2294 914 2621 979 mulieribus,
2656 925 2711 969 ut
2738 929 2803 969 ne
2826 930 2976 981 auro,
3014 929 3236 987 argento
3264 929 3317 974 et
3346 924 3667 991 margaritis,
3695 939 3875 995 neque

681 1002 804 1056 illud
854 1005 1113 1058 theatrum
1163 1018 1211 1059 te
1270 1020 1437 1069 orna,
1490 1006 1577 1056 illo
1625 1014 1677 1057 tu
1736 1004 1929 1058 mundo
1982 1005 2221 1060 induere.

676 1090 948 1157 Quodnam
991 1103 1070 1146 est
1100 1103 1243 1146 tuum
1277 1093 1579 1146 theatrum?
1622 1091 1835 1155 Catlum,
1870 1093 2093 1161 populus
2131 1108 2221 1145 an-

624 1238 627 1249 ,
675 1180 947 1247 gelorum:
980 1197 1083 1234 non
1108 1182 1224 1235 dico
1254 1182 1421 1234 solum
1450 1181 1726 1250 virginum,
1758 1180 1857 1236 sed.
1878 1181 2035 1236 etiam
2072 1198 2220 1235 mun-

674 1270 926 1323 danarum
970 1286 1064 1324 seu
1094 1272 1423 1326 ssecularium
1464 1288 1477 1322 :
1511 1285 1852 1340 qttzrcumque
1875 1271 2087 1327 Christo
2111 1287 2226 1327 cre-

670 1359 825 1422 dunt,
856 1359 1050 1414 habent
1080 1361 1204 1413 illud
1237 1361 1517 1413 theatrum.
1544 1361 1689 1415 Talia
1721 1362 1995 1430 loquamur
2024 1373 2081 1416 ut
2109 1364 2226 1420 illos

677 1448 999 1502 oblectemus
1026 1457 1381 1517 spectatores:
1412 1449 1603 1503 talibus
1632 1449 1867 1512 induere,
1898 1462 1952 1504 ut
1980 1452 2096 1507 illos
2128 1453 2222 1507 la:-

677 1539 785 1591 titia
816 1540 1013 1593 afﬁcias
1043 1538 1138 1609 (α).
1169 1540 1295 1593 Nam
1336 1540 1421 1594 dic
1461 1540 1606 1605 mihi,
1638 1540 1681 1595 si
1721 1542 1964 1596 meretrix
1996 1542 2225 1599 dimissis

676 1629 999 1682 ornamentis
1025 1629 1200 1683 aureis
1230 1630 1654 1698 sumptuosisque
1699 1631 1931 1685 vestibus
1952 1641 2007 1686 et
2037 1633 2142 1686 risu
2172 1643 2226 1689 et

676 1718 849 1771 verbis
880 1718 1092 1772 urbanis
1141 1727 1192 1773 et
1220 1719 1501 1785 obscaenis,
1546 1720 1634 1773 vili
1673 1730 1817 1777 veste
1864 1722 2126 1789 induatur,
2171 1735 2225 1780 et

679 1806 949 1860 illaborato
975 1809 1113 1862 cultu
1128 1810 1414 1877 composita
1434 1809 1777 1878 ingrediatur,
1806 1822 1858 1867 et
1877 1813 2119 1883 loquatur
2142 1817 2222 1885 pia

676 1905 728 1949 et
749 1897 989 1964 religiosa
1021 1898 1195 1957 verba,
1227 1910 1276 1951 et
1303 1898 1525 1952 disserat
1554 1900 1618 1953 de
1639 1904 2003 1970 temperantia,
2028 1906 2222 1959 etnihil

677 1994 827 2052 turpe
856 1984 1012 2049 dicat,
1045 2001 1217 2038 annon
1247 2002 1430 2041 omnes
1469 1988 1724 2057 surgent?
1754 2005 1926 2045 annon
1970 1992 2225 2048 dissolve-

678 2084 759 2130 tur
787 2075 886 2130 hoc
905 2076 1205 2130 theatrum?
1232 2094 1406 2132 annon
1433 2095 1547 2134 eam
1573 2081 1784 2149 ejicient
1806 2092 1860 2137 ιιι
1886 2100 2000 2153 quae
2025 2090 2223 2139 nesciat

674 2179 967 2232 congruere
990 2167 1201 2234 populo,
1231 2177 1283 2221 et
1305 2184 1421 2237 quae
1446 2168 1589 2223 dicat
1613 2170 1784 2224 aliena
1807 2172 1873 2228 ab
1897 2173 1987 2226 illo
2017 2174 2221 2229 theatro

675 2254 952 2307 satanico?
984 2256 1052 2307 lta
1083 2265 1137 2309 tu
1163 2272 1389 2326 quoque,
1418 2259 1461 2312 si
1504 2258 1643 2315 illius
1674 2262 1997 2318 vestimentis
2034 2264 2223 2319 amicta

677 2343 989 2411 ingrediaris
1025 2346 1286 2400 theatrum
1316 2349 1587 2414 caelorum,
1630 2359 1681 2406 te
1710 2353 1923 2420 ejicient
1958 2364 2223 2424 spectato-

677 2445 780 2484 res.
812 2432 924 2488 lllic
953 2434 1093 2486 enim
1124 2449 1224 2487 non
1269 2450 1401 2504 opus
1428 2447 1508 2491 est
1539 2438 1619 2493 his
1660 2442 1985 2497 vestimentis
2027 2446 2221 2513 aureis,

678 2522 770 2575 sed
807 2524 943 2577 aliis.
992 2527 1356 2591 Quibusnam?
1402 2530 1707 2599 Cujusmodi
1751 2534 1876 2588 dicit
1911 2536 2170 2607 Propheta
2200 2554 2219 2593 :

675 2612 742 2665 In
790 2615 996 2682 ﬁmbriis
1034 2619 1196 2671 aureis
1239 2621 1562 2687 circumdata,
1607 2626 1855 2694 variegata
1913 2627 2081 2696 (Ps/tl.
2131 2631 2221 2685 Η.

676 2702 764 2772 14)
799 2721 811 2756 :
840 2720 940 2759 non
967 2719 1017 2759 ut
1043 2722 1232 2776 corpus
1253 2710 1446 2764 reddas
1473 2712 1752 2767 candidum
1782 2727 1833 2769 et
1860 2719 2221 2785 resplendens,

675 2792 767 2845 sed
799 2803 855 2845 ut
884 2810 1039 2849 ornes
1069 2799 1295 2850 animam
1326 2815 1341 2851 :
1370 2814 1429 2852 ea
1457 2813 1535 2854 est
1556 2803 1695 2855 enim
1724 2819 1840 2871 quae
1867 2804 1974 2860 illic
2002 2818 2222 2863 conten-

675 2880 752 2935 dit
770 2892 821 2936 et
849 2885 1101 2939 decertat.
1142 2887 1315 2940 Omnis
1362 2892 1522 2959 gloria
1549 2893 1669 2959 ﬁliae
1714 2894 1862 2964 Regia
1908 2898 2221 2967 intrinsecus,

678 2973 860 3041 inquit.
891 2974 959 3027 lis
984 2976 1197 3031 induere
1227 2996 1239 3031 ε
1269 2994 1388 3033 nam
1419 2992 1472 3035 et
1496 2982 1560 3034 ab
1603 2985 2072 3042 innumerabilibus
2106 2992 2223 3047 aliis

678 3062 1172 3129 malisteliberabis,
1193 3068 1435 3125 maritum
1459 3086 1486 3121 a
1509 3072 2009 3140 sollicitudine,ette
2026 3093 2053 3131 a
2070 3094 2222 3136 cura.

677 3148 766 3203 Sic
780 3151 917 3203 enim
932 3152 1035 3205 eris
1054 3155 1241 3207 marito
1257 3159 1784 3228 veneranda,quando
1801 3166 1975 3231 paucis
1993 3169 2218 3236 egueris.

748 3238 801 3292 6.
849 3240 992 3294 Solet
1016 3244 1153 3296 enim
1207 3244 1365 3300 homo
1405 3250 1621 3317 quilibet
1648 3252 2008 3321 dissimulare,
2039 3269 2092 3311 et
2124 3277 2217 3315 eos

664 3334 955 3404 despicatui
986 3338 1202 3407 habere,
1235 3346 1320 3412 qui
1346 3345 1459 3415 ipso
1494 3349 1725 3419 indigent
1757 3358 2000 3423 :quando
2039 3367 2214 3413 autem

668 3427 860 3481 viderit
886 3444 988 3483 non
1011 3445 1142 3500 Opus
1174 3434 1386 3501 habere,
1436 3438 1620 3493 fastum
1648 3441 1912 3511 deprimit,
1944 3463 2046 3514 quo
2074 3448 2131 3503 ﬁt
2159 3458 2216 3503 ut

664 3518 773 3585 pari
816 3528 983 3572 tecum
1018 3521 1214 3576 honore
1238 3523 1482 3578 disserat.
1513 3526 1731 3592 Quando
1778 3533 1967 3587 viderit
1996 3538 2215 3592 maritus

663 3614 713 3659 te
737 3606 790 3659 in
818 3609 959 3660 nullo
993 3610 1105 3677 ejus
1132 3626 1287 3680 egere
1315 3622 1365 3667 et
1396 3616 1509 3682 ejus
1530 3617 1665 3670 dona
1692 3620 1981 3688 despicere.
2008 3626 2214 3680 etiamsi

669 3699 907 3767 ingentes
943 3702 1056 3769 ejus
1085 3704 1297 3771 spiritus
1327 3715 1379 3759 et
1405 3722 1589 3776 magna
1633 3713 1791 3765 animi
1822 3715 1981 3767 elatio
2011 3727 2133 3771 tunc
2163 3726 2215 3771 te

660 3789 825 3858 [uagis
843 3794 1188 3857 revercbitur,
1211 3810 1367 3863 quam
1399 3797 1628 3852 indutam
1652 3804 1824 3857 aureis
1848 3810 2172 3862 ornamentis
2196 3826 2209 3862 :

660 3892 757 3930 nec
782 3880 887 3932 eris
932 3882 1156 3949 amplius
1181 3884 1293 3952 ejus
1318 3887 1527 3939 ancilla.
1567 3888 1695 3942 Nam
1723 3908 1945 3960 quorum
1972 3912 2207 3965 egemus,

658 3983 875 4023 necesse
923 3970 1175 4026 habemus
1206 3990 1300 4027 nos
1326 3976 1403 4029 eis
1432 3978 1739 4034 submittere
1765 4000 1776 4034 :
1806 3984 1884 4036 sin
1909 3996 2083 4040 autem
2117 4004 2211 4043 nos

655 4059 1048 4127 abduxerlmus,
1086 4079 1189 4117 non
1231 4067 1422 4120 erimus
1452 4071 1679 4137 amplius
1704 4072 1918 4128 obnoxii
1945 4093 1958 4139 ;
1992 4078 2083 4131 sed
2112 4081 2211 4133 scit

654 4152 791 4219 quod
822 4162 1036 4219 prepter
1059 4154 1149 4208 Dei
1179 4157 1421 4211 timorem
1449 4162 1494 4213 ei
1521 4161 1751 4229 aliquam
1782 4166 2059 4222 tribuimus
2080 4171 2207 4225 obe-

652 4239 926 4305 dientiam,
960 4258 1062 4295 non
1093 4254 1305 4313 prepter
1332 4263 1389 4301 ea
1419 4265 1535 4317 quae
1552 4251 1616 4304 ab
1637 4252 1749 4319 ipso
1784 4256 2203 4321 proﬁciscuntur.

650 4330 777 4383 Nam
806 4348 942 4386 nunc
964 4335 1197 4403 quidem,
1231 4347 1287 4389 ut
1316 4340 1401 4406 qui
1430 4357 1614 4409 magna
1656 4343 1809 4397 nobis
1835 4347 2013 4413 donet,
2045 4367 2209 4419 quan-

650 4429 984 4490 tumcumque
1007 4423 1262 4479 honorem
1286 4427 1439 4482 fuerit
1463 4441 1795 4499 assequutus,
1821 4451 1923 4490 non
1943 4440 2207 4495 existimat

648 4528 703 4565 se
728 4523 887 4566 totum
912 4531 1028 4569 esse
1046 4528 1405 4587 assequutum;
1429 4531 1551 4577 tunc
1567 4536 1738 4580 autem
1761 4531 1963 4584 etiamsi
1986 4548 2203 4600 parvum

646 4601 803 4655 fuerit
828 4616 1159 4675 asscquutus,
1190 4610 1403 4663 habebit
1433 4615 1686 4681 gratiam:
1710 4634 1811 4673 non
1840 4624 2199 4690 exprobrabit,

646 4708 742 4747 nec
764 4696 874 4761 ipse
903 4708 1119 4764 cogetur
1140 4710 1355 4768 propter
1386 4712 1435 4755 te
1479 4720 1571 4772 per
1599 4710 1866 4763 avaritiam
1894 4714 2024 4766 alios
2051 4715 2202 4769 bonis

642 4785 905 4838 fraudare.
950 4788 1082 4850 Quid
1131 4792 1267 4843 enim
1309 4803 1387 4845 est
1431 4809 1458 4846 a
1508 4799 1709 4852 ratione
1754 4801 1996 4866 alienius,
2044 4820 2199 4871 quam

642 4890 799 4928 aurea
832 4889 1141 4932 ornamenta
1173 4881 1236 4934 ad
1261 4883 1359 4938 hoc
1388 4900 1715 4954 comparare,
1748 4900 1803 4943 ut
1825 4893 2197 4948 circumferan-

643 4974 723 5016 tur
756 4965 807 5017 in
837 4965 1039 5021 balneis
1062 4979 1113 5021 et
1143 4970 1194 5023 in
1228 4971 1391 5027 loris?
1419 4975 1521 5029 Sed
1554 4978 1601 5029 in
1630 4980 1828 5035 balneis
1858 4995 1909 5036 et
1939 4985 2065 5037 foris
2096 5003 2197 5040 non

640 5066 719 5108 est
758 5057 976 5112 fortasse
1004 5062 1190 5113 mirum
1220 5080 1231 5113 :
1259 5064 1307 5117 in
1336 5067 1614 5120 ecclesiam
1636 5082 1809 5125 autem
1840 5075 1992 5126 etiam
2019 5092 2080 5128 eo
2109 5078 2198 5130 ha-

642 5147 753 5198 bitu
784 5159 1019 5202 ornatam
1056 5154 1361 5220 procedere,
1397 5174 1484 5211 res
1512 5170 1591 5213 est
1620 5163 1769 5217 valde
1798 5165 2033 5219 ridicula.
2067 5168 2193 5223 Nam

639 5250 732 5286 cur
773 5236 871 5289 huc
913 5239 1203 5304 ingreditur
1250 5258 1408 5298 aurea
1454 5258 1668 5314 gestans
1708 5266 2046 5321 ornamenta,
2080 5274 2193 5325 quae

636 5325 793 5377 debet
830 5328 1031 5393 ingredi
1066 5340 1121 5383 ut
1148 5332 1323 5385 audiat
1354 5348 1596 5403 oportere
1631 5356 1687 5395 se
1729 5348 1899 5396 ornari
1932 5362 2033 5399 non
2066 5364 2194 5403 auro

638 5429 733 5468 nec
776 5420 1091 5484 margaritis,
1141 5438 1309 5490 neque
1338 5438 1483 5481 veste
1522 5436 1871 5499 sumptuosa?
1913 5435 2015 5490 Cur
2068 5456 2193 5509 ergo

635 5506 947 5574 ingrederis,
980 5525 1011 5563 0
1040 5514 1265 5565 mulier?
1316 5520 1563 5588 numquid
1594 5532 1852 5593 tamquam
1887 5542 2002 5581 Cum
2033 5530 2189 5587 Paulo

682 5672 751 5722 tu)
778 5668 860 5715 Hic
885 5669 1059 5716 desiuit
1085 5670 1271 5716 homilia
1301 5673 1341 5715 in
1371 5672 1500 5719 Colb.

2295 1002 2540 1073 pretiosis
2568 1004 2799 1058 vestibus
2824 1015 3045 1059 ornetur
3076 1006 3150 1076 (1.
3181 1007 3313 1062 Tim.
3339 1011 3393 1063 2.
3415 1013 3491 1081 9);
3524 1024 3577 1067 et
3602 1029 3727 1069 cum
3756 1016 3873 1084 ipse

2303 1088 2495 1143 habeat
2518 1104 2735 1145 uxorem
2768 1092 3001 1160 ﬁdelem,
3026 1095 3204 1150 videat
3227 1098 3371 1152 illam
3398 1102 3610 1155 ornatui
3633 1103 3878 1169 studere,

2303 1189 2362 1233 et
2382 1194 2542 1235 aurea
2576 1181 2976 1253 circumponere
3006 1196 3064 1240 ut
3092 1188 3415 1256 ingrediatur
3456 1191 3508 1244 in
3540 1192 3829 1246 ecclesiam
3863 1211 3875 1244 :

2301 1282 2477 1324 annon
2508 1270 2651 1327 dicet
2673 1274 2811 1341 apud
2842 1276 3109 1345 seipsnm,
3138 1278 3324 1333 videns
3364 1295 3481 1334 eam
3526 1281 3579 1335 in
3628 1283 3881 1338 cubiculo

2303 1373 2362 1413 se
2390 1370 2574 1415 ornate
2604 1374 3009 1430 componentem
3036 1376 3090 1420 et
3118 1366 3488 1436 disponentem
3515 1389 3528 1424 :
3560 1371 3698 1439 Quid
3732 1374 3881 1426 intus

2302 1458 2482 1505 manet
2511 1452 2698 1506 mulier
2727 1454 2776 1506 in
2804 1455 3086 1511 cubiculo?
3116 1457 3249 1526 quid
3268 1461 3590 1515 cunctatur?
3620 1462 3751 1531 quid
3784 1479 3878 1515 au-

2303 1556 2392 1595 rea
2423 1542 2772 1614 circumponit
2802 1558 3111 1603 ornamenta
3138 1551 3157 1602 2
3186 1565 3291 1619 quo
3328 1554 3439 1608 vult
3464 1554 3609 1608 abire
3635 1555 3660 1609 ?
3690 1558 3745 1610 in
3791 1570 3880 1611 ec-

2301 1631 2559 1687 clesiam?
2584 1650 2746 1703 quare
2769 1637 2792 1688 ?
2816 1646 2873 1690 ιιι
2899 1637 3095 1703 audiat,
3131 1638 3250 1693 Non
3279 1641 3331 1694 in
3375 1652 3508 1696 veste
3535 1655 3835 1713 sumptuosa
3854 1648 3882 1700 .’

2301 1721 2419 1776 Non
2460 1723 2683 1779 ridebit?
2731 1741 2836 1779 non
2882 1728 2933 1781 in
2964 1730 3249 1783 cachinnos
3292 1735 3579 1800 erumpet?
3613 1751 3716 1789 non
3761 1751 3879 1790 rem

2304 1812 2559 1867 ludicram
2590 1826 2639 1868 et
2671 1815 3038 1885 deceptionem
3068 1833 3153 1873 res
3181 1829 3390 1875 nostros
3431 1837 3551 1877 esse
3598 1826 3881 1879 existima-

2303 1900 2415 1953 bit?
2441 1901 2793 1968 Quamobrem
2836 1921 2984 1976 rogo,
3018 1915 3077 1961 ut
3115 1923 3272 1963 aurea
3302 1921 3611 1967 ornamenta
3665 1917 3880 1983 pompis

2302 1989 2647 2058 dimittamus,
2677 1993 2874 2060 scenis,
2904 2003 2960 2048 et
3004 1996 3059 2049 in
3104 1997 3298 2051 tabulis
3346 1998 3678 2055 ofﬁcinarum
3710 2018 3882 2072 expo-

2302 2082 2446 2136 sita:
2500 2082 2591 2135 Dei
2638 2092 2814 2137 autem
2846 2084 3019 2154 imago
3060 2100 3163 2140 non
3220 2087 3302 2141 his
3349 2100 3606 2155 ornetur;
3652 2105 3882 2147 ornetur

2301 2172 2524 2242 ingenua
2550 2173 2794 2229 libertate
2829 2193 2841 2228 :
2878 2191 2907 2230 a
2944 2178 3186 2233 libertate
3225 2189 3401 2234 autem
3433 2182 3583 2235 abest
3622 2181 3792 2238 fastus
3824 2196 3881 2241 et

2300 2271 2518 2317 ornatus
2536 2264 2849 2329 indecorus.
2880 2266 3029 2333 Quod
3057 2269 3100 2321 si
3133 2269 3289 2322 etiam
3311 2269 3443 2323 velis
3472 2270 3538 2323 ab
3567 2271 3879 2329 hominibus

2300 2351 2520 2421 gloriam
2548 2354 2822 2424 consequi,
2856 2371 2969 2409 eam
3013 2358 3093 2423 sic
3137 2360 3457 2427 assequeris.
3502 2361 3686 2415 Divitis
3726 2363 3876 2419 enim

2302 2442 2531 2498 hominis
2560 2460 2781 2499 uxorem
2814 2462 2918 2503 non
2967 2450 3035 2501 ita
3080 2448 3461 2504 admirabimur
3502 2466 3661 2507 aurea
3712 2471 3878 2509 orna-

2300 2542 2473 2587 menta
2517 2543 2810 2604 gestantem
2842 2546 2896 2591 et
2944 2538 3143 2593 sericas
3188 2549 3395 2607 vestes;
3453 2540 3553 2597 hoc
3598 2554 3676 2597 est
3725 2548 3873 2600 enim

2301 2639 2584 2681 commune
2633 2627 2913 2694 omnibus;
2948 2638 3005 2683 ιιι
3034 2630 3247 2695 quando
3295 2631 3455 2687 fuerit
3502 2635 3681 2690 induta
3721 2649 3877 2693 veste

2302 2714 2546 2783 simplici.
2595 2724 2649 2770 et
2678 2732 2741 2771 ex
2796 2718 2911 2771 lana
2964 2728 3163 2774 tantum
3211 2731 3497 2777 contexta:
3531 2724 3627 2780 hoc
3681 2741 3875 2783 omnes

2302 2804 2727 2871 admirabuntur,
2782 2808 2882 2863 hoc
2908 2825 3026 2864 cum
3070 2813 3256 2881 plausu
3297 2815 3585 2883 excipient.
3633 2817 3766 2872 Nam
3819 2821 3873 2875 in

2300 2893 2391 2965 illo
2419 2895 2629 2963 quidem
2663 2898 2859 2951 mundo
2894 2911 3326 2956 ornamentorum
3356 2912 3410 2957 et
3436 2916 3873 2975 sumptuosarum

2299 2986 2522 3039 vestium
2575 2987 2765 3040 multas
2800 2987 2954 3042 habet
2994 2991 3203 3056 socias;
3236 3003 3289 3047 et
3335 2994 3378 3047 si
3433 2996 3568 3050 hanc
3615 3010 3873 3067 superat,

2298 3085 2578 3143 superatur
2603 3076 2669 3130 ab
2698 3078 2796 3129 alia
2822 3095 2835 3141 ;
2864 3088 2917 3132 et
2937 3079 2981 3133 si
3012 3095 3197 3136 omnes
3225 3085 3452 3152 excedit,
3488 3087 3554 3140 ab
3583 3088 3696 3158 ipsa
3722 3104 3878 3148 certe

2299 3167 2480 3235 regina
2533 3167 2807 3219 vincitur:
2853 3169 2939 3222 hic
2984 3180 3159 3225 autem
3214 3173 3379 3229 vincit
3429 3192 3654 3243 omnes,
3709 3183 3875 3237 etiam

2301 3255 2468 3323 ipsam
2503 3271 2719 3309 uxorem
2749 3257 3085 3326 imperatoris
3118 3279 3131 3315 :
3160 3265 3269 3317 sola
3298 3266 3436 3319 enim
3460 3268 3510 3321 in
3536 3269 3736 3324 divitiis
3759 3274 3878 3328 ele-

2300 3336 2373 3412 git
2396 3360 2512 3412 qua:
2537 3354 2658 3398 sunt
2683 3361 2989 3416 pauperum.
3009 3350 3385 3421 Quamobrem,
3402 3356 3607 3411 etiamsi
3628 3375 3877 3417 amemus

2299 3433 2539 3501 gloriam,
2573 3436 2655 3488 hic
2682 3446 2763 3489 est
2791 3438 2957 3506 major
2984 3440 3169 3509 gloria.
3199 3442 3315 3497 Non
3346 3446 3515 3500 solum
3550 3448 3671 3503 dico
3695 3450 3877 3506 viduis

2301 3533 2349 3576 et
2373 3524 2649 3589 divitibus;
2681 3527 2763 3579 hic
2781 3529 2919 3581 enim
2938 3531 3344 3588 necessitatibus
3371 3537 3638 3593 viduitatis
3659 3542 3877 3596 videtur

2301 3613 2400 3667 hoc
2424 3614 2626 3680 facere;
2660 3618 2750 3670 sed
2781 3618 2843 3671 iis
2868 3621 3026 3673 etiam
3058 3637 3179 3690 quae
3207 3624 3375 3677 virum
3409 3626 3623 3681 habent.
3657 3632 3725 3683 At
3752 3648 3873 3685 ma-

2300 3704 2421 3768 rito,
2454 3704 2638 3771 inquit,
2669 3722 2772 3759 non
2810 3708 3007 3775 placeo.
3034 3711 3142 3765 Nec
3169 3713 3251 3766 vis
3283 3716 3471 3769 marito
3500 3717 3727 3784 placere,
3772 3723 3873 3776 sed

2299 3794 2622 3847 multitudini
2653 3799 3088 3864 paupercularum
3118 3804 3434 3870 mulierum;
3468 3808 3572 3860 imo
3599 3825 3725 3862 vero
3759 3826 3871 3865 non

2300 3883 2529 3949 placere,
2560 3884 2650 3937 sed
2680 3900 2769 3937 eas
2800 3886 3098 3943 tabefacere
3128 3902 3177 3944 et
3209 3892 3393 3948 dolore
3421 3896 3655 3958 afﬁcere.
3690 3909 3744 3952 et
3774 3917 3873 3954 ea-

2312 3980 2427 4019 rum
2455 3968 2708 4033 majorem
2747 3970 2916 4025 facere
2945 3986 3325 4043 paupertatem.
3357 3982 3521 4047 Quam
3551 3990 3712 4039 multa
3746 4003 3880 4056 pro-

2312 4064 2427 4124 pter
2456 4065 2505 4109 te
2545 4056 2789 4111 dicuntur
2820 4058 3162 4128 blasphema?
3202 4066 3279 4121 Ne
3304 4070 3390 4132 sit,
3420 4071 3604 4140 inquit,
3646 4089 3884 4144 pauper-

2313 4154 2390 4198 tas
2422 4163 2435 4197 :
2471 4146 2609 4200 Deus
2640 4148 2758 4201 odio
2788 4148 2947 4203 habet
2972 4166 3191 4221 egenos,
3244 4157 3383 4212 Deus
3426 4175 3533 4214 non
3570 4162 3739 4233 diligit
3780 4181 3880 4223 eos

2306 4236 2392 4304 qui
2430 4237 2625 4290 suntin
2666 4251 2989 4307 paupertate.
3020 4242 3148 4297 Nam
3179 4248 3319 4315 quod
3369 4265 3470 4303 non
3500 4252 3627 4306 velis
3660 4256 3879 4322 placere

2308 4326 2497 4379 marito
2527 4368 2542 4392 ,
2590 4344 2685 4381 nec
2735 4344 2793 4382 ea
2833 4330 2899 4384 de
2928 4347 3086 4387 causa
3118 4338 3343 4403 orneris,
3392 4342 3638 4396 omnibus
3689 4345 3878 4401 reddis

2305 4419 2641 4483 perspicuum
2664 4434 2728 4471 ex
2759 4420 2820 4473 iis
2861 4438 2977 4488 quae
3004 4424 3114 4491 ipsa
3156 4426 3301 4480 facis.
3357 4428 3486 4483 Nam
3530 4446 3649 4485 cum
3701 4435 3869 4489 limen

2302 4504 2513 4558 thalami
2542 4509 2833 4573 transieris,
2863 4510 3141 4567 confestim
3183 4514 3405 4584 deponis
3445 4524 3643 4586 omnia,
3686 4533 3739 4577 et
3772 4541 3870 4579 ve-

2298 4606 2425 4661 stes,
2461 4609 2513 4650 ct
2537 4613 2845 4655 ornamenta
2873 4618 3052 4669 aurea,
3087 4616 3140 4659 et
3183 4610 3527 4678 margaritas;
3558 4614 3644 4666 illa
3666 4617 3871 4685 quippe

2296 4688 2436 4741 domi
2464 4704 2567 4741 non
2596 4699 2792 4757 gestas.
2832 4693 2886 4745 Si
2924 4702 3102 4749 autem
3135 4698 3213 4751 vis
3242 4700 3464 4754 omnino
3492 4702 3701 4769 placere
3747 4722 3869 4760 ma-

2296 4780 2415 4842 rito,
2446 4794 2565 4833 sunt
2592 4799 2684 4848 per
2716 4799 2831 4851 qua.-
2880 4788 2950 4839 sis
2981 4789 3260 4856 placitura,
3307 4808 3400 4858 per
3426 4794 3715 4863 leuitatem,
3765 4817 3869 4869 per

2295 4872 2769 4934 mansuetudinem,
2803 4889 2893 4940 per
2916 4875 3265 4933 honestatem.
3294 4882 3424 4936 Nam
3450 4886 3607 4939 crede
3642 4890 3799 4954 mihi,
3832 4909 3865 4946 ο

2292 4958 2512 5025 mulier,
2547 4962 2755 5015 etiamsi
2806 4964 3025 5019 maritus
3051 4978 3165 5024 tuus
3190 4972 3258 5025 sit
3284 4974 3475 5028 millies
3498 4977 3562 5031 ad
3603 4978 3857 5036 inferior“

2291 5064 2597 5116 propensus,
2620 5052 2729 5105 hrcc
2751 5055 2915 5122 magis
2938 5071 3054 5110 eum
3077 5062 3360 5128 attrahent,
3376 5064 3583 5134 lenitas,
3607 5085 3862 5128 mansue-

2290 5138 2431 5201 tudo,
2460 5145 2797 5207 temperantia
2832 5155 2884 5198 et
2911 5148 3218 5214 moderatio,
3240 5167 3268 5205 a
3300 5153 3434 5209 fastu
3456 5173 3572 5213 esse
3600 5161 3859 5229 alienam,

2288 5244 2385 5280 nun
2406 5244 2520 5283 esse
2538 5244 2920 5301 sumptuosam,
2937 5239 3026 5291 sed
3055 5239 3302 5296 humilem
3334 5253 3388 5299 et
3413 5246 3702 5305 dimissam.
3720 5254 3859 5311 Nam

2283 5321 2378 5372 etsi
2400 5322 2543 5376 mille
2564 5326 2682 5376 talia
2707 5330 2991 5396 exengites,
3016 5331 3334 5401 impudicum
3359 5347 3412 5391 et
3431 5339 3852 5401 incontinentem

2282 5426 2382 5463 non
2414 5415 2735 5468 continebis:
2764 5418 2861 5470 hoc
2886 5421 3057 5474 sciunt
3079 5439 3193 5491 qua:
3219 5426 3347 5480 tales
3375 5427 3802 5490 habentmaritos
3838 5459 3852 5493 :

2277 5517 2393 5553 nam
2437 5508 2926 5578 quomodocumque
2976 5524 3022 5567 te
3054 5531 3304 5581 exornes,
3332 5520 3439 5583 ille,
3477 5534 3527 5575 ιιι
3556 5527 3645 5591 qui
3673 5530 3737 5581 sit
3765 5530 3851 5583 in-

2274 5594 2567 5659 continens,
2599 5598 2704 5650 abit
2735 5600 2797 5653 ad
2830 5602 2985 5656 aliam
3019 5626 3028 5658 :
3057 5620 3175 5660 eum
3218 5618 3390 5663 autem
3421 5614 3505 5681 qui
3530 5628 3608 5668 est
3642 5627 3847 5687 tempe-

2272 5700 2391 5736 rans
2423 5697 2472 5738 et
2506 5688 2754 5753 pudicus,
2786 5708 2885 5745 non
2923 5695 3001 5747 his
3031 5699 3205 5765 capies
3228 5742 3240 5763 ,
3272 5702 3361 5754 sed
3413 5709 3727 5773 contrariis;
3761 5713 3842 5769 bis
