4062 6406
666 388 767 447 ἳθί

667 512 777 573 τοῖς
807 507 1067 571 ἐναντίοις
1089 519 1103 536 ’
1131 505 1189 559 ιν
1208 503 1415 569 τούτοις
1433 503 1487 557 δέ
1510 502 1600 556 καὶ
1626 503 1835 565 λυπεῖς,
1876 502 2047 570 σαυτῇ
2066 497 2222 560 δόξαν

668 591 1006 663 περιτιθείσα
1057 588 1405 659 φιλοκόσμου.
1452 587 1515 639 Et
1566 586 1675 657 γάρ
1716 585 1809 639 καὶ
1853 582 2168 663 αἰδούμενος
2194 580 2223 632 6

667 662 829 746 ἀνὴρ,
875 673 973 727 καὶ
999 670 1154 725 τοῦτο
1184 669 1259 732 ώς
1308 666 1539 739 σώφρων
1569 668 1631 721 ού
1659 667 1829 736 λέγει,
1870 664 1985 746 ἀλλ’
2011 662 2223 746 ἐνδοθεν

668 743 1081 823 καταγνώσεται
1100 766 1215 804 σουσ
1234 749 1359 813 τοῦς
1384 750 1439 803 δὲ
1456 748 1683 819 φθόνους
1711 748 1911 808 καὶτὰς
1930 743 2223 815 βασκανίας

664 840 729 892 ού
756 835 1172 908 περιστελείται.
1206 832 1280 887 Ού
1309 834 1491 886 πᾶσαν
1514 831 1705 903 ἡδονὴν
1737 827 1985 890 ἐκϐαλεῖς
2012 825 2221 888 λοιπὸν,

668 921 860 992 φθόνον
891 918 1177 988 ἐγείρουσα
1204 915 1348 968 κατὰ
1380 917 1608 984 σαυτῆςς

736 1002 798 1067 ζ’.
826 1002 977 1071 Τάχα
1000 998 1274 1069 δυσχερῶς
1285 996 1509 1051 ἀκούετε
1525 996 1631 1048 τῶν
1641 992 1965 1064 λεγομένων,
1989 989 2081 1044 καὶ
2094 989 2224 1057 ἀγα·

667 1086 911 1139 νακτείτε
942 1082 1217 1149 λέγουσαι,
1238 1081 1319 1132 δτι
1348 1079 1472 1141 τοὺς
1491 1077 1686 1147 ἄνδρας
1709 1073 1998 1147 παροξύνει
2025 1071 2223 1143 μᾶλλον

666 1166 808 1219 κατὰ
835 1164 943 1217 τῶν
969 1160 1262 1231 γυναικῶν.
1292 1162 1367 1213 Ού
1394 1160 1517 1221 τοὺς
1534 1157 1729 1230 ἄνδρας
1753 1154 2074 1226 παροξύνων
2094 1151 2225 1206 ταῦο

665 1264 736 1302 τα
768 1247 931 1315 λέγω,
956 1244 1092 1299 ἀλλά
1122 1244 1250 1313 παρ’
1283 1240 1437 1311 ὑμῶν
1494 1238 1816 1309 βουλόμενος
1844 1237 2025 1291 ἑκοντὶ
2054 1233 2224 1288 ταῦτα

666 1328 933 1397 γίνεσθαι,
954 1326 1024 1379 δι’
1056 1327 1221 1396 ὑμᾶς,
1254 1324 1316 1377 ού
1336 1322 1405 1375 δι’
1428 1320 1671 1384 ἐκείνους
1701 1335 1714 1349 ’
1746 1321 1844 1389 οὐχ
1872 1318 1958 1372 ίνα
1983 1316 2223 1378 ἐκείνους

665 1409 957 1474 ἀπαλλάξω
986 1406 1204 1477 φθόνου,
1231 1402 1347 1458 ἀλλ’
1378 1402 1462 1456 ἵνα
1508 1403 1650 1472 ὑμᾶς
1685 1398 1979 1464 ἀπαλλάξω
2020 1414 2224 1467 φαντα-

668 1492 787 1554 σίας
811 1488 1088 1559 βιωτικῆς.
1148 1484 1341 1539 Βούλει
1383 1484 1615 1555 φανῆναι
1660 1483 1835 1552 καλή;
1864 1479 2019 1549 κάγὼ
2066 1478 2224 1532 τοῦτο

670 1558 819 1645 [208]
854 1570 1131 1642 βούλομαι,
1173 1567 1310 1623 ἀλλά
1337 1566 1532 1630 κάλλος
1553 1566 1582 1618 δ
1600 1566 1629 1618 δ
1642 1564 1773 1627 Θεὸς
1790 1563 1961 1635 ζητεῖ,
1979 1561 2177 1645 κάλλος
2195 1558 2224 1612 δ

666 1640 923 1723 ἶπιθυμεῖ
940 1654 967 1703 ό
982 1650 1253 1723 βασιλεύς.
1298 1649 1435 1704 Τίνα
1476 1646 1652 1718 βούλει
1684 1644 2108 1716 σχείνρρασ-τὴν,
2133 1642 2224 1695 τὸν

666 1737 800 1790 Θεὸν
826 1736 860 1806 ἢ
886 1732 1205 1805 ἀνθρώπους
1231 1751 1247 1801 ;
1279 1732 1402 1786 Ἐάν
1418 1733 1594 1785 ἐκεῖνο
1608 1728 1675 1803 ᾖς
1700 1730 1763 1783 τὸ
1795 1729 1989 1792 κάλλος
2017 1726 2174 1797 καλὴ,
2197 1727 2226 1778 ό

668 1821 802 1883 Θεὸς
826 1817 1160 1888 ἐπιθυμήσει
1176 1815 1271 1869 τοῦ
1304 1814 1533 1876 κάλλους
1561 1830 1655 1867 σου
1678 1830 1693 1846 ·
1713 1812 1779 1865 ἂν
1803 1812 1860 1864 δὲ
1885 1809 2041 1864 τοῦτο
2060 1810 2226 1880 χωρὶς

668 1902 901 1965 ἐκείνου,
937 1900 1142 1961 ἐκεῖνος
1178 1897 1278 1967 μέν
1312 1913 1371 1949 σε
1406 1894 1717 1965 βδελύξιται
1739 1933 1756 1959 ,
1812 1893 2025 1946 ἔσονται
2050 1892 2107 1944 δέ
2133 1908 2225 1944 σοι.

668 1983 893 2057 ἐρασταὶ
910 1981 1101 2053 ἀνδρες
1125 1977 1309 2050 μιαροί
1329 1994 1342 2008 ·
1368 1978 1542 2042 οὐδεὶς
1556 1977 1665 2047 γὰρ
1683 1975 1951 2045 ύπάνδρου
1974 1972 2229 2057 γυναικὸς

670 2066 810 2137 ἐρῶν
836 2062 1058 2134 ἀγαθός.
1088 2060 1259 2115 Τοῦτο
1286 2060 1381 2115 καὶ
1408 2062 1502 2113 ἐπὶ
1532 2060 1626 2113 τοῦ
1655 2059 1862 2129 κόσμου
1900 2056 1998 2111 τοῦ
2030 2056 2229 2122 ἔξωθεν

668 2148 906 2217 λογίζου.
942 2144 1183 2207 Ἐκεῖνος
1212 2142 1311 2212 μὶν
1342 2143 1450 2213 γὰρ
1473 2143 1502 2195 6
1531 2142 1800 2212 κόσμος,ό
1821 2143 1922 2212 τῆς
1952 2139 2130 2210 ψυχῆς
2143 2139 2229 2193 λέ-

668 2246 772 2297 γω,
802 2228 894 2280 τὸν
915 2225 1046 2279 Θεὸν
1070 2225 1371 2278 ἐπισπᾶται
1388 2239 1401 2253 ·
1425 2218 1579 2287 οὗτος
1598 2222 1655 2275 δέ
1680 2222 1841 2278 πάλιν
1860 2223 1985 2286 τοὺς
2001 2221 2231 2293 μιαροὺς

662 2312 888 2381 ἀνδρας.
929 2309 1091 2379 Ὁρᾷς
1131 2308 1215 2360 ὅτι
1257 2305 1411 2376 ὑμῶν
1458 2304 1718 2377 κήδομαι,
1750 2306 1834 2359 ὅτι
1862 2305 2017 2375 ὑμῶν
2067 2321 2230 2375 φρον-

670 2390 826 2455 τίζω,
864 2390 952 2443 ῑνα
974 2389 1139 2442 καλαὶ
1176 2382 1297 2457 ἦτε,
1329 2387 1499 2451 ὅντως
1549 2387 1735 2453 καλαὶ,
1768 2386 1934 2451 δντως
1977 2387 2227 2453 ἐπίδοξοι,

674 2476 766 2529 ἶνα
796 2472 917 2527 ἀντὶ
935 2471 1143 2542 ἀνδρῶν
1167 2470 1380 2542 μιαρῶν
1399 2471 1492 2522 τὸν
1520 2470 1773 2523 ἀπάντων
1803 2469 2075 2540 Δεσπότην
2100 2468 2230 2521 Θεὸν

671 2557 834 2628 ἔχητε
858 2554 1096 2625 ἐραστήν
1115 2570 1131 2620 ;
1177 2552 1239 2606 'H
1265 2552 1322 2605 δὲ
1343 2554 1549 2605 ἐκεῖνον
1589 2551 1789 2621 ἔχουσα
1837 2550 2091 2622 ἐραστὴν,
2124 2550 2229 2603 τίνι

669 2640 825 2691 ἔσται
874 2636 1070 2705 ὁμοίας
1110 2634 1246 2707 μετά
1289 2634 1537 2703 ἀγγέλων
1574 2632 1804 2704 χορεύει.
1832 2633 1895 2685 El
1928 2632 2034 2701 γὰρ
2079 2632 2231 2702 παρά

672 2720 942 2791 βασιλέως
964 2718 1265 2789 φιλουμένη
1293 2734 1376 2781 τις
1402 2717 1540 2787 ὑπὲρ
1570 2718 1777 2780 πάντας
1819 2716 2177 2787 μακαρίςεται
2208 2730 2224 2747 ·

670 2808 703 2875 ὴ
744 2802 897 2871 παρὰ
924 2801 1019 2855 τοῦ
1058 2800 1192 2855 Θεοῦ
1224 2800 1522 2870 φιλουμένη
1580 2799 1761 2868 φιλίαν
1812 2798 2032 2870 πολλὴν,
2088 2797 2231 2862 τίνος

670 2890 824 2939 ἐσται
844 2885 1006 2951 ἀξία;
1044 2882 1145 2936 κᾶν
1173 2883 1271 2953 τὴν
1309 2881 1635 2951 οἰκουμένην
1668 2881 2020 2952 άντιστήσῃς,
2079 2878 2230 2934 ούδέν

670 2967 763 3020 τοῦ
790 2966 1017 3029 κάλλους
1043 2966 1258 3018 ἐκείνου
1279 2962 1448 3029 ἀξιον.
1485 2962 1657 3016 Τοῦτο
1679 2963 1858 3017 τοίνυν
1904 2962 2229 3033 άσκήσωμεν

672 3050 734 3102 τὸ
758 3049 971 3114 κάλλος,
1005 3046 1179 3117 τούτῳ
1212 3045 1543 3115 κοσμώμεθα
1558 3045 1634 3115 τῷ
1654 3046 1863 3116 κόσμῳ,
1896 3044 1984 3099 ἵνα
2010 3047 2088 3107 είς
2104 3047 2229 3109 τοὺς

672 3132 934 3201 οὐρανοὺς
955 3132 1315 3199 χωρήσωμεν,
1344 3128 1423 3191 είς
1444 3127 1543 3188 τὰς
1568 3127 1844 3191 παστάδας
1868 3132 1969 3191 τὰς
1984 3143 2229 3197 πνευμα-

672 3216 849 3276 τικὰς,
872 3215 950 3275 είς
972 3212 1061 3265 τὸν
1088 3210 1352 3281 νυμφῶνα
1381 3210 1473 3263 τὸν
1502 3212 1794 3279 ἀκήρατον.
1826 3209 1995 3261 Τοῦτο
2010 3210 2107 3279 μὲν
2123 3209 2230 3281 γάρ

671 3299 733 3350 τὸ
768 3295 960 3356 κάλλος
986 3294 1090 3347 ὑπὸ
1121 3294 1338 3345 πάντων
1378 3282 1684 3354 ἁλίσκεται,
1724 3291 1817 3343 καὶ
1864 3292 1991 3345 ὅταν
2048 3308 2229 3362 παρα-

677 3380 834 3450 μείνῃ
857 3376 1054 3440 καλῶς,
1078 3376 1171 3428 καὶ
1198 3375 1337 3445 μήτε
1361 3374 1512 3436 νόσος
1532 3373 1797 3444 ἐνοχλήσῃ
1824 3374 1960 3443 μήτε
1984 3376 2226 3445 φροντὶς,

670 3463 811 3531 ὅπερ
837 3459 1115 3521 ἀδύνατον,
1150 3458 1209 3508 ού
1240 3456 1546 3528 παραμένει
1572 3456 1775 3508 εἴκοσιν
1806 3456 1901 3524 ἐτη
1922 3471 1937 3486 ⁸
1970 3457 2145 3509 ἐκεῖνο
2174 3456 2229 3509 δὲ

674 3546 761 3597 ἀεὶ
789 3542 956 3606 ἀνθεῖ,
990 3540 1077 3593 άεὶ
1106 3536 1383 3609 ἀκμάζει·
1416 3540 1516 3591 οὐκ
1545 3537 1690 3592 ἐστιν
1714 3539 1829 3591 ἐκεί
1848 3537 2023 3593 δεῖσαι
2062 3556 2227 3609 μετα-

676 3627 858 3694 ϐολὴν,
889 3624 948 3675 ού
979 3622 1157 3692 γῆρας
1199 3620 1424 3674 ἐπελθὸν
1472 3620 1663 3689 ῥυτίδα
1721 3620 1950 3690 ἢγαγεν,
1982 3623 2043 3675 ού
2078 3623 2229 3686 νόσος

676 3704 1075 3775 κατασκήψασα
1101 3704 1395 3775 ὲμάρανεν,
1416 3704 1515 3756 οὐκ
1545 3702 1783 3773 ἀθυμίας
1833 3704 2052 3773 φροντὶς
2104 3704 2229 3756 ὲλυ-

675 3793 903 3859 μήνατο,
935 3786 1071 3839 ἀλλά
1090 3788 1307 3845 πάντων
1336 3786 1540 3839 τούτων
1561 3787 1709 3838 ἐστὶν
1739 3784 2032 3855 ἀνώτερον.
2061 3785 2230 3838 Τοῦτο

674 3875 733 3926 δέ
778 3872 965 3941 πρὶνῆ
1003 3872 1258 3940 φανῆναι,
1310 3871 1555 3940 ἀπέστη,
1603 3870 1699 3923 καὶ
1747 3870 1915 3939 φανὲν
1962 3871 2061 3921 οὐκ
2115 3869 2229 3939 ἔχει

676 3956 903 4017 πολλοὺς
935 3957 1063 4017 τοὺς
1085 3956 1422 4024 θαυμαστάς.
1440 3956 1504 4006 υἱ
1532 3954 1632 4024 μὲν
1652 3952 1759 4024 γάρ
1788 3953 2002 4022 κόσμιοι
2025 3953 2084 4005 ού
2100 3952 2230 4005 θαυ-

678 4040 961 4109 μάζουσιν,
985 4039 1032 4088 οἱ
1053 4037 1106 4089 δὲ
1139 4036 1539 4106 θαυμάζοντες,
1569 4038 1704 4106 μετὰ
1756 4036 2040 4103 ἀσελγείας
2102 4035 2231 4087 θαυ-

681 4122 929 4191 μάζουσι.
971 4119 1061 4189 Μὴ
1091 4119 1268 4171 τοίνυν
1317 4118 1471 4170 τοῦτο
1515 4118 1793 4187 ἀσκῶμεν,
1844 4118 1957 4170 ἀλλ’
2015 4120 2223 4171 έκεῖνο·

676 4203 883 4255 ἐκείνου
912 4201 1182 4269 ἐχώμεθα,
1206 4203 1291 4253 ἵνα
1320 4201 1455 4267 μετά
1487 4199 1781 4268 λαμπάδων
1802 4200 2040 4270 φαιδρῶν
2063 4200 2227 4253 ἀπέλ-

678 4286 858 4353 θωμεν
882 4286 959 4345 είς
988 4283 1079 4335 τὸν
1096 4283 1373 4352 νυμφῶνα.
1398 4282 1471 4333 Οὐ
1498 4282 1604 4351 γὰρ
1630 4285 1753 4344 ταῖς
1767 4282 2055 4351 παρθένοις
2074 4282 2228 4335 τοῦτο

676 4368 1005 4436 ἐπήγγελται
1037 4368 1212 4434 μόνον,
1246 4365 1379 4418 ἀλλά
1407 4368 1524 4428 ταῖς
1542 4366 1741 4435 ψυχαῖς
1762 4367 1878 4428 ταῖς
1906 4366 2193 4436 παρθένοις
2213 4380 2228 4396 ⁸

679 4452 819 4513 ἐπεὶ,
852 4452 901 4501 εἰ
940 4449 1221 4520 παρθένων
1254 4445 1320 4518 ἦν
1353 4449 1538 4512 ἁπλῶς
1566 4449 1744 4513 τοῦτο,
1776 4450 1873 4501 οὐκ
1894 4448 1960 4502 ἂν
1988 4451 2043 4502 αί
2068 4449 2231 4501 πέντε

679 4531 1136 4599 ἀπεκλείσθησαν.
1176 4532 1373 4583 Πασῶν
1418 4533 1594 4583 τοίνυν
1621 4531 1738 4583 ἐστὶ
1768 4532 1927 4584 τοῦτο
1962 4532 2082 4585 ὅσαι
2133 4532 2231 4601 τὴν

680 4614 851 4681 ψυχήν
880 4614 981 4663 είσι
1018 4614 1298 4682 παρθένοι,
1324 4615 1442 4668 ὅσαι
1470 4614 1577 4667 τῶν
1604 4614 1887 4684 νοημάτων
1910 4616 2015 4667 τῶν
2052 4614 2231 4683 βιωτι-

679 4695 788 4748 κῶν
813 4697 943 4748 εἰσιν
967 4698 1385 4767 ἀπηλλαγμέναι
1407 4716 1419 4729 ·
1456 4700 1735 4768 φθείρουσι
1766 4698 1874 4768 γάρ
1928 4700 2023 4762 τὰς
2053 4699 2229 4767 ψυχάς

1336 382 1396 439 S.
1437 376 1718 439 JOAhNIS
1755 375 1941 435 0111ὶῖ
1950 372 2227 433 5081³ῡωῖ

2334 370 2605 431 RCHIEP.
2651 366 3195 428 CONSTANTINOP.

3788 370 3900 425 20?.

2326 493 2495 568 [269]
2555 495 2627 549 τά
2685 497 2930 566 νοήματα
2970 493 3161 547 ταῦτα.
3222 490 3348 546 Ἐάν
3395 490 3575 546 τοίνυν
3642 491 3901 562 ἀκέραιοι

2328 580 2579 650 μένωμεν
2601 619 2617 644 ,
2648 578 3061 648 ἀπελευσόμεθα
3102 579 3221 631 ἐκεῖ
3252 576 3347 630 καὶ
3373 573 3783 645 δεχθησόμεθα.

2406 660 2783 732 Ἠρμοσάμην
2809 661 2915 730 γὰρ
2945 659 3122 728 ὑμᾶς,
3146 659 3332 729 φησιν,
3357 658 3445 711 ἐνί
3467 656 3666 725 ἀνδρὶ,
3683 654 3903 724 παρθέ-

2324 760 2435 798 νον
2456 742 2651 812 ἁγνὴν
2662 740 3046 810 παραστῆσαι
3062 739 3139 805 τῷ
3155 738 3403 807 Χριστῷ.
3458 738 3646 792 Ταῦτα
3669 738 3735 791 οὐ
3764 738 3903 806 πρὸς

2323 825 2423 889 τὰς
2440 825 2742 896 παρθένους
2759 821 2934 884 εἶπεν,
2963 823 3097 877 ἀλλά
3127 823 3266 894 πρὸς
3285 823 3346 876 τὺ
3366 821 3643 892 πλήρωμα
3682 820 3786 888 τῆς
3805 822 3900 872 ἐκ-

2325 908 2547 976 κλησίας
2559 909 2796 978 ἀπάσης.
2815 907 2879 960 Ἦ
2892 906 3003 976 γάρ
3019 906 3255 976 άφθορος
3274 904 3451 975 ψυχὴν
3464 903 3740 974 παρθένος
3754 903 3898 965 ἐστὶ,

2324 993 2431 1046 κᾶν
2451 992 2619 1062 ἄνδρα
2638 990 2738 1062 Im
2766 1006 2781 1020 '
2805 991 3070 1061 παρθένος
3096 991 3213 1043 ἐστὶ
3227 989 3325 1060 τὴν
3354 988 3523 1052 ὄντως
3565 985 3898 1059 παρθενίαν,

2324 1076 2421 1146 τὴν
2472 1075 2793 1146 θαυμαστήν
2824 1089 2838 1105 ⁸
2863 1073 3001 1146 αῦτη
3048 1072 3211 1143 γάρὴ
3237 1070 3333 1124 τοῦ
3382 1070 3636 1141 σώματος
3679 1068 3903 1139 ἐκείνης

2327 1158 2474 1211 ἐστὶν
2514 1157 2935 1228 ἐπακολούθημα
2987 1156 3080 1210 καὶ
3107 1156 3256 1220 σκιά,
3278 1157 3313 1227 ἡ
3337 1156 3395 1209 δέ
3423 1153 3630 1225 ἀληθὴς
3688 1152 3903 1222 παρθε-

2325 1238 2413 1292 νία
2442 1239 2624 1310 ἐκείνη
2678 1240 2817 1293 ἐστί.
2866 1238 3086 1310 Ταύτην
3142 1235 3422 1309 ἀσκῶμεν,
3480 1236 3578 1290 καὶ
3618 1235 3767 1289 οὕτω
3804 1234 3899 1287 δυ-

2324 1319 2601 1391 νησόμεθα
2669 1321 2807 1392 μετά
2862 1321 3088 1392 φαιδροῦ
3149 1318 3442 1391 προσώπου
3492 1319 3584 1373 τὸν
3654 1317 3898 1389 νυμφίον

2329 1404 2455 1458 ίδείν
2483 1443 2498 1469 ,
2554 1405 2693 1475 μετά
2760 1404 2998 1475 φαιδρῶν
3057 1402 3323 1456 είστλθεῖν
3384 1401 3492 1455 τῶν
3547 1401 3896 1472 λαμπάδων,

2325 1487 2420 1540 ὲάν
2454 1486 2515 1540 τδ
2568 1486 2745 1540 ἐλαιον
2800 1488 2947 1557 ἡμᾶς
3008 1486 3084 1557 μὴ
3132 1486 3382 1556 ἐπιλίπῃ,
3413 1484 3509 1538 ἐὰν
3572 1484 3643 1537 τὰ
3690 1484 3900 1555 χρυσία

2326 1568 2667 1638 χωνεύσασαι
2724 1569 2904 1622 ἔλαιον
2962 1567 3329 1639 ἐργασώμεθα
3384 1566 3649 1631 τοιοῦτον,
3679 1566 3708 1620 δ
3748 1568 3900 1620 ποιεί

2328 1651 2557 1721 φαιδράς
2597 1651 2694 1715 τὰς
2748 1650 3033 1721 λαμπάδας
3074 1666 3086 1679 ·
3118 1648 3181 1702 τὸ
3207 1648 3465 1704 δείλαιον
3518 1648 3698 1701 ἐκεῖνό
3744 1650 3902 1701 ἐστιν

2327 1734 2360 1803 ἡ
2389 1732 2787 1804 φιλανθρωπία.
2804 1732 2930 1787 Ὲάν
2954 1732 3163 1803 ἑτέροις
3194 1731 3515 1803 μεταδῶμεν
3535 1731 3602 1785 τά
3625 1730 3782 1794 ὄντα,
3799 1730 3901 1783 ἐὰν

2324 1814 2503 1869 ἐλαιον
2525 1816 2666 1869 αὐτά
2701 1815 3085 1887 ἐργασώμεθά,
3120 1814 3244 1867 τότε
3273 1814 3434 1884 ἡμῶν
3489 1814 3896 1884 προστήσεται,

2325 1899 2527 1953 καὶούκ
2541 1899 2771 1970 ἐροῦμεν
2790 1902 2850 1953 ἐν
2866 1899 3061 1969 ἐκείνῳ
3071 1896 3150 1967 τῷ
3161 1896 3355 1969 καιρῷ,
3375 1896 3517 1951 Δότε
3527 1895 3901 1965 miramur

2325 1982 2414 2035 ὅτι
2456 1984 2818 2037 σϐέννυνται
2856 1982 3101 2052 ἠμῶναί
3137 1978 3469 2048 λαμπάδες,
3506 1979 3629 2033 οὐδέ
3683 1978 3900 2049 ἐτέρων

2323 2064 2721 2135 δεηθησόμεθα,
2748 2064 2869 2119 οὐδέ
2897 2061 3231 2117 ἀπελθοῦσαι
3256 2062 3393 2132 πρὸς
3405 2062 3533 2125 τοὺς
3548 2059 3895 2125 πωλοῦντας,

2325 2146 2873 2218 άποκλεισθησόμεθα
2902 2185 2918 2211 ,
2969 2145 3090 2199 ούδέ
3130 2144 3481 2214 ἀκουσόμεθα
3536 2144 3635 2215 τῆς
3701 2144 3902 2213 φωνῆς

2326 2230 2539 2301 ἐκείνης
2555 2229 2654 2300 τῆς
2670 2229 2799 2297 φοσε
2806 2230 2905 2299 ρᾶς
2933 2228 3025 2282 καὶ
3041 2226 3295 2299 φρικτῆς,
3328 2226 3619 2297 κρούουσαι
3678 2228 3783 2289 τὰς
3796 2226 3903 2280 θύ-

2330 2330 2426 2383 ρας
2444 2330 2457 2344 '
2489 2314 2611 2366 Οὐκ
2628 2309 2759 2367 οῖδα
2777 2310 2931 2381 ὑμᾶς
2949 2328 2963 2342 ⁶
2990 2311 3105 2364 ἀλλ’
3136 2310 3502 2379 ἐπιγνώσεται
3556 2310 3725 2379 ἡμᾶς,
3800 2310 3904 2363 καὶ

2329 2394 2843 2465 συνεισελευσόμεθα
2864 2392 2942 2465 τῷ
2958 2392 3197 2464 νυμφίῳ,
3225 2392 3321 2446 καὶ
3338 2392 3672 2455 είσελθόντες
3701 2393 3785 2455 είς
3804 2392 3902 2446 τὸν

2328 2477 2594 2545 νυμφῶνα
2609 2477 2701 2529 τὸν
2731 2476 3122 2545 πνευματικὸν,
3157 2474 3368 2547 μυρίων
3387 2473 3770 2544 ἀπολαύσομεν
3785 2474 3905 2528 τῶν

2327 2557 2567 2626 ἀγαθῶν.
2598 2559 2660 2611 Et
2685 2558 2795 2629 γάρ
2852 2556 3088 2611 ἐνταῦθα
3132 2556 3276 2610 οὓτω
3336 2557 3558 2628 φαιδρὸς
3581 2558 3609 2610 6
3637 2556 3899 2626 νυμφὼν,

2328 2640 2470 2695 οὕτω
2499 2640 2748 2712 λαμπραὶ
2775 2641 2833 2693 αί
2868 2639 3157 2707 παστάδες,
3183 2639 3259 2704 ὡς
3286 2639 3495 2711 μηδένα
3532 2638 3902 2711 κορέννυσθαι

2331 2722 2699 2794 προσέχονταο
2734 2722 2885 2792 πόσῳ
2937 2721 3137 2792 μᾶλλον
3170 2723 3321 2788 hcet;
3377 2722 3627 2792 Θάλαμός
3683 2723 3837 2775 ἐστιν
3872 2724 3904 2776 6

2331 2805 2581 2875 οὐρανὸς,
2606 2803 2701 2857 καὶ
2746 2804 2840 2857 τοῦ
2894 2802 3124 2873 ιὺρανοῦ
3147 2805 3175 2857 6
3194 2802 3424 2873 νυμφὼν
3484 2804 3707 2873 βελτίων
3732 2820 3747 2833 ·
3778 2805 3905 2857 ἐκεῖ

2331 2886 2707 2956 είσελευσόμεθ
2739 2927 2765 2938 ..
2790 2885 2853 2938 Εί
2881 2886 2937 2938 δέ
2960 2887 2988 2938 6
3013 2883 3240 2956 νυμφὼν
3268 2886 3411 2939 οὕτω
3443 2887 3603 2948 καλὸς
3622 2926 3638 2951 ,
3670 2886 3757 2949 τίς
3785 2888 3901 2956 ἀρα

2331 2968 2482 3022 ἔσται
2506 2970 2535 3022 ὁ
2555 2969 2784 3039 νυμφίος
2815 2983 2829 3032 ;
2861 2968 2972 3022 Καὶ
2998 2967 3051 3020 τί
3081 2968 3224 3035 λέγω
3249 2970 3318 3021 τά
3336 2968 3535 3038 χρυσία
3552 2968 3904 3038 ἀποθέμεναι

2334 3050 2653 3121 μεταδῶμεν
2682 3053 2792 3115 τοῖς
2814 3050 3118 3120 δεομένοις;
3149 3052 3197 3103 εί
3222 3050 3331 3121 γάρ
3350 3052 3443 3105 καὶ
3464 3050 3665 3115 ἐαυτάς
3688 3053 3902 3105 πιιιλείν

2333 3133 2520 3205 ἐχρῆν,
2552 3136 2601 3186 εί
2624 3136 2731 3205 γὰρ
2754 3134 2867 3187 ἀντ’
2893 3133 3193 3203 ἐλευθέρων
3221 3134 3473 3201 γενέσθαι
3499 3135 3713 3200 δούλας,
3750 3136 3901 3191 ὥστε

2333 3216 2629 3287 δυνηθῆναι
2646 3216 2984 3286 μετ’ὲκείνου
3012 3212 3253 3269 εἷναιτοῦ
3278 3217 3531 3285 νυμφίου,
3547 3216 3641 3271 τοῦ
3660 3219 3900 3283 κάλλους

2329 3298 2622 3352 ἀπολαύειν
2655 3299 2883 3363 ἐκείνου,
2905 3297 3064 3367 μόνον
3080 3300 3211 3368 όρᾷν
3240 3298 3319 3360 είς
3347 3299 3407 3351 τὸ
3434 3300 3723 3368 πρόσωπον
3741 3302 3898 3354 ἐκεί-

2329 3398 2458 3433 νου·
2492 3382 2592 3433 ούκ
2636 3382 2805 3451 ἐχρῆν
2840 3380 2978 3450 μετά
3024 3380 3335 3451 προθυμίας
3387 3380 3603 3434 ἅπαντα
3655 3384 3897 3437 καταδέ-

2330 3462 2527 3530 ξασθαι
2562 3479 2576 3529 ;
2607 3464 2716 3515 Καὶ
2741 3462 2965 3532 βασιλέα
2998 3462 3096 3533 μὲν
3111 3463 3203 3516 τὸν
3221 3463 3313 3515 ἐπὶ
3332 3460 3434 3532 γῆς
3458 3463 3546 3516 ἴνα
3580 3464 3747 3533 μόνον
3775 3468 3903 3519 ίδω-

2331 3563 2451 3616 μεν,
2486 3545 2745 3608 πολλάκις
2780 3545 2920 3615 ὑπὲρ
2943 3544 3035 3597 τοῦ
3070 3545 3199 3597 ἰδεῖν
3231 3545 3392 3598 αὐτὸν
3421 3547 3511 3600 καὶ
3543 3547 3613 3600 τά
3651 3548 3710 3601 ἐν
3734 3553 3903 3621 χερσὶ

2330 3628 2614 3697 ρίπτομεν,
2643 3630 2737 3680 καὶ
2765 3628 3041 3695 ἀναγκαῖα
3088 3628 3218 3681 ὄντα
3251 3643 3265 3658 ο
3297 3628 3436 3698 ὑπὲρ
3455 3628 3513 3681 δὲ
3535 3628 3630 3681 τοῦ
3661 3630 3901 3701 βασιλέα

2329 3710 2423 3762 καὶ
2450 3709 2680 3779 νυμφίον
2708 3711 2764 3761 ἐν
2784 3711 3033 3776 οὐρανοῖς
3060 3710 3343 3781 ἀμφότερα
3363 3711 3511 3774 ὄντα,
3537 3712 3679 3765 ὥστε
3703 3714 3781 3785 μὴ
3802 3717 3901 3784 μό-

2330 3808 2419 3845 νον
2446 3791 2850 3861 καταξιωθῆναι
2874 3793 3021 3855 ίδεῖν,
3041 3793 3176 3845 άλλά
3202 3794 3297 3846 καὶ
3331 3794 3694 3863 προηγεῖσθαι
3725 3798 3900 3851 αὑτοῦ

2331 3875 2470 3946 μετά
2499 3874 2813 3944 λαμπάδων,
2844 3875 2937 3927 καὶ
2960 3878 3126 3943 ἐγγὺς
3158 3875 3324 3928 αὑτοῦ
3354 3872 3515 3941 εἶναι,
3551 3877 3646 3930 καὶ
3664 3877 3904 3933 διαπαν-

2328 3958 2419 4020 τὸς
2450 3956 2599 4028 [270]
2632 3952 2770 4009 εἶναι
2801 3958 2919 4025 μετ’
2941 3956 3129 4021 αὑτοῦ,
3161 3958 3214 4009 τί
3243 3958 3343 4011 οὐκ
3382 3957 3490 4011 ἔδει
3524 3962 3731 4022 ποιεῖν;
3760 3961 3903 4014 τίδὲ

2327 4040 2388 4094 οὐ
2423 4040 2715 4110 πράττειν;
2752 4039 2805 4091 τί
2830 4039 2885 4091 δέ
2907 4040 3004 4109 οὐχ
3030 4040 3358 4110 ύπομένειν;
3399 4042 3511 4105 Διὸ,
3564 4044 3901 4113 παρακαλῶ,

2329 4124 2582 4193 λάϐωμέν
2614 4137 2735 4176 τινα
2778 4122 2941 4174 πόθον
2965 4124 3191 4177 ἐκείνων
3222 4123 3330 4177 τῶν
3352 4125 3592 4191 ἀγαθῶν,
3633 4127 3905 4197 ποθήσωο

2337 4223 2434 4275 μεν
2458 4208 2659 4258 ἐκεῖνον
2690 4206 2781 4258 τὸν
2809 4206 3059 4274 νυμφίον,
3092 4199 3241 4275 ὦμεν
3264 4205 3521 4276 παρθένοι
3562 4208 3663 4277 τὴν
3719 4210 3906 4281 άληθῆ

2335 4288 2629 4357 παρθενίαν
2664 4302 2678 4315 ·
2710 4288 2809 4355 τὴν
2837 4287 2945 4356 γάρ
2976 4290 3073 4357 τῆς
3099 4288 3279 4358 ψυχῆς
3324 4288 3619 4357 παρθενίαν
3644 4291 3908 4362 ἐπιζητεί

2334 4372 2361 4423 ὁ
2390 4371 2687 4437 Δεσπότης.
2724 4370 2879 4422 Μετὰ
2901 4370 3102 4438 ταύτης
3138 4370 3468 4440 εἰσέλθωμεν
3500 4372 3582 4433 είς
3610 4373 3702 4424 τὸν
3730 4376 3903 4444 ούρα-

2332 4453 2442 4518 νὸν,
2479 4453 2554 4522 μὴ
2586 4453 2797 4521 ἔχοντες
2822 4452 3082 4522 σπῖλον,ἢ
3117 4453 3322 4521 ῥυτίδα,
3342 4454 3375 4522 η
3401 4471 3451 4505 τι
3472 4454 3583 4506 τῶν
3615 4457 3904 4523 τοιούτων,

2335 4536 2419 4588 ἵνα
2456 4536 2545 4587 καὶ
2579 4535 2686 4587 τῶν
2722 4534 3148 4603 ἐπηγγελμένων
3179 4536 3308 4604 ἡμῖν
3348 4536 3568 4602 ἀγαθῶν
3622 4539 3907 4609 ἐπιτύχω-

2338 4636 2434 4687 μεν
2456 4635 2469 4648 ⁸
2495 4611 2568 4670 ὧν
2594 4617 2802 4685 γένοιτο
2836 4618 3040 4679 πάντας
3069 4620 3218 4687 ἡμᾶς
3246 4622 3552 4688 μετασχεῖν,
3588 4620 3776 4691 χάριτι
3811 4624 3909 4677 καὶ

2333 4700 2729 4770 φιλανθρωπίᾳ.
