4062 6426
198 326 298 383 ‘20!

208 442 369 492 etiam
392 453 451 495 es
469 439 516 496 ei
539 440 785 507 molesta,
800 449 857 496 ut
876 455 995 513 qua:
1018 442 1068 498 ei
1089 441 1157 498 de
1177 452 1227 497 te
1244 442 1380 497 hanc
1398 458 1652 515 suggeras
1674 447 1793 517 upi-

203 531 446 598 nioncnt,
459 531 598 596 quod
617 532 846 588 tenearis
862 545 1047 589 amore
1062 542 1497 591 ornamentorum
1514 544 1570 593 et
1582 537 1790 596 mundi.

206 624 430 681 Etiamsi
446 625 587 682 enim
608 609 872 680 reveritus
888 623 1128 689 maritus,
1145 631 1197 675 ut
1211 620 1299 692 qui
1313 623 1378 674 sit
1396 620 1666 676 modestus
1679 634 1783 672 nun

199 715 368 783 dicat,
382 716 522 772 intus
536 724 713 771 tamen
732 712 870 785 apud
896 728 958 770 se
980 722 1032 769 te
1048 712 1405 777 condemnat;
1426 708 1683 765 invidiam
1700 723 1787 763 au-

202 817 312 862 tem
329 822 434 863 non
454 807 793 878 comprimet.
808 807 1000 862 Annon
1023 805 1133 877 jam
1150 819 1365 861 omnem
1386 804 1626 875 expelles
1646 801 1789 857 volu-

202 909 428 969 ptatem,
452 908 511 953 ιιι
538 914 657 970 qua:
682 897 940 981 adversus
993 898 1218 967 tcipsum
1248 895 1451 951 excites
1492 894 1787 949 invidiam?

938 332 1003 391 IN
1041 333 1256 393 EPIST.
1291 337 1377 393 AD
1417 335 1769 396 llEBlizEOS.
1812 340 1963 398 CAP.
1999 342 2113 399 Xll.
2157 345 2385 402 liOMlL.
2424 345 2651 403 XXVII].

3355 346 3471 405 202

1886 453 2079 509 nibus:
2111 464 2461 524 corrumpunt
2481 454 2625 509 enim
2653 453 2860 508 animas
2893 450 2976 507 lue
2999 451 3370 522 cogitationes.
3406 438 3461 507 Si

1878 560 2008 616 ergo
2028 560 2340 601 maneamus
2361 546 2551 616 integri
2573 553 2628 605 et
2652 542 2871 611 sinceri,
2893 542 3017 598 illuc
3035 542 3250 609 ibimus,
3277 550 3331 598 et
3358 542 3464 599 illic

1875 636 2222 706 excipientur.

1956 724 2227 795 Virgim'tas
2268 738 2382 778 vera
2416 736 2547 793 qua.
2568 749 2640 761 -—
2663 716 2932 789 Despondi.
2949 714 3082 771 enim
3108 729 3227 779 vos,
3258 714 3451 783 inquit,

1873 816 1961 870 uni
1989 815 2114 882 uiro,
2142 814 2396 886 uirginem
2417 820 2607 867 castam
2634 810 2867 866 exhibere
2893 799 3095 862 Christo
3120 803 3198 876 (2.
3220 803 3453 859 Cor-.11.

1872 906 1953 975 2).
2001 904 2127 961 “me
2151 920 2256 959 nou
2283 903 2499 959 dicebat
2530 898 2848 971 virginibus,
2877 896 2973 953 sed
2998 895 3161 951 σαιιυί
3190 892 3455 950 universa

275 988 329 1045 7.
350 988 517 1061 ﬁgre
536 989 764 1045 fortasse
783 988 978 1043 auditis
992 1002 1116 1058 quae
1133 986 1405 1053 dicuntur,
1424 995 1481 1042 et
1501 998 1784 1041 succense-

1871 995 2134 1052 Ecclesiae.
2187 994 2321 1050 Nam
2370 993 2522 1064 cujus
2561 1000 2643 1047 est
2686 991 2864 1051 anhna
2893 988 3225 1057 incorrupta,
3269 1000 3334 1040 ea
3372 994 3455 1041 est

203 1079 275 1135 tis
294 1080 538 1135 dicentes
565 1097 579 1134 :
613 1079 720 1135 Iste
745 1079 967 1133 maritos
998 1076 1169 1148 magis
1188 1075 1633 1132 irritatadversus
1652 1088 1790 1131 uxo-

202 1185 317 1227 res.
347 1170 472 1226 limo
495 1169 618 1227 dico
646 1185 757 1226 non
777 1168 994 1227 irritans
1018 1170 1263 1236 maritos,
1290 1168 1384 1224 sed
1421 1168 1543 1224 volo
1571 1182 1601 1221 a
1637 1167 1790 1223 vobis

203 1263 515 1319 lubentibus
542 1261 659 1319 haec
684 1262 950 1334 praestari,
970 1271 1191 1332 propter
1214 1275 1337 1329 vos,
1358 1276 1462 1317 non
1495 1271 1709 1332 propter
1722 1260 1791 1315 il-

204 1352 292 1409 los
312 1370 327 1407 :
349 1368 454 1407 non
482 1360 539 1407 ut
557 1352 677 1407 illos
692 1352 913 1408 liberem
936 1350 1005 1406 ab
1020 1351 1239 1419 invidia,
1262 1351 1357 1407 sed
1381 1360 1439 1407 ut
1457 1365 1551 1407 vos
1567 1351 1793 1407 liberem

202 1457 234 1498 a
256 1444 536 1513 phantasia
559 1457 740 1498 rerum
768 1442 926 1512 hujus
950 1443 1091 1497 vitae.
1111 1441 1205 1497 Vis
1228 1442 1393 1498 videri
1416 1442 1671 1513 pulchra?
1693 1457 1797 1512 ego

204 1545 424 1603 quoque
450 1530 551 1587 hoc
575 1530 719 1599 volo,
749 1531 842 1587 sed
870 1531 1262 1602 pulchritudine
1286 1547 1448 1603 quam
1475 1532 1614 1588 Deus
1641 1547 1795 1602 quae-

206 1624 302 1690 rit,
318 1634 477 1695 quam
499 1623 614 1680 Rex
636 1623 982 1695 concupiscit.
1001 1623 1296 1693 Quemnam
1319 1625 1398 1680 vis
1423 1623 1619 1682 habere
1642 1639 1797 1680 ama-

206 1725 383 1773 torem
405 1757 421 1783 ,
448 1715 617 1771 Deum
644 1730 713 1770 an
740 1713 1027 1771 homines?
1054 1714 1111 1771 Si
1153 1715 1228 1771 sis
1258 1716 1331 1770 ita
1363 1714 1605 1786 pulchra,
1651 1715 1796 1772 Deus

209 1818 359 1863 tuam
404 1806 751 1877 concupiscet
796 1806 1249 1876 pulchritudinem
1299 1823 1313 1860 :
1359 1807 1443 1862 sin
1487 1819 1665 1864 autem
1695 1808 1797 1864 hoc

207 1900 414 1968 absque
462 1897 587 1964 illo,
624 1897 714 1952 ille
738 1895 956 1967 quidem
980 1905 1032 1953 te
1058 1896 1406 1963 abhorrebit,
1433 1907 1593 1953 erunt
1616 1907 1795 1955 autem

211 1991 291 2045 tui
313 1998 581 2043 amatores
611 1988 709 2041 viri
733 1987 945 2043 scelesti
977 2004 993 2040 :
1017 1987 1192 2043 nullus
1216 1988 1359 2043 enim
1381 1999 1463 2043 cst
1490 1988 1681 2055 bonus,
1705 1984 1795 2060 qui

210 2089 357 2136 amet
384 2078 660 2134 mulierem
682 2078 922 2148 junctam
949 2079 1308 2134 matrimonio.
1352 2079 1466 2135 Hoc
1499 2081 1660 2137 etiam
1700 2098 1795 2139 co-

208 2172 321 2241 gita
361 2170 413 2224 in
456 2167 656 2225 mundo
696 2176 943 2224 externo.
988 2167 1121 2223 Nam
1152 2169 1242 2225 ille
1278 2168 1495 2238 quidem
1525 2170 1794 2240 mundus,

212 2259 467 2326 mundus,
498 2258 736 2330 inquam,
763 2248 978 2324 animae,
1013 2258 1181 2315 Deum
1214 2258 1469 2326 attrahit;
1507 2260 1592 2315 hic
1619 2273 1798 2317 autem

208 2362 399 2411 contra
442 2352 586 2407 viros
645 2352 958 2407 sceleratos.
1006 2350 1171 2408 Vides
1212 2351 1355 2423 quod
1402 2352 1567 2408 vestri
1615 2368 1796 2409 curam

209 2458 365 2515 gero,
395 2441 538 2514 quod
564 2442 632 2497 de
652 2441 805 2497 vobis
832 2457 948 2498 sum
977 2442 1271 2510 sollicitus,
1304 2453 1363 2499 ut
1386 2443 1505 2500 sitis
1527 2446 1787 2516 pulchrm,

212 2534 351 2594 vere
375 2537 611 2604 pulchrae
631 2544 685 2592 et
710 2537 956 2606 gloriosae
989 2553 1004 2592 :
1035 2546 1094 2591 ut
1124 2552 1218 2607 pro
1246 2537 1373 2592 viris
1393 2538 1669 2593 sceleratis
1703 2538 1799 2591 lia-

221 2631 394 2686 beatis
439 2638 729 2684 amatorem
784 2628 952 2684 Deum
1011 2628 1249 2682 omnium
1304 2624 1629 2679 Dominum?
1668 2624 1800 2690 Quae

218 2732 399 2776 autem
422 2720 570 2775 illutn
599 2719 760 2776 habet
785 2727 1080 2774 amatorem
1100 2759 1116 2781 ,
1150 2718 1235 2772 cui
1266 2717 1369 2772 erit
1395 2715 1623 2771 similis?
1665 2715 1799 2768 eho-

218 2826 314 2867 rus
340 2812 500 2866 ducet
529 2824 648 2864 cum
670 2808 898 2879 angelis.
943 2806 1077 2861 Nam
1124 2807 1167 2861 si
1210 2822 1329 2877 quae
1357 2819 1386 2859 a
1420 2819 1545 2875 rege
1568 2813 1796 2871 amatur,

218 2915 383 2970 supra
409 2915 598 2955 omnes
620 2901 775 2956 beata
804 2898 1055 2954 ducitur:
1082 2913 1205 2968 quze
1232 2913 1263 2952 a
1294 2897 1406 2953 Deo
1431 2896 1597 2951 multo
1614 2910 1798 2951 amore

216 2991 476 3062 diligitur,
510 2991 835 3063 quanta_erit
860 2990 979 3060 ejus
1004 2989 1283 3059 dignitas?
1330 2986 1553 3042 Etiamsi
1596 2986 1797 3043 dixeris

215 3080 405 3136 orbem
449 3089 645 3145 terrae,
696 3079 828 3135 nihil
859 3080 964 3135 erit
990 3079 1207 3149 dignum
1250 3077 1339 3132 illa
1384 3075 1795 3147 pulchritudine.

218 3170 372 3225 lianc
395 3184 523 3240 ergo
545 3170 785 3225 colamus
816 3168 1283 3239 pulchritudinem,
1307 3167 1409 3222 hoc
1425 3170 1622 3222 mundo
1642 3180 1799 3221 ome-

213 3275 359 3321 tuur.
383 3267 441 3314 ut
466 3258 533 3314 ad
562 3259 725 3314 caries
752 3259 1142 3329 perveniamus,
1172 3257 1225 3312 in
1245 3256 1517 3312 cmnacula
1546 3255 1796 3327 spiritua-

211 3349 308 3417 lia,
332 3350 386 3404 in
405 3347 694 3403 thalamum
720 3348 901 3418 sponsi
925 3348 976 3401 in
994 3360 1149 3417 quem
1169 3345 1344 3401 nullus
1357 3344 1501 3401 cadit
1524 3344 1793 3401 interitus.

211 3437 349 3494 Nam
374 3440 487 3494 iure
505 3439 719 3509 quidem
744 3437 1085 3507 pulchritudo
1102 3437 1168 3492 ab
1184 3436 1432 3492 omnibus
1446 3436 1606 3493 rebus
1619 3450 1792 3506 expu-

207 3540 427 3599 gnatur,
446 3539 500 3584 et
522 3528 736 3599 quando
769 3527 930 3583 etiam
954 3526 1179 3598 pulchre
1208 3526 1498 3593 manserit,
1526 3535 1578 3581 et
1619 3541 1792 3596 neque

210 3621 432 3676 morbus
449 3636 621 3690 neque
648 3620 948 3675 sollicitudo
964 3634 1081 3675 eam
1103 3618 1396 3682 vexaverit,
1411 3616 1553 3687 quod
1578 3617 1790 3687 quidem

213 3711 329 3765 fieri
361 3724 466 3766 non
495 3718 689 3780 potest,
714 3724 819 3764 non
843 3716 1115 3779 permanet
1131 3722 1301 3762 annos
1329 3707 1546 3777 viginti:
1581 3706 1671 3761 illa
1696 3723 1793 3762 an-

211 3813 319 3856 tem
337 3816 549 3872 semper
566 3801 742 3868 floret,
765 3815 979 3870 semper
990 3800 1158 3871 viget:
1178 3814 1281 3854 non
1300 3808 1384 3855 est
1404 3799 1510 3854 illic
1529 3798 1669 3870 quod
1689 3814 1794 3855 me-

209 3904 330 3949 tuas
353 3895 725 3961 mutationem,
747 3907 853 3948 non
875 3893 1084 3948 irruens
1100 3902 1345 3948 senectus
1362 3890 1563 3946 inducit
1580 3906 1787 3962 rugam,

210 4001 320 4041 non
346 3986 598 4057 ingruens
624 3986 844 4041 morbus
874 3984 1149 4040 ﬂaccidam
1170 3982 1354 4050 efficit,
1382 3998 1487 4037 non
1509 3998 1576 4038 ex
1596 3983 1789 4038 anima:

205 4074 523 4145 egritudine
549 4072 791 4145 profecta
819 4088 945 4129 cura
972 4089 1092 4129 eam
1122 4074 1448 4145 corrumpit;
1473 4075 1567 4128 sed
1592 4082 1676 4129 est
1705 4072 1789 4128 his

207 4165 460 4222 omnibus
486 4161 756 4234 superior.
788 4162 914 4218 limo
946 4172 1123 4218 autem
1152 4162 1456 4233 priusquam
1484 4163 1789 4233 apparuerit

205 4256 414 4312 recedit
436 4271 453 4319 ;
475 4264 531 4310 et
556 4269 675 4310 cum
704 4254 1031 4324 apparuerit,
1064 4267 1170 4307 non
1202 4254 1397 4309 multos
1424 4252 1583 4308 habet
1611 4252 1785 4308 admi-

205 4353 439 4400 ratores.
468 4342 603 4399 Nam
634 4343 724 4413 qui
757 4351 886 4398 sunt
917 4342 1143 4398 modesti
1164 4352 1218 4398 et
1249 4351 1627 4413 temperantes,
1676 4359 1783 4399 non

202 4434 571 4499 admirantur;
594 4434 688 4502 qui
710 4441 889 4488 autem
912 4430 1265 4499 admirantur,
1293 4447 1413 4488 cum
1444 4432 1665 4489 libidine
1684 4433 1783 4489 ad-

204 4528 487 4582 mirantur.
521 4526 599 4582 Ne
628 4526 767 4582 hanc
790 4539 921 4597 ergo
940 4525 1201 4589 colamus,
1233 4525 1326 4581 sed
1357 4524 1501 4579 illam
1539 4542 1553 4578 :
1582 4523 1657 4580 illi
1682 4524 1782 4580 ad.

208 4616 547 4682 haereamus,
594 4625 653 4671 ut
693 4630 813 4671 cum
858 4616 1133 4686 praeclaris
1156 4615 1487 4686 lampadibus
1516 4617 1569 4670 in
1599 4616 1782 4686 sponsi

206 4706 500 4762 thalamum
526 4707 822 4762 veniamus.
859 4705 974 4761 Non
999 4707 1142 4762 enim
1170 4706 1461 4777 virginibus
1496 4707 1667 4764 solum
1699 4716 1781 4763 est

208 4796 313 4849 hoc
364 4796 722 4865 promissum,
768 4794 864 4850 sed
891 4795 1172 4851 animabus
1199 4812 1317 4866 qua:
1351 4806 1475 4851 sunt
1501 4796 1733 4868 virgines
1762 4817 1776 4854 :

204 4901 330 4942 nam
354 4887 399 4942 si
421 4886 523 4941 hoc
549 4896 694 4943 esset
719 4887 983 4957 virginum
1008 4896 1233 4954 tantum,
1259 4889 1493 4958 quinque
1516 4903 1621 4944 non
1649 4888 1781 4946 fuis-

204 4986 328 5031 sent
351 4976 600 5031 cxclusze.
645 4975 756 5032 lloc
783 4992 912 5047 ergo
934 4986 1019 5033 est
1043 4978 1279 5034 omnium
1307 4994 1427 5048 quae
1452 4987 1577 5035 sunt
1602 4981 1785 5040 anima

201 5066 460 5138 virgines,
490 5081 610 5137 qua:
638 5077 763 5126 sunt
791 5067 1028 5125 liberatae
1054 5069 1122 5125 ab
1149 5067 1309 5139 hujus
1334 5069 1453 5126 vitte
1498 5069 1778 5139 cogitatio-

1873 1088 2044 1159 virgo,
2070 1087 2170 1144 etsi
2197 1085 2359 1141 habet
2400 1083 2682 1148 maritum;
2715 1081 2887 1152 virgo,
2910 1080 3149 1150 inquam,
3178 1091 3300 1132 cum
3329 1091 3455 1131 vera

1875 1176 2264 1248 virginitate,et
2278 1173 2589 1230 admiranda
2610 1190 2624 1228 :
2646 1189 2769 1229 nam
2790 1171 3032 1241 corporis
3056 1169 3269 1240 quidem
3297 1168 3457 1238 virgi-

1875 1267 2014 1323 nitas
2032 1273 2117 1323 est
2141 1268 2283 1324 illius
2300 1278 2483 1320 comes
2506 1271 2562 1319 et
2585 1262 2772 1320 umbra
2795 1277 2810 1327 ;
2839 1275 2962 1316 vera
2979 1269 3158 1314 autem
3178 1257 3456 1328 virginitas

1872 1365 1955 1412 est
1972 1356 2082 1413 illa.
2103 1356 2251 1411 lianc
2270 1355 2529 1420 colamus,
2560 1361 2615 1409 et
2642 1352 2712 1407 ita
2738 1351 3029 1422 poterimus
3058 1350 3181 1405 laeto
3202 1347 3351 1403 vultu
3372 1347 3457 1403 vi-

1872 1446 2004 1503 dere
2026 1460 2305 1517 sponsum,
2323 1453 2379 1501 et
2405 1459 2525 1499 cum
2553 1441 2956 1513 splendentibus
2983 1438 3188 1510 ingredi
3207 1437 3459 1508 lampadi-

1872 1538 1993 1603 bus,
2007 1538 2053 1593 si
2080 1536 2260 1592 oleum
2284 1535 2438 1591 nobis
2467 1548 2573 1589 non
2598 1532 2833 1598 deficiat,
2857 1531 2901 1587 si
2922 1531 3099 1586 aureis
3126 1528 3458 1585 ornamentis

1872 1627 2004 1684 fusis
2023 1636 2077 1682 et
2104 1625 2352 1682 conﬂatis
2372 1622 2634 1696 ejusmodi
2663 1622 2842 1677 oleum
2875 1619 3289 1685 confecerimus,
3304 1619 3475 1689 quod.

1872 1715 2217 1788 splendentes
2245 1713 2420 1770 reddit
2448 1712 2723 1781 lampades
2752 1729 2766 1765 :
2791 1710 2930 1767 illud.
2958 1720 3149 1765 autem.
3168 1708 3345 1768 einum
3373 1718 3471 1767 est.

1871 1808 2064 1861 caritas
2105 1806 2161 1861 in
2205 1804 2469 1860 homines.
2518 1802 2575 1857 Si
2622 1801 2742 1856 aliis
2785 1808 2997 1856 nostras
3040 1798 3471 1869 impertierimus,

1872 1895 2177 1963 facultates,
2198 1893 2245 1948 si
2285 1894 2462 1948 oleum
2490 1907 2583 1948 eas
2612 1890 2935 1958 fecerimus,
2980 1898 3107 1944 tunc
3145 1902 3243 1945 nos
3274 1896 3457 1959 prote-

1871 1996 1961 2058 get
2005 1995 2061 2044 et
2101 1984 2383 2053 defendet,
2439 1993 2495 2041 et
2532 1998 2638 2040 non
2667 1983 2911 2040 dicemus
2944 1983 3001 2038 in
3046 1982 3141 2038 illo
3166 1990 3408 2053 tempore
3440 1998 3456 2036 :

1871 2075 2006 2131 Date
2052 2076 2196 2131 nobis
2239 2076 2407 2131 oleum
2426 2115 2443 2143 ,
2493 2075 2738 2145 quoniam
2766 2072 3028 2144 (antpades
3059 2081 3248 2127 nostra
3269 2071 3459 2126 castiu-

1871 2178 2096 2241 guuntur
2125 2167 2341 2238 (Matth.
2370 2166 2461 2223 25.
2495 2166 2574 2237 8),
2603 2181 2778 2236 neque
2806 2165 2929 2220 aliis
2953 2164 3252 2235 egebimus,
3283 2178 3459 2233 neque

1870 2269 2061 2315 euntes
2089 2257 2157 2313 ad
2190 2270 2287 2313 eos
2311 2258 2404 2328 qui
2428 2257 2705 2321 vendunt,
2738 2255 3088 2312 excludctnur
3110 2296 3126 2323 ,
3154 2271 3329 2327 neque
3357 2271 3456 2312 au-

1870 2349 2079 2405 diemus
2102 2362 2289 2404 vocem
2319 2347 2461 2402 illam
2490 2345 2785 2402 terribilem
2834 2354 2890 2401 et
2932 2344 3288 2411 horrendam,
3337 2347 3457 2416 pul-

1870 2449 2052 2497 santes
2076 2440 2294 2505 ostium,
2319 2438 2508 2495 Nescio
2536 2453 2621 2493 vos
2637 2455 2657 2503 ;
2682 2436 2779 2494 sed
2808 2452 2908 2494 nos
2934 2448 3224 2509 agnoscet,
3256 2449 3470 2499 etcum

1869 2544 2070 2599 sponso
2100 2528 2455 2595 intrabimus,
2487 2536 2541 2584 et
2568 2528 2619 2582 in
2644 2526 2977 2597 spiritualem
3016 2528 3199 2598 sponsi
3227 2529 3457 2600 ingressi

1872 2620 2158 2675 thalamum
2184 2661 2198 2685 ,
2222 2617 2462 2675 fruemur
2490 2619 2646 2675 bouis
2668 2620 3168 2676 innumerabilibus.
3214 2620 3271 2678 Si
3310 2625 3467 2683 enim.

1871 2712 1957 2767 hic
1980 2712 2114 2768 adeo
2137 2712 2353 2782 elegans
2380 2721 2466 2767 est
2483 2713 2663 2782 sponsi
2687 2711 2973 2777 thalamus,
3005 2713 3143 2769 adeo
3168 2715 3451 2785 splendida

1869 2804 2165 2869 clunacula,
2191 2811 2253 2859 ut
2281 2817 2442 2859 nemo
2461 2803 2748 2859 attendens
2770 2803 2999 2859 satietur
3017 2845 3034 2871 ,
3056 2815 3256 2877 quanto
3284 2809 3459 2878 magis

1870 2897 2011 2952 illic?
2039 2896 2330 2953 Thalamus
2357 2905 2440 2952 est
2483 2896 2672 2951 caelum
2691 2936 2708 2962 ,
2744 2905 2800 2951 et
2823 2896 3006 2966 sponsi
3032 2897 3296 2958 thalamus
3322 2901 3454 2956 cazlo

1871 2985 2060 3041 melior
2090 3004 2105 3040 :
2132 2985 2258 3041 illuc
2284 2985 2668 3056 ingrediemur.
2695 2984 2752 3041 Si
2771 2993 2949 3040 autem
2978 2986 3161 3057 sponsi
3191 2987 3455 3045 thalamus

1868 3085 1951 3133 est
1977 3077 2113 3131 adeo
2141 3075 2380 3146 pulcher,
2410 3076 2532 3146 quis
2566 3076 2671 3131 erit
2721 3090 2855 3146 ergo
2894 3075 3011 3145 ipse
3055 3079 3337 3147 sponsus?
3387 3079 3455 3134 fit

1871 3168 1999 3239 quid
2022 3167 2144 3223 dico
2181 3176 2242 3221 ut
2269 3166 2531 3237 depositis
2573 3168 2751 3223 aureis
2780 3168 3133 3233 ornamentis,
3159 3184 3223 3225 ea
3249 3170 3452 3242 imper-

1872 3260 2065 3314 tiamus
2109 3256 2424 3329 egentibus?
2461 3272 2585 3313 nam
2635 3258 2682 3312 si
2724 3265 2999 3326 oporteret
3040 3260 3124 3315 vel
3164 3275 3261 3318 vos
3309 3263 3454 3333 ipsas

1870 3347 2236 3413 venumdare,
2287 3348 2333 3404 si
2370 3364 2466 3419 pro
2501 3349 2683 3404 liberis
2708 3347 2823 3404 fieri
2851 3350 3106 3418 ancillas,
3138 3362 3196 3407 ιιι
3221 3357 3453 3424 possetis

1868 3451 1991 3494 cum
2035 3438 2126 3493 illo
2159 3452 2281 3494 esse
2312 3452 2535 3507 sponso,
2574 3438 2661 3494 illa
2688 3437 2791 3494 frui
2817 3440 3219 3511 pulchritudine
3238 3486 3254 3512 ,
3282 3454 3344 3506 et
3362 3463 3453 3503 so-

1868 3526 1977 3583 lum
2011 3527 2160 3584 illum
2186 3530 2387 3585 vultum
2416 3530 2611 3587 intueri
2639 3549 2654 3587 :
2683 3547 2864 3588 annon
2893 3541 3170 3605 oporteret
3197 3547 3323 3593 cum
3348 3548 3458 3591 om-

1867 3619 1925 3674 ni
1963 3619 2244 3678 alacritate
2268 3622 2435 3679 animi
2464 3624 2649 3680 omnia
2673 3624 2992 3697 suscipere?
3018 3626 3220 3697 Regem
3251 3627 3342 3697 qui
3376 3637 3469 3689 est.

1869 3708 1922 3764 in
1952 3716 2095 3764 terra
2115 3719 2174 3769 ιιι
2200 3708 2499 3781 videamus,
2522 3729 2667 3785 sape
2689 3731 2813 3786 qua:
2835 3725 2962 3772 sunt
2984 3718 3035 3771 in
3063 3717 3314 3773 manibus
3355 3719 3459 3775 etsi

1868 3802 2196 3871 necessaria,
2208 3803 2509 3875 abjieimus.
2528 3806 2755 3875 Quando
2772 3817 2951 3863 autem
2975 3807 3171 3863 videris
3184 3816 3239 3863 et
3257 3808 3460 3879 Regem

1865 3900 1920 3945 et
1940 3905 2218 3962 sponsum,
2236 3894 2405 3951 multo
2426 3896 2595 3968 magis
2612 3897 2664 3953 id
2682 3897 2844 3953 alacri
2866 3898 3046 3953 animo
3066 3907 3346 3970 Oportcret
3365 3915 3461 3955 su-

1867 3984 2094 4053 scipere.
2133 3984 2342 4042 Revera
2378 3987 2494 4045 haec
2518 3989 2732 4060 quidem
2760 4000 2888 4047 sunt
2916 3991 3128 4057 umbra,
3160 3991 3247 4046 illa
3279 4002 3459 4049 autem

1870 4073 2087 4128 veritas.
2105 4074 2179 4132 Ut
2206 4092 2384 4148 regem
2412 4090 2591 4136 autem
2616 4088 2672 4137 et
2696 4095 2950 4151 sponsum
2980 4080 3036 4137 in
3066 4082 3214 4137 cmlis
3238 4098 3344 4138 non
3372 4099 3461 4138 so-

1866 4164 1979 4222 lum
2006 4168 2195 4226 videre
2218 4170 2474 4239 digneris.
2499 4171 2594 4229 sed
2620 4174 2780 4229 etiam
2809 4173 3084 4246 prmcedas
3101 4190 3223 4231 cum
3255 4176 3460 4247 lampa-

1867 4256 2046 4325 dibus,
2080 4272 2134 4317 et
2161 4264 2235 4318 sis
2268 4277 2433 4332 prone
2463 4266 2658 4331 ipsum,
2686 4276 2745 4323 et
2769 4277 3036 4336 perpetuo.
3053 4268 3129 4323 sis
3153 4283 3274 4325 cum
3302 4270 3459 4339 ipso,

1872 4344 1998 4417 quid
2020 4361 2128 4402 non
2152 4356 2425 4418 oporteret
2455 4348 2633 4407 facere
2654 4393 2670 4418 ,
2698 4352 2826 4423 quid
2853 4359 3331 4428 non,agere,_quid,
3354 4375 3463 4417 non

1880 4436 2153 4495 tolerare?
2173 4438 2298 4495 ideo
2317 4454 2451 4512 rogo
2469 4456 2565 4497 vos
2588 4444 2863 4514 capiamus
2888 4445 3104 4517 aliquod
3127 4448 3343 4509 illorum
3373 4450 3470 4507 bo.—

1877 4543 2075 4585 norum
2088 4530 2433 4598 desiderium,
2447 4532 2816 4592 desideremus
2833 4537 2983 4599 illum
2996 4553 3281 4610 sponsum,
3294 4542 3467 4605 simus

1876 4634 2001 4675 vera
2044 4621 2353 4692 virginitate
2379 4624 2651 4696 virgines:
2680 4627 2876 4682 animae
2915 4629 3059 4684 enim
3104 4631 3467 4702 virginitatem

1875 4710 2101 4781 requirit
2148 4712 2427 4771 Dominus.
2452 4714 2587 4771 Cum
2612 4730 2677 4771 ea
2708 4717 2763 4772 in
2808 4718 3003 4775 cadum
3052 4720 3335 4791 intremus,
3363 4739 3466 4781 nec

1875 4799 2171 4859 habeamus
2186 4805 2447 4861 maculam
2464 4816 2556 4862 aut
2572 4821 2780 4879 rugam,
2798 4818 2891 4864 aut
2907 4809 3108 4881 aliquid
3127 4810 3429 4883 hujusmodi
3449 4834 3463 4869 :

1875 4902 1933 4946 ut
1982 4908 2335 4965 assequamur
2389 4896 2529 4953 bona
2582 4900 2890 4970 promissa:
2933 4918 3055 4973 qua:
3104 4904 3262 4962 detur
3304 4907 3471 4967 nobis

1873 4987 2129 5058 consequi
2157 4988 2327 5059 gratia
2358 4998 2411 5045 et
2434 4987 2780 5061 benignitate.
