4062 6408
662 302 691 353 2

701 310 722 350 J

728 302 759 351 3

932 435 1258 456 .-ς-δμὲῴ-

721 442 904 451 _.__——

1356 310 1409 363 S.
1451 311 1716 368 10.“le
1751 314 2217 372 CllltYSUSTOlll
2260 317 2565 372 .‘tltClllEP.
2606 319 3129 377 CONS'I‘ANTIAOP.

1265 449 2691 473 —-——_______.—.____________

3800 322 3895 374 Qui

2700 464 2919 479 “u—

1989 528 2329 590 HOMlLIA
2375 533 2612 595 XXIX.

662 638 784 689 CAP.
832 639 915 690 12.
961 656 1008 690 v.
1046 642 1099 694 4.
1147 640 1387 694 Nondum
1431 659 1583 711 usque
1622 647 1690 698 ad
1716 647 2005 717 sanguinem
2041 650 2224 702 restiti-

2321 647 2461 713 milti,
2487 648 2677 718 Suﬁcit
2694 651 2780 702 tibi
2796 652 2956 720 gratia
2983 670 3089 705 mea
3110 671 3258 709 :nam
3287 659 3438 713 virtus
3456 676 3565 712 mea
3582 662 3635 712 in
3660 661 3879 727 inﬁrmi~

728 731 817 781 stis
846 732 1077 783 adversus
1104 744 1360 800 peccatum
1392 749 1722 806 repugnantes
1746 755 1763 791 :
1788 739 1839 792 5.
1869 752 1915 791 et
1934 741 2073 792 obliti
2105 745 2223 797 estis
2316 746 2415 789 We
2432 740 2683 803 PerﬁCilur
2705 740 2779 806 (⁸2.
2797 742 3063 796 Cor-12.8.
3088 744 3161 811 9).
3183 745 3269 800 Ille
3286 763 3411 817 ergo
3431 751 3692 803 concedit.
3722 750 3881 816 Quem

729 822 1099 884 consolationis,
1131 839 1242 890 qum
1272 825 1407 878 vobis
1436 835 1687 895 tamquam
1714 829 1834 895 ﬁliis
1865 830 2104 898 loquitur,
2136 834 2213 883 di-

728 926 840 961 cens
864 926 881 961 :
912 908 1013 962 ("ili
1046 914 1146 974 mi,
1194 916 1295 965 noli
1324 914 1571 985 negligere
1609 918 1929 984 disciplinam
1976 918 2214 985 Domini,

725 1015 882 1065 neque
904 1000 1129 1069 [aligeris
1159 1003 1276 1055 dum
1303 1005 1365 1055 ab
1393 1020 1450 1057 eo
1480 1007 1766 1074 corriperis.
1792 1008 1857 1061 6.
1902 1011 2059 1073 Quem
2084 1012 2215 1063 enim

724 1092 885 1161 diligit
915 1090 1185 1157 Dominus,
1205 1096 1417 1164 castigat
1445 1096 1707 1165 :ﬂagellat
1730 1108 1895 1150 autem
1925 1115 2119 1153 onmem
2146 1101 2212 1167 ﬁ-

723 1183 843 1234 lium
874 1199 1019 1249 quem
1050 1186 1241 1253 recipit.
1267 1186 1319 1237 7.
1351 1186 1409 1238 Si
1437 1186 1691 1238 sustinetis
1727 1186 2066 1257 disciplinam,
2094 1206 2210 1259 erga

720 1288 805 1325 vos
835 1282 1086 1341 tamquam
1112 1291 1229 1343 erga
1248 1275 1379 1341 ﬁlios
1404 1275 1646 1345 aﬂ'icietur
1668 1274 1823 1330 Deus.
1847 1278 1971 1342 Quis
1992 1288 2061 1331 est
2078 1281 2207 1332 enim

720 1366 856 1429 ﬁlius
884 1381 1026 1432 quem
1053 1381 1150 1417 non
1180 1366 1381 1435 corripit
1409 1367 1585 1435 pater?

720 1455 771 1507 1.
818 1455 938 1507 Dure
965 1463 1086 1507 sunt
1116 1456 1322 1523 species
1348 1456 1761 1520 consolationis,
1808 1473 1923 1527 quae
1962 1458 2206 1513 videntur

648 1558 764 1597 esse
792 1545 926 1598 inter
953 1558 1011 1599 se
1032 1546 1313 1609 contraria:
1335 1586 1349 1611 ,
1397 1561 1637 1615 magnam
1663 1556 1839 1601 autem
1868 1564 2047 1602 secum
2096 1552 2199 1604 vim

645 1631 869 1687 aﬂ'crtmt
901 1648 915 1686 :
945 1648 1075 1702 quas
1102 1634 1190 1688 hic
1221 1636 1393 1703 posuit
1421 1637 1623 1690 ambas.
1666 1635 1780 1693 Una
1825 1639 2036 1708 quidem
2087 1652 2197 1706 est,

643 1723 852 1789 quando
888 1723 1113 1795 dicimus
1158 1726 1365 1795 aliquos
1394 1728 1556 1782 multa
1586 1743 1705 1782 esse
1734 1744 1953 1798 passos:
1987 1734 2199 1800 requie-

645 1813 901 1866 scitcnim
923 1815 1150 1880 animus,
1169 1816 1376 1883 quando
1406 1816 1564 1872 habet
1593 1820 1784 1875 multos
1807 1831 1966 1879 testes
1991 1841 2203 1883 suarum

646 1901 1046 1968 perpessionum
1077 1918 1090 1952 :
1122 1917 1275 1971 quam
1308 1905 1519 1972 quidem
1548 1922 1702 1974 supra
1734 1913 1944 1979 posuit,
1972 1915 2155 1970 dicens
2188 1937 2202 1972 :

643 1990 1064 2044 Ilememoramini
1083 2002 1246 2044 autem
1266 1994 1502 2061 pristinos
1520 1998 1644 2061 dies,
1665 1998 1715 2050 in
1736 2001 1912 2068 quibus
1935 2004 2203 2059 illuminati

641 2097 879 2150 magnum
901 2091 1150 2134 certamen
1171 2085 1475 2138 sustinuistis
1496 2088 2066 2159 passionumtlleerO.
2087 2095 2197 2167 52):

639 2172 804 2224 altera
834 2179 1032 2236 autem,
1061 2173 1269 2241 quando
1301 2173 1545 2242 dicimus,
1567 2176 1682 2232 Non
1710 2194 1766 2233 es
1794 2196 1980 2249 passus
2006 2185 2200 2255 aliquid

640 2275 883 2329 magnum
913 2278 927 2315 :
960 2276 1079 2315 nam
1113 2262 1213 2317 hoc
1255 2264 1397 2319 dicto
1426 2271 1787 2324 convertimur
1814 2283 1865 2325 et
1885 2276 2196 2345 excitamur,

638 2364 794 2419 atque
817 2352 880 2406 ad
911 2354 1211 2421 patiendum
1246 2356 1531 2412 alacriores
1561 2358 1837 2416 eflicimur.
1869 2364 1958 2418 Illa
1987 2369 2195 2435 quidem

637 2440 761 2495 facit
780 2452 835 2495 ut
859 2442 1049 2496 afﬂicta
1067 2454 1120 2497 et
1136 2453 1318 2498 vexata
1339 2448 1574 2515 quiescat
1593 2465 1607 2513 ;
1629 2450 1741 2505 haec
1757 2462 1928 2506 autem
1958 2456 2194 2525 ignavam

635 2533 864 2585 animam
882 2533 1032 2587 sedat
1055 2543 1108 2587 et
1137 2545 1375 2601 recreat;
1397 2539 1595 2607 pigram
1624 2552 1676 2595 et
1706 2545 1945 2614 supinam
1967 2563 2191 2605 conver-

635 2622 697 2674 tit
719 2631 772 2674 et
797 2636 825 2674 a
850 2623 1095 2691 superbia
1119 2624 1358 2678 retrahit.
1388 2626 1464 2681 Ne
1489 2630 1645 2697 igitur
1675 2647 1740 2686 ex
1769 2635 1857 2689 illo
1889 2638 2190 2694 testimonio

631 2713 709 2765 eis
736 2722 1039 2766 nasceretur
1064 2713 1249 2792 fastus,
1271 2715 1387 2770 vide
1410 2719 1532 2786 quid
1564 2717 1723 2776 faciat
1756 2741 1767 2775 :
1800 2723 2077 2792 Nondum,
2106 2731 2189 2783 in-

633 2802 764 2869 quit,
793 2818 949 2870 usque
987 2803 1053 2855 ad
1078 2790 1372 2873 sanguinem
1399 2808 1652 2862 restitistis
1678 2811 1913 2867 adversus
1940 2829 2193 2883 peccatum

630 2902 963 2960 repugnantes
998 2903 1081 2946 :et
1111 2894 1251 2947 obliti
1276 2898 1393 2949 estis
1433 2898 1808 2956 consolationis.
1864 2903 1973 2961 Nec
2015 2910 2193 2966 statim

631 2976 897 3044 subjunxil
945 2994 1061 3048 quae
1112 2989 1422 3050 sequuntur,
1466 2982 1557 3035 sed
1586 2995 1703 3035 cum
1749 2986 1826 3037 eis
1864 2987 2179 3039 ostendisset

628 3080 811 3119 etnnes
851 3067 936 3134 qui
985 3066 1048 3119 ad
1088 3070 1395 3136 sanguinem
1436 3083 1599 3138 usque
1641 3070 1957 3135 restiterant,
1994 3073 2183 3129 deinde

628 3154 1005 3223 suhjtinxisset,
1034 3156 1396 3224 glorianunem
1428 3173 1545 3213 esse
1575 3158 1767 3213 Christi
1795 3163 2179 3229 perpessiones,

630 3255 752 3298 tunc
788 3244 939 3299 facile
969 3254 1160 3299 cmtcra
1186 3257 1265 3300 est
1288 3258 1651 3315 persequutus.
1703 3249 1813 3302 Hoc
1852 3251 2009 3304 etiam
2052 3252 2183 3305 scri-

628 3335 755 3388 hens
792 3335 856 3388 ad
886 3334 1218 3402 Corinthios,
1266 3337 1393 3399 dicit
1424 3355 1438 3391 :
1467 3336 1697 3392 Tentatio
1743 3356 1827 3393 vos
1870 3356 1970 3393 non
2002 3358 2179 3410 appre-

629 3424 841 3489 hendat,
867 3425 961 3477 nisi
988 3425 1207 3479 humana
1238 3426 1311 3496 (l.
1344 3427 1459 3481 Cor.
1488 3428 1679 3498 £0.15)
1699 3468 1715 3493 ,
1745 3428 1845 3483 hoc
1868 3439 1966 3493 est,
2000 3445 2178 3500 parva.

625 3512 737 3566 lloc
760 3514 901 3566 enim
924 3514 1117 3583 sufiieit
1143 3514 1211 3568 ad
1248 3516 1583 3571 excitandum
1628 3528 1684 3572 et
1720 3520 2024 3588 erigendum
2068 3523 2181 3575 ani-

626 3617 768 3655 mum
786 3641 803 3667 ,
844 3604 1054 3671 quando
1079 3604 1387 3672 cogitaverit
1409 3606 1548 3674 quod
1579 3621 1684 3661 non
1711 3608 1774 3661 ad
1808 3617 1971 3661 totum
1995 3624 2178 3665 ascen-

625 3693 722 3757 dit,
747 3703 797 3745 et
822 3694 918 3745 sibi
948 3695 1264 3768 persuaserit
1291 3709 1353 3747 ex
1382 3694 1447 3748 iis
1473 3711 1589 3765 qua:
1615 3708 2015 3767 przecesserunt.
2050 3700 2179 3753 Dicit

625 3798 751 3836 vero
779 3801 790 3834 :
815 3783 1053 3837 Nondum
1098 3794 1321 3838 mortem
1371 3784 1512 3853 passi
1540 3786 1669 3841 estis
1697 3808 1709 3842 :
1740 3802 1906 3859 usque
1932 3788 1995 3842 ad
2024 3804 2180 3857 pecu-

622 3875 736 3927 nias
764 3876 1020 3944 processit
1062 3884 1292 3929 vestrum
1330 3876 1610 3942 damnum,
1639 3892 1801 3947 usque
1838 3878 1902 3933 ad
1935 3880 2173 3949 gloriam,

622 3975 673 4017 et
705 3980 937 4034 eousque
980 3976 1033 4018 ut
1058 3966 1457 4035 expelleretnini
1485 3966 1767 4023 :Cbristus
1798 3984 1926 4024 vero
1956 3986 2051 4039 pro
2077 3988 2176 4025 no-

621 4055 702 4106 bis
723 4053 856 4106 fudit
875 4056 1202 4123 sanguinem;
1227 4071 1321 4110 vos
1341 4067 1515 4111 autem
1540 4073 1709 4127 neque
1736 4074 1832 4128 pro
1852 4060 2172 4130 vobisipsis:

625 4146 740 4212 ipse
764 4143 828 4197 ad
855 4155 1077 4197 mortem
1106 4160 1269 4214 usque
1294 4145 1613 4211 decertavit,
1642 4146 1837 4202 bellum
1862 4163 2053 4219 gerens
2082 4165 2177 4219 pro

628 4234 867 4298 veritate,
899 4249 991 4301 pro
1025 4234 1206 4299 vobis;
1245 4249 1338 4289 vos
1371 4244 1547 4290 autem
1576 4237 1807 4291 nondum
1839 4239 2065 4293 venistis
2109 4239 2175 4293 ad

624 4322 853 4390 pericula
877 4331 1097 4377 mortem
1122 4324 1438 4379 minitantia.
1473 4324 1540 4378 Et
1560 4325 1699 4379 obliti
1727 4328 1842 4381 estis
1869 4330 2174 4383 consolatio-

621 4412 717 4469 nis.
750 4410 862 4465 lloc
901 4420 1003 4477 est,
1049 4421 1101 4467 et
1138 4427 1328 4467 manus
1370 4416 1664 4481 remisistis,
1691 4424 1744 4469 et
1768 4416 2006 4471 dissoluti
2027 4420 2169 4493 estis.

624 4499 899 4565 Nondum,
951 4501 1149 4569 inquit,
1177 4518 1329 4571 usque
1357 4505 1424 4556 ad
1447 4507 1737 4574 sanguinem
1765 4507 2014 4562 restitistis
2036 4549 2050 4573 ,
2078 4510 2172 4562 ad-

621 4605 789 4643 versus
820 4598 1069 4657 peccatum
1103 4602 1452 4659 repugnantes.
1482 4592 1577 4648 Hic
1618 4596 1850 4649 ostendit
1895 4607 1950 4651 et
1992 4613 2175 4667 pecca-

622 4686 733 4730 tum
778 4676 1117 4733 vehementer
1164 4681 1399 4747 spirare,
1428 4690 1481 4735 et
1513 4682 1682 4751 ipsum
1722 4698 1839 4739 esse
1878 4696 2171 4745 armatum:

618 4766 745 4823 illud
793 4768 958 4834 enim,
998 4768 1261 4823 Restitistis
1282 4810 1296 4835 ,
1337 4769 1403 4824 atl
1449 4786 1542 4826 eos
1569 4775 1655 4842 qui
1684 4783 1825 4828 stant
1849 4774 2044 4831 dictum
2070 4786 2170 4833 est.

626 4858 752 4921 Quae
776 4858 911 4911 vobis
932 4868 1179 4929 tamquam
1200 4860 1321 4927 ﬁliis
1349 4861 1565 4930 loquitur
1591 4865 1759 4918 dicens
1782 4880 1800 4919 :
1832 4864 1941 4921 Fili
1957 4868 2044 4933 nti,
2072 4870 2175 4923 noli

622 4949 866 5018 negligere
899 4948 1214 5018 disciplinam
1247 4948 1483 5017 Domini,
1522 4970 1677 5019 neque
1710 4956 1934 5026 fatigeris
1968 4958 2088 5011 dum
2114 4960 2173 5012 ab

622 5053 680 5090 eo
709 5038 989 5105 corriperis.
1011 5037 1439 5095 Consolationem
1458 5052 1507 5096 et
1525 5042 1940 5101 exhortationem
1966 5048 2088 5103 facit
2108 5064 2174 5104 ex

620 5128 777 5183 rebus
801 5127 955 5195 ipsis:
980 5143 1041 5183 ex
1064 5130 1380 5185 abundantia
1406 5142 1578 5187 autem
1603 5134 1754 5190 affert
1780 5139 1936 5191 etiam
1964 5155 2026 5193 ex
2056 5156 2177 5195 ver-

621 5217 724 5280 bis,
753 5218 819 5269 ab
840 5216 939 5271 hoc
960 5220 1287 5274 testimonio:
1310 5220 1484 5289 Neque
1508 5226 1751 5294 tetigeris,
1773 5226 2091 5296 inquit,duns
2112 5229 2172 5282 ab

622 5322 681 5361 ea
703 5308 987 5377 corriperis.
1010 5308 1140 5362 Sunt
1171 5325 1296 5378 ergo
1322 5310 1433 5365 haec
1465 5313 1571 5368 Dei.
1602 5314 1712 5369 lloc
1736 5332 1943 5386 quoque
1964 5327 2044 5373 est
2070 5335 2174 5374 non

624 5413 839 5465 parvum
862 5398 925 5451 ad
949 5400 1380 5463 consolationem,
1398 5418 1513 5456 eum
1540 5404 1791 5460 discimus
1816 5410 1954 5478 quod
1982 5410 2077 5465 Dei
2093 5421 2175 5466 est

622 5502 754 5555 opus
776 5498 831 5541 ut
860 5488 971 5542 lucc
993 5490 1101 5543 ﬁeri
1133 5492 1353 5559 possint,
1378 5492 1466 5547 illo
1487 5495 1808 5551 concedente
1829 5514 1841 5549 :
1861 5500 1995 5553 sicut
2014 5505 2170 5555 etiam

628 5576 748 5631 dicit
776 5578 990 5633 Paulus:
1024 5578 1240 5648 Propter
1269 5581 1360 5634 hoc
1384 5592 1454 5635 ter
1473 5584 1733 5641 Dominum
1756 5590 1946 5659 rogari,
1977 5602 2021 5645 et
2047 5592 2173 5645 dixit

2314 831 2443 877 enim
2470 827 2630 897 diligit
2657 828 2899 883 Dominus
2916 874 2929 893 ,
2961 834 3191 901 castigat,
3229 837 3454 907 ﬂagellat
3482 849 3655 893 autem
3682 856 3881 893 omnem

2292 914 2473 979 tﬁiium
2501 932 2645 979 quem
2680 918 2874 986 recipit.
2896 918 3008 973 Non
3041 932 3187 989 potes
3214 924 3396 980 dicere
3422 931 3560 995 quod
3589 930 3660 981 sit
3686 930 3882 998 aliquis

2307 1004 2479 1070 justus
2498 1006 2693 1073 absque
2719 1008 3003 1065 afﬂictione
3033 1030 3045 1065 :
3078 1013 3282 1068 etiamsi
3325 1018 3464 1070 enim
3491 1019 3569 1073 sic
3596 1030 3875 1089 appareat,

2309 1092 2400 1144 sed
2430 1108 2526 1147 nos
2561 1097 2826 1150 nescimus
2853 1098 2981 1152 alias
3010 1100 3342 1157 alllictiones.
3392 1106 3753 1171 Quamobrem
3788 1127 3877 1165 nec

2308 1196 2457 1236 cosse
2495 1198 2575 1238 est
2623 1196 2677 1238 ut
2726 1188 2895 1256 quivis
2937 1192 3110 1257 justus
3159 1198 3333 1250 veniat
3380 1214 3474 1268 per
3501 1200 3872 1257 afﬂictionem.

2308 1271 2399 1323 Est
2432 1275 2568 1325 enim
2599 1274 2794 1330 Christi
2834 1282 3091 1334 sententia
3113 1325 3128 1348 ,
3151 1286 3287 1349 quod
3316 1289 3395 1341 via
3424 1291 3527 1342 lata
3557 1303 3610 1346 et
3636 1295 3875 1361 spatiosa

2306 1362 2521 1416 abducit
2564 1365 2628 1417 ad
2680 1368 2970 1434 interitum,
3002 1385 3146 1428 arcta
3169 1388 3340 1432 autem
3370 1390 3422 1434 et
3442 1395 3664 1452 angusta
3698 1385 3766 1438 ad
3798 1388 3876 1439 vi-

2306 1462 2409 1545 tam
2435 1453 2644 1545 (dlattlt.
2666 1456 2715 1509 7.
2738 1458 2849 1527 15).
2875 1459 2931 1514 Si
2958 1477 3084 1532 ergo
3112 1466 3232 1521 inde
3261 1468 3382 1522 licet
3401 1474 3579 1527 venire
3598 1474 3665 1527 ad
3685 1477 3874 1545 vitam,

2302 1542 2514 1597 aliunde
2543 1559 2668 1599 vero
2695 1561 2797 1600 non
2826 1548 2943 1605 licet
2978 1570 2992 1605 :
3026 1567 3419 1627 perangustam
3438 1577 3565 1631 ergo
3592 1565 3728 1618 viam
3757 1542 3875 1620 om;

2304 1646 2397 1685 nes
2428 1645 2703 1700 venerunt,
2731 1638 2817 1704 qui
2844 1652 3102 1697 venerunt
3131 1644 3195 1698 ad
3219 1648 3398 1703 vitam.
3429 1650 3492 1706 Si
3520 1654 3871 1725 disciplinam,

2304 1722 2488 1790 inquit,
2514 1729 2785 1793 sustinetis,
2809 1747 2927 1799 erga
2954 1748 3039 1787 vos
3060 1743 3311 1807 tamquam
3325 1758 3445 1813 erga
3470 1746 3601 1813 ﬁlios
3627 1722 3877 1818 nﬁdetur

2301 1810 2453 1865 Deus.
2486 1814 2608 1879 Quis
2641 1818 2771 1868 enim
2793 1820 2950 1885 ﬁlius,
2986 1838 3129 1890 quem
3158 1842 3256 1880 non
3286 1810 3491 1900 corripit
3514 1810 3699 1903 pater"?
3730 1839 3875 1907 Ergo

2300 1905 2361 1957 ad
2391 1908 2797 1973 correptionem.
2843 1926 2947 1965 non
2994 1914 3057 1967 ad
3090 1931 3297 1985 pmnam
3326 1962 3342 1986 ,
3373 1938 3543 1993 neque
3568 1928 3631 1979 ad
3661 1905 3871 1998 suppli-

2298 1995 2456 2057 cium,
2503 2011 2674 2065 neque
2711 2007 2766 2052 ut
2802 2001 2939 2054 male
2967 2004 3261 2071 patiamini.
3294 2009 3428 2067 Vide
3463 2033 3475 2065 ε
3507 2016 3649 2071 unde
3676 1995 3871 2074 existi-

2300 2084 2507 2137 mabant
2560 2099 2617 2139 se
2668 2102 2787 2142 esse
2835 2090 3137 2158 derelictos,
3186 2112 3251 2151 ex
3282 2099 3385 2164 his,
3419 2103 3608 2173 inquit,
3643 2111 3873 2173 credant

2297 2174 2433 2241 quod
2465 2191 2569 2229 non
2594 2176 2702 2231 sint
2718 2179 2977 2236 derelicti.
3006 2184 3165 2252 Quasi
3193 2189 3397 2245 diceret
3426 2210 3440 2247 :
3471 2170 3730 2261 Quoniam
3757 2212 3867 2257 tam

2297 2264 2459 2318 multa
2499 2268 2634 2320 mala
2681 2272 2820 2337 passi
2856 2275 3023 2341 estis,
3058 2278 3373 2337 existimatis
3418 2288 3560 2354 quod
3600 2290 3741 2345 Deus
3770 2309 3868 2349 vos

2296 2352 2549 2408 dimiserit
2581 2365 2633 2409 et
2659 2358 2870 2414 oderit?
2910 2362 3014 2417 Sed
3060 2366 3101 2418 si
3149 2382 3253 2422 non
3291 2352 3454 2439 passi:
3473 2382 3699 2445 essetis,
3734 2390 3867 2440 tunc

2294 2452 2562 2507 oporteret
2590 2443 2691 2499 hoc
2716 2449 2972 2517 suspicari
3017 2469 3029 2503 :
3064 2469 3181 2508 nam
3221 2459 3263 2510 si
3295 2458 3521 2529 ﬂagellat
3546 2443 3765 2523 omnem
3796 2470 3864 2525 li-

2294 2531 2419 2584 lium
2447 2548 2599 2601 quem
2630 2538 2831 2605 recipit,
2862 2541 2952 2609 qui
2991 2558 3093 2597 non
3127 2544 3439 2616 ﬂagellatur.
3473 2553 3699 2614 fortasse
3744 2577 3855 2618 non

2293 2631 2373 2674 est
2401 2619 2554 2675 filius.
2587 2622 2722 2690 Quid
2748 2642 2906 2694 vero,
2942 2630 3145 2701 inquit,
3179 2638 3300 2691 mali
3326 2656 3427 2694 non
3476 2646 3612 2701 male
3650 2654 3866 2716 patiun-

2296 2719 2376 2762 tur
2397 2711 2420 2763 ?
2441 2711 2717 2768 Patiuntur
2743 2718 2951 2782 quidem
2983 2738 2995 2773 :
3020 2728 3285 2791 quomodo
3311 2733 3452 2784 enim
3479 2751 3580 2790 non
3612 2711 3862 2805 pateren-

2300 2801 2425 2897 tur?
2447 2802 2538 2897 sed
2571 2804 2861 2897 nonhdixit,
2908 2808 3233 2884 Quicumque
3256 2816 3549 2888 ﬂagellatur
3574 2801 3655 2881 est
3675 2830 3819 2887 ﬁlius
3842 2876 3857 2897 ,

2294 2890 2409 2955 sed,
2457 2892 2640 2946 Omnis
2668 2895 2806 2950 illius
2842 2897 3155 2968 ﬂagellatur.
3198 2905 3303 2961 Sed
3334 2925 3436 2965 non
3469 2925 3619 2982 potes
3646 2917 3748 2975 hoc
3775 2890 3861 2976 di:-

2290 2992 2411 3034 cere
2444 2999 2454 3033 :
2482 2992 2603 3034 sunt
2631 2985 2769 3037 enim
2798 2988 2884 3055 qui
2913 2988 3245 3059 ﬂagellantur
3271 3000 3452 3068 multi,
3492 3007 3649 3059 etiam
3685 3013 3811 3065 mali
3838 3054 3853 3076 ,

2291 3079 2348 3121 ut
2379 3070 2651 3126 homicida:
2670 3112 2683 3132 .
2715 3074 2977 3146 latrones,
3010 3085 3460 3158 prmstigiatores,
3485 3070 3858 3164 sepulcrorum

2290 3158 2587 3215 effossores.
2617 3163 2718 3217 Seu
2747 3164 2816 3218 illi
2848 3181 3065 3223 suorum
3093 3170 3353 3256 scelerum
3389 3180 3517 3235 dant
3542 3158 3761 3256 poenas,
3796 3205 3853 3247 et

2289 3262 2394 3301 non
2425 3247 2756 3318 ﬂagellantur
2780 3263 3042 3326 tamquam
3068 3260 3182 3329 lilii,
3210 3248 3303 3319 sed
3334 3247 3620 3336 puniuntur
3644 3288 3702 3330 ut
3728 3247 3852 3335 sce-

2281 3355 2464 3413 lerati:
2495 3369 2593 3410 vos
2620 3367 2796 3409 autem
2826 3364 3093 3424 tamquam
3121 3354 3234 3409 lilii.
3264 3356 3421 3411 Vides
3448 3357 3716 3425 quomodo
3746 3373 3853 3411 un-

2280 3442 2436 3514 dique
2477 3446 2749 3499 ratiocinia
2784 3456 2994 3509 movet,
3045 3460 3074 3499 a
3124 3445 3276 3500 factis
3302 3461 3418 3515 qua:
3448 3456 3571 3500 sunt
3614 3446 3669 3502 in
3698 3446 3854 3503 Scri-

2281 3542 2429 3600 ptura
2451 3575 2464 3597 ,
2493 3548 2522 3587 a
2551 3534 2723 3589 verbis
2742 3576 2757 3601 ,
2802 3550 2831 3589 a
2872 3535 3103 3605 propriis
3128 3537 3435 3590 notionibus
3453 3577 3466 3600 ,
3497 3537 3565 3590 ab
3588 3538 3858 3607 exemplis

2280 3640 2395 3692 qum
2423 3637 2547 3680 sunt
2575 3626 2626 3680 in
2655 3626 2779 3680 vita.
2841 3626 3040 3681 Deinde
3086 3628 3245 3679 etiam
3276 3642 3307 3681 a
3336 3628 3601 3681 communi
3624 3643 3857 3684 consae-

2281 3714 2501 3770 tudine?
2527 3715 2580 3770 8.
2616 3716 2762 3782 Quod
2787 3717 2830 3770 si
2862 3725 3000 3770 eastra
3026 3716 3347 3786 disciplinam
3372 3718 3510 3782 estis,
3545 3719 3691 3786 cujus
3723 3727 3856 3787 paro

2280 3803 2452 3871 ticipes
2489 3806 2611 3875 facti
2650 3814 2766 3858 sunt
2806 3821 2974 3859 omnes
3018 3821 3036 3859 :
3067 3821 3184 3876 ergo
3210 3806 3484 3859 adulterini
3502 3847 3517 3872 ,
3548 3817 3593 3861 et
3621 3823 3723 3860 non
3750 3808 3855 3875 lilii

2278 3893 2411 3945 estis.

2346 3982 2404 4034 2.
2441 3982 2600 4038 Vides
2627 3983 2765 4054 quod
2794 3984 2928 4039 dixit
2956 3984 3007 4039 id
3052 3984 3195 4055 quod
3239 3985 3390 4040 diceb
3428 4001 3514 4052 -n,
3556 3986 3697 4056 quod
3739 4004 3852 4043 non

2278 4074 2445 4140 possit
2472 4073 2754 4127 esse‘lilius
2782 4076 2870 4145 qui
2898 4090 3000 4129 non
3029 4076 3357 4146 castigatur?
3399 4075 3531 4130 Nam
3578 4079 3855 4146 quomodo

2278 4162 2331 4216 in
2358 4163 2566 4218 familiis
2594 4163 2918 4219 adulterinos
2944 4166 3080 4219 filios
3101 4165 3399 4235 deepiciunt
3418 4182 3612 4237 patres,
3636 4170 3853 4226 etiamsi

2277 4253 2409 4308 nihil
2434 4254 2658 4322 discant,
2687 4256 2897 4310 etiamsi
2926 4271 3029 4310 non
3056 4256 3160 4311 sint
3184 4257 3351 4327 gloria
3381 4258 3647 4328 insignes;
3671 4258 3739 4315 de
3767 4261 3851 4316 lc-

2274 4345 2472 4414 gitimis
2490 4358 2661 4401 autem
2693 4346 2816 4402 ﬂliis
2842 4349 3027 4403 timent
3054 4364 3121 4403 ne
3146 4363 3204 4404 se
3224 4350 3423 4405 dedant
3440 4352 3548 4405 otio
3571 4366 3625 4408 et
3653 4369 3851 4410 socor-

2276 4438 2377 4492 dia:
2401 4458 2413 4491 :
2434 4438 2503 4493 ita
2529 4441 2686 4494 etiam
2716 4439 2769 4494 in
2801 4442 3066 4509 prtesenti.
3092 4438 3145 4495 Si
3168 4450 3249 4495 est
3270 4458 3396 4513 ergo
3423 4444 3850 4503 adulterinomm

2277 4543 2380 4581 non
2398 4528 2617 4594 erudiri,
2633 4529 2862 4599 gaudere
2889 4538 3099 4599 oportet
3116 4531 3185 4585 ob
3206 4532 3561 4602 disciplinam,
3581 4536 3851 4605 siquidem

2275 4631 2335 4671 ea
2358 4617 2635 4672 adhibetur
2662 4620 2713 4672 in
2739 4620 3004 4689 germanis
3029 4628 3085 4674 et
3104 4621 3353 4693 legitimis
3379 4622 3519 4677 filiis.
3549 4624 3848 4696 Tamquam

2274 4708 2393 4761 liliis
2419 4709 2569 4763 vobis
2595 4725 2652 4764 se
2680 4709 2843 4764 offert
2860 4711 3026 4765 Deus:
3047 4723 3262 4781 propter
3290 4714 3389 4767 hoc
3416 4714 3589 4782 ipsum
3614 4715 3760 4770 dicit.
3789 4718 3848 4774 9.

2274 4798 2468 4854 Deinde
2485 4810 2650 4869 patres
2665 4800 2865 4869 quidem
2881 4802 3045 4855 carnis
3063 4813 3249 4855 nostra?
3264 4803 3539 4858 eruditores
3554 4797 3847 4875 hab'm'mus,

2273 4898 2317 4943 et
2347 4890 2689 4943 reverebantur
2736 4905 2818 4944 eos
2847 4906 2866 4943 :
2890 4907 2990 4945 non
3029 4895 3186 4945 multo
3213 4894 3373 4965 magis
3399 4894 3851 4964 obtemperabimus

2274 4979 2422 5033 Patri
2446 4980 2733 5049 spirituum,
2761 4989 2808 5033 et
2834 4981 3091 5035 vivemus?
3117 4981 3321 5037 Rursus
3364 4998 3393 5037 a
3440 4986 3667 5054 propriis
3717 5002 3850 5056 per-

2278 5069 2630 5137 pessionibus,
2659 5069 2815 5123 abiis
2845 5085 2963 5139 quae
3006 5070 3103 5139 ipsi
3152 5072 3484 5141 patiebantur
3510 5114 3525 5137 ,
3572 5073 3846 5134 hortatur.

2274 5158 2417 5214 Sicut
2446 5160 2587 5213 enim
2616 5159 2722 5213 illic
2747 5159 2873 5213 dicit
2907 5176 2919 5211 :
2951 5158 3376 5215 Remetnoramini
3404 5163 3642 5230 pristinos
3684 5166 3794 5219 dies
3824 5183 3845 5221 :

2272 5251 2340 5304 ita
2370 5250 2454 5304 hic
2480 5264 2688 5319 quoque
2721 5266 2734 5301 :
2769 5250 2907 5304 Deus
2930 5291 2945 5316 ,
2977 5252 3181 5321 inquit,
3234 5252 3508 5308 nobiscum
3552 5255 3659 5323 agit
3708 5266 3853 5311 tam-

2272 5355 2430 5409 quam
2457 5355 2575 5393 cum
2609 5339 2751 5405 filiis,
2782 5354 2881 5394 nec
2905 5341 3125 5408 potestis
3150 5340 3327 5397 dicere
3351 5384 3365 5407 ,
3412 5341 3529 5396 Non
3558 5358 3849 5411 possumus

2273 5433 2442 5495 fet-re;
2470 5442 2524 5486 et
2554 5442 2817 5500 tamquam
2844 5446 2961 5486 cum
2992 5434 3130 5487 caris
3161 5432 3284 5488 (iliis
3312 5435 3353 5487 ¹.
3386 5432 3520 5488 Nam
3565 5435 3611 5490 si
3663 5449 3849 5506 patres

2338 5546 2351 5573 ¹
2381 5541 2521 5601 Illud,
2539 5550 2587 5609 et
2609 5550 2850 5609 tamquam
2873 5555 2982 5593 cum
3003 5542 3284 5609 carisﬁliis,
3308 5559 3403 5594 non
3426 5542 3607 5609 legitur
3650 5550 3699 5600 tu
3742 5551 3854 5603 Hu-

2276 5608 2421 5663 timui,
2434 5613 2483 5654 et
2507 5606 2693 5656 videtur
2714 5605 2924 5656 alienum
2950 5618 3060 5656 esse
3084 5605 3472 5657 additamentum.
