4062 6414
199 412 309 475 205

194 510 443 568 carnales
472 508 545 564 illi
582 511 895 569 reverentur
918 543 934 568 ,
961 498 1232 571 quomodo
1261 498 1469 551 Putrem
1510 457 1779 548 timiestetn

197 621 307 662 non
335 598 754 659 revcrchimini?
781 597 1112 665 Quamquam
1145 605 1250 647 non
1291 604 1356 645 ex
1382 602 1448 643 eo
1476 586 1592 651 solo
1622 583 1779 639 diil‘e-

194 698 373 753 rcntia
397 701 625 755 constat,
654 698 747 746 aut
770 690 930 745 etiam
954 702 1020 743 ex
1047 683 1292 756 personis
1315 722 1330 748 ,
1359 679 1454 736 sed
1492 688 1545 733 et
1570 676 1639 731 ab
1668 677 1782 745 ipsa

191 795 355 837 causa
376 788 432 834 et
451 788 514 832 ex
541 791 600 831 re
629 777 741 846 ipsa
773 792 786 827 :
822 788 927 827 non
954 774 1097 828 enim
1129 781 1346 841 propter
1374 768 1561 823 eadem
1589 774 1646 822 et
1684 766 1771 822 hic

194 882 255 927 et
298 872 369 925 illi
418 868 691 924 erudiunt.
718 865 951 935 ideoque
975 862 1248 934 subiungit
1276 878 1289 914 :
1321 859 1413 915 Illi
1443 859 1576 914 enim
1602 859 1781 928 paucis

196 961 373 1015 diebus
397 1000 413 1023 ,
460 969 609 1025 prout
651 956 754 1011 illis
795 955 1087 1019 videbatur,
1135 950 1429 1006 erudiebant
1456 966 1475 1005 :
1512 948 1616 1003 hoc
1644 955 1730 1003 est
1754 986 1772 1010 ,

197 1066 344 1118 δερμα
365 1050 649 1119 implentes
667 1047 1016 1117 voluptatem,
1037 1060 1142 1099 non
1170 1058 1384 1111 semper
1402 1048 1707 1111 spectantes
1724 1037 1779 1093 id

199 1139 343 1211 quod
363 1148 447 1195 est
471 1136 825 1194 conducibile.
856 1135 952 1191 llic
970 1145 1145 1190 autem
1168 1148 1274 1188 non
1303 1141 1478 1203 potest
1500 1130 1602 1186 hoc
1625 1128 1730 1185 dici
1763 1145 1779 1184 :

201 1246 310 1286 non
365 1229 508 1285 enim
566 1230 669 1283 hoc
721 1228 846 1282 facit
895 1234 1113 1296 propter
1165 1222 1379 1294 aliquod
1440 1218 1780 1277 commodum

203 1336 388 1384 suum,
420 1318 513 1374 sed
541 1326 761 1390 propter
784 1331 881 1372 vos
905 1326 957 1371 et
985 1326 1219 1370 vestram
1250 1314 1419 1367 solam
1452 1310 1733 1365 utilitatem
1765 1324 1781 1363 :

204 1411 282 1467 illi
310 1422 368 1467 ut
394 1423 446 1467 et
472 1412 602 1481 ipsis
627 1410 745 1465 sitis
774 1408 954 1474 utiles,
990 1422 1133 1476 εει-ρο
1155 1418 1333 1460 autem
1357 1404 1515 1461 etiam
1552 1414 1782 1466 temere;

204 1503 297 1560 hic
321 1513 501 1558 autem
528 1501 660 1556 nihil
693 1509 776 1557 est
803 1499 1128 1570 huiusmodi.
1168 1498 1323 1552 Vides
1351 1495 1495 1566 quod
1528 1495 1629 1549 hoc
1653 1507 1783 1564 quo-

206 1609 316 1664 que
342 1594 495 1649 affert
516 1591 977 1647 consolationem?
1002 1589 1130 1644 Nam
1162 1604 1282 1642 cutn
1312 1587 1418 1642 illis
1444 1586 1674 1641 maxime
1696 1584 1787 1639 bo-

207 1685 509 1741 nevolentia
532 1683 923 1752 coniungimur,
942 1679 1157 1751 quando
1187 1677 1480 1734 viderimus
1508 1674 1649 1747 quod
1680 1689 1788 1729 nun

207 1786 430 1848 propter
458 1772 656 1845 aliquid
682 1786 836 1828 suum
865 1782 952 1827 aut
977 1770 1201 1843 iubent,
1244 1776 1337 1823 aut
1378 1766 1646 1831 suadent,
1691 1763 1788 1819 scd

210 1874 433 1939 propter
462 1879 560 1919 nos
586 1874 751 1919 totum
780 1861 849 1918 ab
874 1862 953 1917 eis
983 1860 1198 1932 ponitur
1221 1858 1477 1915 studium.
1510 1856 1623 1912 lloc
1648 1856 1792 1912 enim

210 1965 297 2014 est
322 1958 531 2013 sincera
580 1954 796 2011 dilectio
844 1960 900 2008 et
942 1966 1070 2008 vere
1116 1950 1362 2017 dilectio,
1411 1947 1625 2020 quando
1670 1960 1794 2003 cum

212 2048 347 2103 nihil
376 2047 543 2101 simus
568 2044 727 2099 utiles
755 2043 805 2098 ei
828 2043 925 2112 qui
952 2041 1123 2112 diligit
1148 2081 1165 2105 ,
1193 2040 1262 2095 ab
1302 2054 1369 2095 eo
1404 2049 1580 2094 tamen
1619 2036 1796 2107 diligi-

213 2153 337 2194 mur
367 2155 381 2192 :
411 2137 682 2207 diligimur
710 2133 854 2191 enim
888 2148 991 2186 nou
1022 2143 1078 2186 ut
1116 2131 1375 2202 accipiat,
1421 2129 1515 2185 sed
1557 2138 1615 2183 ut
1658 2127 1750 2183 det
1780 2143 1795 2181 :

213 2230 410 2294 erudit,
443 2220 621 2283 omnia
653 2226 796 2295 facit,
825 2239 982 2279 omne
1002 2223 1235 2279 studium
1266 2221 1493 2285 confert,
1524 2231 1581 2274 ut
1608 2218 1800 2275 redda-

213 2337 339 2378 ntur
366 2334 584 2375 suorum
616 2320 876 2374 bonorum
905 2329 1150 2385 capaces.
1202 2311 1268 2367 Et
1311 2313 1391 2366 illi
1432 2313 1633 2381 quidem
1658 2351 1673 2378 ,
1716 2311 1800 2365 itt-

216 2413 339 2483 quit
363 2453 377 2476 ,
409 2412 463 2466 in
488 2421 709 2479 tempore
738 2424 1019 2480 paucorum
1045 2406 1241 2461 dierum
1267 2404 1542 2460 secundum
1568 2404 1804 2457 volunta-

219 2513 319 2558 tem
351 2518 495 2557 suam
524 2500 816 2555 erudierunt
842 2516 933 2554 nos
964 2515 983 2554 :
1009 2498 1090 2553 hic
1116 2507 1283 2552 autem
1310 2497 1378 2550 ad
1415 2496 1471 2550 id
1507 2494 1642 2565 quod
1686 2494 1806 2549 utile

219 2605 337 2656 est,
374 2594 429 2646 in
472 2589 761 2660 recipiendo
808 2588 1261 2658 sanctiﬁcationem
1304 2588 1435 2659 ejus.
1491 2584 1629 2655 Quid
1677 2590 1802 2647 est,

223 2682 696 2751 Sanctiﬁcationem
725 2679 878 2752 ejus?
910 2677 1024 2735 Hoc
1046 2688 1148 2745 est,
1182 2678 1488 2747 puritatem,
1518 2684 1576 2730 ut
1606 2688 1702 2744 pro
1722 2672 1805 2726 vi-

222 2776 377 2831 ribus
404 2773 575 2829 simus
598 2786 665 2827 eo
694 2769 863 2841 digni.
898 2769 993 2825 Ille
1024 2769 1171 2839 ponit
1196 2767 1431 2823 studium
1480 2775 1538 2821 ut
1580 2763 1810 2833 accipia-

225 2865 317 2931 tis,
347 2873 401 2920 et
428 2862 607 2918 omnia
636 2859 759 2916 facit
791 2868 849 2933 ut
877 2860 969 2916 det
1000 2858 1155 2915 vobis
1185 2878 1199 2913 :
1230 2873 1326 2914 vos
1354 2866 1531 2912 autem
1569 2853 1808 2910 studium

226 2972 336 3011 non
365 2953 562 3025 ponitis
586 2960 649 3008 ut
673 2950 967 3021 accipiatis.
1000 2948 1146 3016 Dixi,
1178 2948 1371 3018 inqttit,
1407 2946 1656 3012 Domina,
1705 2941 1812 2997 Do-

229 3048 399 3103 minus
428 3060 568 3099 meus
590 3060 643 3099 es
668 3052 747 3111 tu,
778 3042 1018 3112 quoniam
1043 3041 1283 3095 bonorum
1312 3053 1536 3092 meorum
1562 3051 1663 3089 non
1703 3049 1816 3104 eges

231 3139 421 3210 (Psal.
458 3137 549 3193 l5.
576 3136 677 3206 2).
723 3134 918 3190 Deinde
964 3142 1131 3203 patres
1169 3131 1369 3202 quidem
1417 3129 1588 3184 carnis
1631 3137 1817 3182 nostra

232 3229 513 3287 militares
542 3226 829 3292 habuimus,
862 3233 910 3280 et
933 3222 1279 3279 renerebamur
1302 3237 1385 3277 eos
1413 3236 1432 3276 :
1460 3235 1632 3273 mmor:
1662 3217 1819 3270 multo

232 3325 398 3392 magis
424 3318 876 3388 obtemperabintus
918 3315 1067 3371 Patri
1113 3314 1384 3385 spirituum
1408 3352 1424 3379 ,
1466 3320 1513 3365 et
1558 3305 1821 3392 vivemus?

226 3389 380 3473 Patri
401 3412 703 3485 spirituum;
727 3406 842 3462 sive
870 3402 1251 3458 charismatum
1274 3392 1444 3485 dicit,
1467 3398 1562 3485 aut
1598 3389 1797 3485 oratio-

226 3522 357 3565 num
376 3546 392 3571 ,
422 3476 516 3559 dut
536 3505 857 3573 potestatum
886 3494 1346 3561 incorporearum.
1374 3483 1431 3573 Si
1468 3480 1555 3573 sic
1597 3476 1797 3573 moria:

223 3564 393 3663 mur,
442 3564 569 3651 tunc
628 3590 889 3645 vivemus.
956 3582 1027 3638 Et
1073 3577 1317 3649 apposite
1372 3570 1527 3663 dixit
1548 3584 1577 3663 :_
1605 3565 1671 3623 Et
1721 3564 1799 3619 illi

224 3657 428 3765 quidem
464 3686 521 3740 iu
561 3693 781 3753 tentpors
821 3686 1099 3744 paucorum
1143 3668 1338 3722 dierum
1384 3657 1677 3718 erudiebant
1718 3670 1801 3765 se:

225 3745 455 3837 eundum
495 3745 804 3829 voluntatem
848 3779 995 3820 suam
1020 3778 1039 3817 :
1070 3773 1177 3815 non
1212 3758 1357 3813 enim
1400 3764 1613 3820 semper
1657 3745 1800 3817 quod

228 3876 469 3941 videtur,
499 3862 738 3927 estutile
769 3880 785 3918 :
813 3861 900 3917 hic
940 3864 1117 3914 autem
1159 3850 1229 3908 ad
1269 3848 1323 3905 id
1356 3845 1501 3919 quod
1543 3842 1676 3897 utile
1720 3846 1807 3895 est

225 3965 427 4025 erudit.

303 4060 360 4115 3.
395 4055 489 4112 Est
515 4065 645 4123 ergo
669 4043 948 4117 disciplina
978 4039 1125 4096 utilis
1149 4077 1166 4103 ,
1206 4044 1289 4092 est
1309 4045 1438 4103 ergo
1463 4022 1803 4123 participatio

231 4116 809 4205 sanctitatisjiaxime
841 4147 1002 4189 :nam
1044 4143 1165 4185 cum
1208 4123 1429 4195 expellit
1472 4116 1805 4205 socordiam,

232 4254 358 4296 cum
385 4235 577 4291 malam
604 4228 968 4301 cupiditatem,
991 4235 1113 4278 cum
1140 4230 1378 4272 amorem
1406 4225 1586 4267 rerum
1608 4221 1723 4279 quae
1741 4204 1810 4301 ad

236 4331 377 4385 hanc
396 4327 557 4382 vitam
582 4296 867 4393 pertinent,
884 4330 1004 4373 cum
1034 4308 1301 4369 convertit
1325 4306 1578 4366 animam,
1596 4314 1717 4355 cum
1735 4296 1815 4353 ef-

236 4420 349 4477 ﬁcit
374 4426 435 4474 ut
459 4392 652 4471 cuncta
675 4426 795 4483 qua:
816 4408 903 4463 hic
923 4414 1047 4461 sunt
1070 4403 1405 4462 damnemus,
1434 4396 1535 4450 hoc
1558 4392 1701 4448 enim
1731 4398 1816 4445 est

240 4510 465 4568 afflictio
496 4525 510 4563 :
538 4482 714 4561 annon
761 4500 823 4556 fit
866 4495 1083 4565 sancta?
1109 4505 1285 4548 annon
1334 4484 1554 4541 attrahit
1589 4482 1813 4553 gratiam

238 4601 511 4679 Spiritus?
534 4598 839 4669 Cogitemus
865 4594 1044 4661 itaque
1072 4602 1287 4658 semper
1309 4585 1483 4656 justus
1506 4623 1522 4649 ,
1550 4590 1605 4637 et
1632 4579 1816 4634 videa-

239 4669 361 4755 nius
383 4692 650 4751 undenam
672 4699 860 4743 omnes
889 4682 1216 4742 claruerunt,
1232 4688 1284 4732 et
1300 4685 1424 4731 ante
1447 4686 1637 4730 omnes
1662 4669 1813 4734 Abel,

243 4789 357 4845 Noe
389 4804 403 4839 :
436 4795 617 4840 nonne
643 4779 709 4834 ab
734 4771 1053 4831 afflictione?
1077 4768 1217 4825 Fieri
1244 4767 1390 4822 enim
1426 4779 1531 4819 nou
1562 4771 1737 4831 potest
1764 4769 1823 4815 ut

242 4894 351 4935 non
366 4874 692 4941 aiﬂigerctur
716 4866 809 4938 qui
836 4864 982 4919 solus
1010 4870 1127 4917 erat
1153 4858 1206 4913 in
1232 4866 1339 4912 tam
1368 4855 1531 4910 multa
1560 4851 1823 4907 malorum

242 4965 586 5028 multitudine
611 4976 627 5016 :
659 4959 771 5014 Nos
802 4956 968 5020 enim,
1023 4949 1216 5021 inquit,
1246 4965 1363 5003 eum
1388 4954 1514 5002 esset
1533 4946 1676 5000 solus
1718 4959 1824 5012 per-

244 5069 409 5133 fectus
448 5057 504 5111 in
545 5050 865 5125 generatione
899 5061 993 5099 sua
1018 5083 1033 5108 ,
1080 5041 1197 5133 Deo
1232 5038 1424 5133 placuit
1455 5034 1621 5133 (lien.
1646 5035 1699 5089 6.
1729 5033 1821 5103 9).

244 5124 378 5207 iam
408 5124 760 5212 mihiicogita,
787 5136 833 5191 si
858 5147 998 5190 nunc
1022 5145 1147 5187 cum
1184 5128 1477 5183 habeamus
1518 5124 1825 5201 innumera-

246 5243 383 5297 biles
409 5248 641 5310 quorum
692 5231 942 5284 virtutem
972 5221 1322 5284 mmulemur,
1353 5227 1533 5289 patres
1563 5226 1622 5270 et
1664 5214 1830 5283 magi-

246 5305 540 5395 stron-sic
576 5320 881 5392 afﬂigimur,
909 5312 1177 5386 quomodo
1216 5307 1507 5365 verisimile
1550 5314 1633 5361 est
1681 5305 1827 5359 illutn

247 5394 421 5477 fuisse
440 5413 689 5471 allectum
719 5408 891 5465 solum
918 5405 1059 5459 inter
1077 5411 1181 5456 tam
1200 5398 1435 5455 multos?
1450 5395 1556 5452 Sed
1580 5409 1700 5452 cum
1720 5394 1828 5462 jam

248 5509 486 5567 dixerim
507 5503 577 5560 de
596 5500 773 5572 pluvia
799 5497 887 5552 illa
906 5494 1081 5549 aliena
1110 5498 1164 5545 et
1193 5489 1353 5561 plane
1381 5484 1720 5541 admirabili?
1745 5482 1831 5537 di-

249 5612 443 5658 camne
467 5595 536 5651 de
560 5589 884 5650 Abrahamo,
910 5584 979 5639 de
1005 5579 1215 5638 crebris
1241 5578 1358 5645 ejus
1382 5572 1829 5646 peregrinationi—

252 5689 461 5756 bus,de
490 5694 642 5756 raptu
669 5680 869 5743 uxoris,
891 5675 958 5731 de
984 5672 1256 5745 periculis,
1275 5671 1342 5726 de
1363 5668 1540 5733 bellis,
1564 5666 1631 5721 de
1658 5674 1833 5721 tenta-

258 5778 527 5842 tionibus?
545 5775 654 5835 Sed
682 5773 747 5831 de
771 5769 936 5828 lacob
957 5779 1116 5838 quam
1148 5762 1311 5820 multa
1339 5774 1377 5831 p
1396 5774 1527 5816 assus
1546 5759 1613 5813 sit
1629 5757 1832 5829 gravia,

1012 394 1076 454 IN
1114 392 1330 452 El’lS‘l‘.
1374 389 1465 445 AD
1505 380 1857 444 lIEBRJSO‘S.
1899 379 2053 437 CAP.
2099 378 2209 435 Xll.
2251 376 2481 435 llOlllL.
2523 374 2717 432 XXIX.

1898 494 2129 554 undique
2175 491 2361 562 pulsus
2384 529 2400 554 ,
2428 495 2483 542 et
2507 484 2709 540 frustra
2727 479 2995 546 laborans,
3024 485 3075 532 et
3105 476 3225 530 aliis
3255 489 3475 544 operam

1898 580 2246 655 impendens?
2290 591 2480 636 omnes
2520 575 2662 632 enim
2703 570 2821 641 ejus
2842 568 3162 625 tentationes
3193 580 3478 621 recensere

1894 690 2001 730 non
2029 683 2111 730 est
2141 684 2363 728 necesse
2386 684 2402 732 ;
2430 662 2793 723 testimonium
2819 668 3001 714 autem
3031 655 3226 711 afferre
3250 664 3330 709 est
3350 669 3481 708 cou-

1893 766 2227 823 sentaneum,
2255 756 2397 827 quutl
2418 756 2532 825 ipse
2544 752 2756 809 dicebat
2784 749 3051 806 Pharaoni
3080 763 3095 800 :
3124 746 3260 809 Dies,
3282 746 3472 815 inquit,

1897 849 1994 902 mei
2024 850 2176 918 pauci
2204 857 2321 901 sunt
2340 855 2389 900 et
2417 846 2562 910 mali,
2593 853 2764 898 etnon
2793 849 3126 912 peruenerunt
3152 837 3222 891 ad
3251 837 3356 891 dies
3386 855 3477 905 pu-

1896 946 2029 990 trum
2060 953 2284 991 meorum
2315 935 2469 1008 (Gen.
2499 935 2589 988 47.
2620 932 2713 1003 9).
2745 931 2847 987 Sed
2872 932 3118 986 dicamne
3145 928 3211 982 de
3240 924 3477 994 Joscph‘t

1894 1028 1987 1083 sed
2010 1028 2076 1082 de
2098 1029 2212 1097 ipso
2238 1026 2439 1098 Moyse,
2467 1025 2536 1080 dc
2562 1024 2688 1080 Jesu
2715 1021 2877 1085 Nave,
2916 1020 2983 1074 de
3012 1017 3207 1072 Davide
3230 1057 3246 1082 ,
3274 1016 3341 1069 de
3380 1016 3478 1069 Sa-

1894 1119 2090 1185 muele,
2124 1119 2192 1174 de
2215 1119 2350 1185 Elia,
2376 1117 2445 1173 de
2476 1114 2695 1171 Daniele
2715 1154 2730 1180 ,
2763 1111 2833 1167 de
2862 1109 3113 1166 omnibus
3155 1106 3481 1177 pr0phctis?

1894 1211 1997 1266 Sed
2026 1211 2122 1266 hos
2142 1225 2331 1265 omnes
2354 1208 2593 1264 invenies
2621 1206 2859 1261 evasisse
2901 1203 3081 1258 claros
3126 1216 3191 1253 ex
3232 1197 3481 1252 afﬂictio—

1895 1300 2072 1357 nibus.
2124 1300 2219 1354 Dic
2260 1313 2361 1368 ego
2408 1297 2579 1360 mihi,
2624 1295 2775 1349 visne
2818 1306 2937 1348 esse
2989 1291 3168 1345 clarus
3213 1303 3279 1343 ex
3324 1289 3478 1348 otto,

1896 1393 2073 1462 quiete
2093 1388 2540 1447 etdeliciis?Sed
2584 1402 2689 1441 non
2742 1385 2963 1455 poteris.
3004 1382 3076 1437 At
3120 1380 3365 1435 dicamne
3412 1378 3480 1434 de

1896 1483 2195 1552 apostolis?
2224 1482 2292 1535 At
2323 1480 2373 1535 hi
2397 1493 2613 1549 quoque
2640 1476 2895 1531 :crumnis
2921 1473 3059 1528 alios
3086 1484 3277 1526 omnes
3322 1483 3482 1539 supc-

1897 1582 2170 1626 rmerunt.
2196 1568 2306 1625 Cur
2358 1568 2473 1623 hare
2518 1566 2684 1622 dico?
2712 1563 2956 1620 Christus
2978 1576 3191 1633 quoque
3236 1560 3339 1615 hoc
3392 1558 3479 1614 di-

1897 1660 1965 1715 cit
1997 1677 2011 1714 :
2041 1659 2106 1714 In
2135 1658 2328 1713 mundo
2352 1658 2687 1729 afﬂictienem
2716 1653 2996 1718 habebitis;
3022 1660 3077 1705 et
3116 1663 3302 1705 rursus
3327 1689 3341 1712 ,
3380 1646 3482 1701 Vas

1898 1754 2160 1825 plorabitis
2187 1763 2234 1806 et
2265 1751 2496 1821 lugebitis
2525 1765 2545 1803 :
2578 1747 2798 1801 mundus
2818 1756 2984 1799 autent
3016 1741 3251 1815 gaudebit
3278 1739 3479 1813 (Joan.

1899 1843 1988 1899 ill.
2017 1845 2105 1899 53.
2133 1842 2224 1898 20.
2253 1850 2301 1896 et
2326 1840 2516 1894 blattis.
2540 1840 2595 1895 7.
2626 1838 2692 1894 Η
2712 1838 2754 1909 ).

1979 1961 2072 2016 Via
2100 1976 2210 2033 qua
2229 1960 2371 2015 ducit
2390 1954 2460 2013 ad
2476 1959 2651 2024 vitam,
2677 1963 2818 2011 arcta
2842 1970 3044 2025 semper
3069 1962 3163 2007 est.
3179 1950 3316 2007 -Et
3340 1948 3482 2021 quod

1898 2064 2043 2111 arcta
2068 2056 2139 2110 sit
2165 2065 2220 2109 et
2243 2061 2465 2124 angusta
2514 2049 2598 2105 via
2628 2062 2747 2119 qum
2789 2047 2937 2103 ducit
2980 2044 3049 2101 ad
3096 2045 3258 2099 vitam
3286 2084 3302 2109 ,
3350 2044 3485 2097 dicit

1900 2148 2016 2217 ipse
2042 2148 2145 2201 via:
2169 2145 2421 2199 Dominus
2450 2158 2466 2196 ε
2500 2151 2553 2197 ιιι
2583 2148 2762 2195 autem
2794 2138 2992 2209 qumris
3019 2136 3222 2191 latam?
3254 2144 3308 2189 et
3346 2148 3486 2204 quo-

1902 2237 2062 2295 modo
2083 2251 2189 2313 non
2212 2244 2294 2292 est
2320 2235 2424 2291 hoc
2461 2231 2789 2289 absurdum?
2826 2230 3116 2297 Propterea
3162 2228 3324 2281 vitam
3373 2242 3479 2280 non

1900 2330 2204 2399 assequeris
2233 2326 2325 2396 qui
2345 2324 2448 2379 alia
2477 2321 2776 2393 ingrederis
2800 2361 2816 2387 ,
2863 2318 2961 2374 sed
3006 2318 3278 2373 interitum
3313 2333 3328 2370 :
3365 2330 3485 2369 eam

1902 2420 2044 2475 enim
2070 2416 2277 2486 elrgisti
2305 2430 2426 2486 quae
2451 2414 2552 2469 fert
2582 2413 2727 2467 illuc.
2765 2410 2854 2466 Vis
2878 2410 3053 2465 dicant
3080 2417 3134 2462 et
3165 2408 3217 2462 in
3250 2405 3485 2462 medium

1902 2508 2163 2563 adducam
2192 2519 2287 2561 eos
2315 2504 2405 2574 qui
2437 2503 2599 2557 vitam
2626 2508 2850 2570 egerunt
2879 2498 2930 2552 in
2958 2496 3207 2552 deliciis?
3237 2494 3319 2550 Ab
3364 2494 3489 2547 uiti-

1903 2600 2006 2654 mis
2025 2597 2381 2653 ascendamus
2402 2592 2467 2648 ad
2494 2593 2718 2663 primos.
2752 2589 2911 2644 Dives
2946 2587 3035 2642 ille
3067 2587 3157 2657 qui
3188 2585 3409 2640 ardebat
3435 2584 3487 2639 in

1902 2690 2151 2752 camino;
2194 2688 2282 2757 qui
2308 2685 2478 2739 ventri
2512 2684 2696 2736 vivunt
2718 2679 2910 2746 ludzei,
2940 2692 3165 2749 quorum
3196 2677 3334 2731 Deus
3356 2691 3488 2730 ven-

1906 2792 1985 2836 ter
2013 2791 2089 2835 εει
2114 2794 2131 2844 ;
2163 2778 2251 2847 qui
2281 2779 2332 2831 in
2360 2774 2648 2831 solitudine
2668 2786 2885 2840 semper
2909 2768 3224 2839 quaerebant
3243 2767 3410 2822 otium
3436 2774 3491 2819 et

1904 2874 2165 2943 requiem,
2190 2884 2288 2925 cur
2311 2865 2619 2938 perierunt?
2654 2864 2793 2919 sicut
2826 2873 2878 2917 et
2916 2862 3005 2931 qui
3053 2868 3209 2916 erant
3248 2869 3489 2927 tempore

1903 2964 2037 3029 Noe,
2059 2978 2235 3017 annon
2258 2968 2538 3031 propterea
2561 2956 2703 3025 quod
2727 2956 2891 3009 vitam
2913 2954 3189 3023 elegerunt
3218 2950 3414 3005 lautam
3436 2958 3491 3002 et

1905 3049 2258 3110 dissolutam?
2288 3050 2352 3104 Et
2375 3048 2465 3118 qui
2489 3047 2540 3102 in
2563 3044 2809 3103 Sodomis
2824 3051 3044 3114 propter
3061 3040 3348 3112 ingluviem
3385 3056 3399 3091 :
3424 3038 3492 3093 1η

1905 3146 2168 3202 saturitate
2194 3142 2327 3196 enim
2360 3140 2508 3211 panis
2531 3180 2548 3205 ,
2576 3137 2767 3206 inquit,
2794 3134 3120 3188 lasciviebant
3146 3130 3370 3203 (Eseclt.
3403 3129 3489 3185 l6.

1906 3236 2021 3304 s9).
2050 3234 2161 3289 lloc
2189 3232 2255 3287 de
2283 3232 2348 3286 iis
2385 3228 2601 3293 dicitur,
2635 3226 2725 3297 qui
2757 3223 2985 3294 agebant
3013 3221 3280 3277 Sodomis.
3310 3220 3365 3274 Si
3394 3234 3494 3272 au-

1907 3337 2017 3383 tem
2043 3324 2292 3381 saturitas
2316 3322 2467 3392 panis
2508 3327 2710 3373 tantum
2736 3315 2933 3370 malum
2964 3315 3110 3379 fecit,
3141 3311 3266 3381 quid
3291 3310 3491 3365 dixeri-

1911 3431 2030 3473 mus
2047 3415 2116 3471 de
2143 3414 2261 3468 aliis
2287 3409 2550 3481 placentis
2569 3416 2627 3463 et
2646 3404 2920 3462 bellariis?
2940 3404 3081 3459 ESai't
3104 3417 3283 3456 annon
3303 3409 3421 3455 erat
3442 3400 3494 3453 in

1914 3499 2092 3570 quiete
2118 3504 2172 3550 et
2195 3494 2346 3550 otio?
2384 3492 2511 3564 quid
2544 3490 2618 3545 illi
2649 3505 2714 3544 cx
2738 3488 2860 3541 filiis
2886 3485 2979 3541 Dei
3003 3484 3094 3553 qui
3122 3486 3371 3537 viderunt
3392 3494 3504 3534 mu-

1916 3568 2074 3643 lieres
2099 3628 2113 3651 ,
2142 3594 2198 3640 et
2220 3582 2487 3639 deturbati
2510 3590 2634 3635 sunt
2658 3594 2753 3649 per
2774 3574 3102 3647 prccipitia?
3121 3571 3251 3643 quid
3298 3571 3372 3626 illi
3411 3568 3503 3638 qui

1917 3679 1969 3734 in
1998 3675 2265 3733 masculos
2294 3670 2667 3729 insaniebant?
2698 3669 2899 3725 Omnes
2942 3674 3121 3719 autem
3170 3676 3323 3731 reges
3368 3675 3505 3730 geu-

1919 3768 2088 3829 tium,
2130 3763 2546 3836 Babyloniorum
2596 3770 2651 3816 et
2688 3756 3096 3828 Egyptiorum,
3142 3766 3320 3807 annon
3367 3749 3507 3805 male

1918 3858 2081 3911 vitam
2105 3852 2392 3909 finierunt?
2420 3865 2598 3907 annon
2629 3857 2754 3904 sunt
2775 3848 2827 3901 in
2867 3842 3194 3900 tormentis?
3235 3839 3342 3895 Sed
3388 3852 3508 3909 qua:

1922 3960 2065 4001 nunc
2092 3944 2256 4009 llunt,
2288 3944 2374 3998 dic
2400 3942 2552 4009 mihi,
2586 3954 2762 3994 nonne
2807 3946 2932 3991 sunt
2975 3931 3321 4002 huiusmodi?
3368 3928 3507 3983 Audi

1920 4034 2192 4091 Christum
2222 4033 2528 4089 dicentem:
2561 4029 2661 4096 Qui
2691 4027 2924 4081 mollibus
2954 4025 3269 4087 vestiuntur,
3310 4021 3362 4072 in
3409 4017 3507 4071 do-

1923 4127 2085 4181 mibus
2112 4140 2291 4194 regum
2331 4130 2451 4178 sunt
2491 4119 2721 4192 (Matth.
2760 4118 2848 4171 ll.
2892 4114 2992 4186 8);
3042 4114 3132 4183 qui
3178 4120 3357 4165 autem
3402 4124 3509 4163 nou

1927 4217 2117 4271 talibus
2146 4216 2466 4278 vcstiuntur,
2496 4212 2547 4266 in
2573 4210 2741 4266 cadis.
2768 4206 2901 4263 Nam
2928 4206 3089 4261 vestis
3134 4203 3310 4258 mollis
3349 4200 3511 4254 etiam

1876 4324 1883 4329 ·
1924 4315 2193 4361 austerum
2223 4305 2461 4359 animum
2485 4299 2732 4355 dissolvit
2758 4306 2813 4352 et
2838 4294 3035 4365 frangit
3060 4307 3123 4347 ac
3141 4289 3389 4346 diffundit
3412 4305 3425 4340 :
3452 4296 3509 4342 ct

1926 4398 2047 4452 licet
2076 4410 2272 4465 corpus
2314 4393 2581 4462 acceperit
2626 4404 2875 4459 asperum
2921 4397 2977 4442 et
3022 4386 3214 4440 durum
3240 4423 3255 4447 ,
3303 4382 3411 4436 cito
3458 4381 3511 4435 id

1930 4485 2091 4540 molle
2120 4499 2217 4555 per
2245 4483 2467 4539 delicias
2491 4480 2666 4537 reddit
2693 4487 2748 4535 et
2793 4475 3140 4532 imbecillum.
3187 4472 3320 4527 Nam
3369 4471 3515 4527 unde

1931 4577 2029 4631 nisi
2062 4590 2125 4630 cx
2155 4576 2257 4629 hoc
2285 4574 2479 4643 putatis
2504 4572 2756 4626 mulieres
2800 4583 2923 4624 esse
2966 4567 3101 4621 adeo
3152 4565 3378 4631 molles,
3428 4562 3517 4617 dic

1932 4665 2158 4736 quzeso?
2186 4678 2312 4719 num
2341 4678 2407 4719 ex
2435 4664 2553 4717 solo
2577 4661 2745 4716 sexu?
2770 4658 3114 4729 Nequaquam
3138 4699 3153 4723 ,
3181 4655 3275 4711 sed
3320 4669 3385 4709 ex
3433 4654 3517 4707 vi-

1932 4756 2089 4811 vendi
2120 4754 2328 4810 ratione
2378 4763 2431 4808 et
2476 4752 2842 4807 educatione:
2876 4764 2998 4804 nam
3039 4750 3093 4803 in
3144 4745 3330 4800 umbra
3382 4743 3520 4799 edu-

1934 4848 2096 4912 catio,
2131 4846 2296 4899 otium
2318 4884 2334 4911 ,
2365 4843 2573 4898 lavacra
2592 4884 2607 4907 ,
2640 4848 2907 4911 unguenta
2927 4880 2945 4905 ,
2975 4836 3259 4893 multitudo
3300 4847 3521 4891 aroma-

1937 4948 2071 5003 tum,
2101 4936 2289 4990 cubilis
2318 4934 2567 4988 mollities
2596 4946 2689 4987 eas
2713 4932 2847 4986 tales
2868 4928 3054 4985 efﬁcit.
3085 4928 3152 4982 Et
3172 4936 3229 4981 ut
3254 4926 3304 4981 id
3345 4924 3519 4990 scias,

1937 5027 2304 5083 animadverte
2330 5026 2395 5079 ad
2428 5026 2478 5079 id
2508 5023 2649 5095 quod
2679 5023 2821 5077 dico.
2873 5020 3070 5091 Accipe
3112 5018 3242 5073 mihi
3290 5018 3523 5088 plantam

1938 5135 2005 5175 ex
2030 5119 2219 5183 hortis,
2251 5118 2338 5187 qui
2380 5124 2507 5171 sunt
2550 5116 2602 5169 in
2634 5113 2868 5178 deserto,
2896 5120 2951 5166 et
3004 5110 3285 5180 pulsantur
3326 5123 3356 5162 a
3392 5122 3526 5162 ven-

1942 5211 2043 5274 tis,
2072 5219 2127 5265 ct
2152 5224 2289 5279 pone
2314 5222 2431 5263 eam
2471 5206 2523 5289 in
2557 5206 2676 5260 loco
2706 5203 2923 5259 humido
2948 5212 3002 5257 et
3032 5200 3317 5265 umbroso;
3349 5210 3403 5255 ct
3446 5200 3527 5252 in-

1943 5301 2126 5357 venies
2150 5302 2293 5356 illam
2325 5292 2493 5354 multo
2519 5297 2825 5352 inferiorem
2854 5296 2940 5349 illa
2970 5293 3297 5357 conditione,
3328 5306 3393 5347 ex
3424 5306 3527 5361 qua

1945 5406 2061 5449 eam
2086 5392 2360 5463 sumpsisti
2387 5390 2455 5445 ab
2485 5390 2653 5444 initio.
2680 5386 2835 5455 Quod
2858 5398 3037 5441 autem
3064 5387 3168 5441 hoc
3189 5386 3260 5441 sit
3296 5399 3481 5439 verum
3508 5423 3526 5449 ,

1949 5484 2200 5541 mulieres
2228 5499 2348 5551 qum
2375 5483 2594 5536 aluntur
2623 5480 2675 5535 in
2720 5480 2897 5550 agris,
2936 5486 3061 5532 sunt
3102 5475 3351 5531 fortiores
3396 5474 3527 5529 viris

1948 5567 2038 5638 qui
2069 5564 2122 5621 in
2148 5564 2367 5621 urbibus
2398 5564 2671 5627 habitant,
2704 5571 2760 5617 et
2783 5563 2981 5617 multos
3011 5560 3271 5631 ejusmodi
3323 5559 3429 5613 illze
3476 5560 3530 5614 in

1951 5660 2091 5714 lucta
2119 5657 2521 5730 prostravcriut.
2551 5654 2684 5711 Cum
2711 5664 2887 5709 autem
2914 5668 3108 5722 corpus
3140 5652 3333 5706 factum
3374 5650 3533 5706 fuerit

1953 5749 2188 5817 mollius,
2219 5761 2439 5803 necesse
2468 5753 2551 5802 cst
2572 5755 2625 5800 ut
2655 5744 2831 5800 anima
2856 5757 3067 5814 quoque
3087 5742 3265 5798 damni
3296 5740 3381 5795 fiat
3406 5756 3531 5811 par-
