4062 6422
649 341 745 395 ἳΟἹ

647 439 807 502 tircps
842 452 855 488 :
887 452 1005 491 nam
1039 454 1220 510 magna
1249 459 1308 497 ex
1344 456 1488 511 parte
1513 450 1627 513 ejus
1669 454 2001 519 operationes
2036 458 2189 511 simul

645 524 941 581 afficiuntur
969 546 1085 583 cum
1115 532 1255 586 illius
1294 535 1590 591 affectione.
1635 540 1841 596 Etenim
1890 545 1941 597 in
1993 548 2190 602 morbis

643 632 824 672 sumus
853 620 963 685 alii,
995 632 1266 689 propterea
1299 628 1435 693 quod
1467 631 1829 699 emolliamur;
1859 645 1910 689 et
1936 652 2053 689 cum
2076 639 2187 692 sani

642 723 841 773 smnus,
874 726 1052 765 rursus
1071 714 1177 766 alii.
1207 713 1348 769 Sicut
1371 720 1508 772 enim
1540 721 1589 773 in
1617 723 1829 778 chordis
1852 741 1969 779 enm
1996 725 2190 782 fuerint

642 798 754 850 soni
786 800 969 852 molles
993 801 1050 853 et
1074 816 1175 855 non
1200 814 1341 858 recte
1366 809 1565 861 extensi
1589 849 1602 872 ,
1629 812 1756 864 artis
1780 826 1985 882 quoque
2024 817 2187 871 virtus

644 887 972 950 praeciditur,
1018 902 1200 946 coacta
1240 896 1437 950 servire
1466 899 1703 953 mollitiae
1729 902 2042 959 chordarum
2074 924 2086 960 :
2116 908 2184 961 ita

640 974 796 1026 etiam
824 975 872 1026 in
900 990 1121 1043 corpore
1148 982 1307 1034 multa
1335 984 1523 1039 damna
1549 988 1614 1041 ab
1640 1004 1704 1042 eo
1745 992 1933 1061 accipit
1973 996 2142 1047 anima
2167 1036 2183 1062 ,

638 1064 831 1118 multas
860 1069 1221 1123 necessitates.
1244 1070 1371 1124 Nam
1393 1089 1509 1127 cum
1534 1076 1691 1130 multa
1723 1091 1871 1148 egeat
1893 1085 2181 1150 curatione,

635 1150 724 1204 illa
772 1155 1014 1209 acerbam
1063 1160 1285 1213 sustinet
1338 1164 1661 1220 servitutem.
1720 1169 1792 1239 (a)
1837 1171 2182 1235 Quamobrem

637 1258 786 1310 rogo,
820 1244 868 1297 id
901 1246 1178 1302 reddamus
1210 1248 1344 1305 forte
1372 1262 1425 1305 et
1459 1254 1731 1310 robustum
1755 1298 1769 1323 ,
1805 1274 1898 1314 nec
1937 1260 2184 1316 faciamus

635 1333 1232 1391 valetudinarium.'Non
1277 1342 1444 1395 solum
1492 1358 1609 1397 cum
1658 1347 1781 1401 viris
1829 1349 2043 1418 loquor,
2089 1352 2180 1407 sed

636 1425 789 1475 etiam
818 1440 933 1478 cum
966 1428 1294 1485 mulieribus.
1330 1432 1438 1488 Cur
1464 1437 1600 1489 enim
1632 1438 1797 1507 ipsum
1825 1444 2032 1497 assidue
2077 1446 2182 1499 dis-

636 1515 794 1567 solvis
817 1515 1018 1570 deliciis
1038 1559 1051 1581 ,
1084 1520 1321 1590 exileque
1352 1533 1401 1577 et
1429 1509 1699 1581 flaccidum
1727 1530 1870 1595 facis,
1902 1548 1933 1585 ο
1957 1534 2181 1589 mulier?

633 1604 754 1669 quid
775 1606 911 1658 vires
932 1611 1225 1677 corrumpis
1253 1611 1449 1680 adipe?
1472 1614 1631 1682 adeps
1657 1627 1737 1670 est
1763 1620 1809 1672 ei
1834 1620 1989 1674 etiam
2013 1624 2181 1677 molli-

636 1693 753 1758 ties,
784 1709 885 1747 non
916 1696 1093 1750 robur.
1128 1697 1216 1751 Sin
1244 1712 1416 1757 autem
1444 1702 1524 1757 his
1552 1704 1780 1761 dimissis
1808 1717 1927 1764 tunc
1956 1712 2105 1766 aliter
2131 1724 2179 1769 te

631 1798 803 1849 geras,
839 1795 956 1838 tunc
982 1797 1033 1839 et
1063 1788 1394 1856 pulchritudo
1423 1796 1661 1863 corporis
1700 1800 1932 1866 procedit
1957 1817 2023 1856 ex
2061 1818 2181 1857 sen-

633 1876 1037 1944 tentia,quando
1061 1888 1112 1933 et
1147 1882 1282 1935 vires
1320 1884 1581 1939 adfuerint
1608 1898 1660 1941 et
1687 1889 1820 1944 bona
1874 1891 2122 1950 habitudo
2164 1917 2177 1952 :

632 1966 710 2015 sin
734 1973 906 2019 autem
938 1967 1277 2037 ipsumgmille
1304 1974 1500 2028 morbis
1529 1977 1769 2034 obsidens
1790 2024 1804 2045 ,
1836 1998 1933 2037 nec
1957 1988 2053 2039 erit
2084 1987 2180 2042 flos

628 2073 904 2143 corporis,
954 2088 1051 2128 nec
1092 2074 1226 2128 bona
1273 2074 1443 2143 aliqua
1477 2074 1761 2138 habitudo;
1790 2088 1997 2142 semper
2040 2076 2182 2127 enim

628 2165 731 2216 eris
764 2163 814 2216 in
848 2164 1074 2217 tristitia.

697 2254 749 2307 4.
780 2251 938 2307 Scitis
964 2261 1137 2307 autem
1166 2252 1306 2322 quod
1332 2253 1469 2306 sicut
1491 2253 1765 2322 pulchram
1793 2252 2028 2318 domum,
2055 2265 2175 2305 cum

622 2341 674 2393 ci
704 2356 795 2395 aer
813 2340 1074 2406 arriserit,
1102 2341 1277 2395 reddit
1298 2341 1628 2410 splendidam
1664 2358 1676 2394 :
1707 2343 1775 2394 ita
1796 2342 1951 2394 etiam
1977 2341 2182 2410 specio-

624 2448 743 2487 sum
771 2433 1003 2496 vultum,
1049 2431 1095 2486 si
1136 2434 1325 2486 anima:
1365 2432 1611 2485 alacritas
1654 2435 1965 2497 accesserit,
2010 2430 2183 2485 reddit

626 2521 898 2575 meliorem
936 2539 949 2575 :
985 2522 1065 2574 sin
1108 2529 1282 2576 autem
1315 2523 1381 2574 sit
1409 2521 1461 2575 in
1491 2521 1700 2575 tristitia
1736 2532 1789 2576 et
1826 2536 2055 2576 mmrore
2076 2562 2090 2585 ,
2121 2519 2177 2574 lit

622 2609 929 2663 deformior.
958 2608 1251 2664 Tristitiam
1286 2610 1455 2663 morbi
1498 2610 1694 2664 faciunt
1718 2621 1771 2665 et
1798 2611 2174 2679 argritudines;

620 2701 835 2755 morbos
861 2710 1033 2755 autem
1074 2700 1219 2764 facit,
1256 2702 1395 2770 quod
1426 2716 1617 2770 corpus
1646 2700 1843 2755 factum
1873 2702 1941 2755 sit
1968 2701 2178 2755 mollius

618 2805 650 2843 a
686 2791 860 2844 multis
889 2790 1112 2845 deliciis.
1159 2790 1513 2857 Quamobrem
1550 2791 1649 2845 hac
1677 2791 1835 2845 etiam
1866 2791 2069 2845 ratione
2096 2789 2176 2845 fu-

617 2882 724 2949 gite
751 2880 988 2946 delicias,
1018 2882 1062 2935 si
1100 2882 1227 2935 mihi
1256 2882 1506 2936 credatis.
1551 2882 1617 2936 At
1645 2881 1966 2951 voluptatem
1994 2881 2172 2945 habet,

616 2970 805 3039 inquit,
839 2971 1108 3039 indulgere
1134 2973 1291 3041 genio
1329 2980 1382 3025 et
1400 2972 1624 3027 deliciis.
1665 2970 1769 3027 Sed
1800 2986 1906 3026 non
1939 2980 2018 3026 tot
2044 2981 2174 3041 quot

615 3059 902 3114 molestias.
936 3060 1183 3129 Alioquin
1209 3071 1384 3115 autem
1413 3060 1658 3131 voluptas
1677 3072 1759 3116 est
1784 3077 1951 3127 usque
1978 3061 2043 3115 ad
2071 3077 2171 3131 gu-

616 3148 741 3213 lam,
787 3164 956 3218 usque
1003 3150 1067 3203 ad
1109 3150 1340 3219 linguam
1375 3167 1389 3205 :
1424 3165 1605 3205 mensa
1645 3159 1820 3206 autem
1864 3152 2037 3205 ablata
2082 3161 2173 3207 aut

613 3240 733 3292 cibo
771 3240 1041 3305 devorato,
1092 3242 1311 3309 perinde
1340 3257 1399 3297 es
1429 3252 1587 3312 atque
1629 3244 1673 3297 si
1710 3258 1815 3297 non
1856 3242 2020 3297 fueris
2056 3244 2171 3313 ejus

611 3332 908 3400 particeps;
940 3333 1044 3385 imo
1072 3348 1197 3387 vero
1222 3333 1373 3401 longe
1402 3334 1654 3398 deterior,
1684 3346 1741 3387 ut
1766 3335 1852 3402 qui
1884 3334 2006 3389 inde
2027 3337 2171 3391 aufe-

612 3436 695 3475 ras
724 3422 1080 3489 gravedinem,
1114 3423 1489 3478 distentionem
1521 3432 1574 3478 et
1602 3424 2081 3493 pandiculatinnem
2112 3434 2168 3479 et

606 3512 878 3580 crapulam
904 3521 958 3565 et
983 3528 1225 3567 somnum
1250 3515 1402 3567 morti
1431 3515 1675 3576 similem,
1701 3529 1842 3584 saepe
1863 3530 1988 3568 vero
2006 3516 2162 3570 etiam

610 3603 834 3671 vigiliam
866 3616 928 3655 ex
958 3604 1232 3657 saturitate
1265 3611 1318 3656 et
1343 3602 1702 3657 obstructione
1727 3603 1942 3671 spiritus
1962 3613 2016 3658 et
2038 3618 2162 3657 eru-

604 3692 837 3745 etatione
867 3708 880 3743 :
911 3700 962 3744 et
1004 3691 1195 3744 millies
1226 3691 1439 3759 quidem
1468 3698 1706 3745 ventrem
1735 3699 2042 3745 exsecratus
2069 3706 2157 3758 es,

608 3793 727 3831 cum
759 3789 999 3847 oporteat
1018 3774 1477 3849 intemperantiam
1501 3780 1773 3835 detestari.

674 3866 859 3922 Contra
889 3868 1159 3938 ingluviem
1196 3878 1243 3922 et
1280 3871 1609 3922 saturitatem.
1636 3868 1801 3923 —Ne
1825 3884 2017 3939 corpus
2034 3885 2161 3939 ergo

604 3958 1013 4027 impinguemus,
1040 3958 1131 4014 sed
1163 3959 1439 4013 audiamus
1470 3959 1689 4013 Paulum
1712 3959 1971 4014 dicentem
2005 3958 2162 4014 :Car—

602 4050 681 4102 nis
701 4066 870 4103 curam
890 4067 957 4104 ne
975 4051 1188 4121 feceritis
1209 4051 1275 4101 ad
1293 4050 1715 4117 concupiscentias
1733 4047 1905 4121 (Rom.
1930 4050 2017 4103 l3.
2048 4051 2156 4119 14).

604 4138 672 4195 Ut
712 4140 851 4194 enim
880 4140 922 4193 si
954 4141 1069 4208 quis
1098 4140 1246 4193 cibos
1272 4139 1569 4207 acceperit,
1611 4149 1664 4193 et
1694 4139 1746 4192 in
1776 4139 2009 4193 cloacam
2034 4153 2159 4209 pro-

598 4229 804 4299 iecerit,
832 4229 900 4282 ita
945 4229 1104 4283 etiam
1132 4230 1220 4300 qni
1260 4231 1310 4282 in
1339 4238 1579 4284 Ventrem
1626 4228 1856 4297 ingerit:
1900 4230 2005 4283 imo
2031 4244 2157 4284 vero

600 4333 704 4372 non
750 4318 817 4371 ita
841 4358 854 4382 ,
886 4318 976 4372 sed
1015 4318 1171 4388 longe
1202 4318 1370 4387 pejus.
1402 4317 1532 4371 Nam
1570 4317 1657 4372 hic
1682 4318 1893 4387 quidem
1922 4320 2153 4374 cloacam

598 4406 719 4461 facit
745 4407 941 4473 absque
978 4410 1088 4462 suis
1118 4408 1271 4461 malis
1304 4425 1318 4471 ;
1362 4407 1468 4461 illic
1493 4415 1673 4461 autem
1699 4416 1752 4462 et
1781 4408 1994 4463 morbos
2027 4425 2154 4479 pro-

589 4507 737 4551 creat
756 4493 1325 4548 innumerabiles.Nam
1350 4495 1488 4564 quod
1514 4497 1678 4550 nutrit
1704 4507 1783 4551 est
1804 4498 1853 4552 id
1883 4501 2022 4569 quod
2040 4502 2153 4556 sul-

592 4590 722 4645 ttcit.
742 4584 881 4654 quod
906 4585 1063 4638 etiam
1089 4592 1260 4651 potest
1285 4586 1541 4653 concoqui
1572 4602 1586 4638 :
1619 4587 1757 4656 quod
1786 4599 1961 4643 autem
1980 4606 2151 4656 usum,

590 4686 807 4745 supcrat
826 4683 971 4729 etest
991 4674 1107 4742 plus
1119 4688 1274 4743 quam
1299 4688 1393 4742 par
1410 4675 1496 4741 sit,
1517 4690 1620 4729 non
1648 4679 1815 4732 solum
1839 4696 1942 4734 non
1967 4685 2142 4749 nutrit,

673 4840 742 4899 (a)
764 4840 855 4888 Hic
876 4855 1067 4902 quoque
1092 4843 1247 4891 hiatus
1270 4853 1344 4893 est
1376 4848 1423 4895 in
1445 4847 1719 4899 Colbertino
1741 4852 1934 4906 Codice.

1304 353 1360 407 S.
1398 351 1666 407 JOANNIS
1703 351 2163 409 CﬂltYSOSTOMl
2200 352 2511 410 ARCHIEP.
2548 353 3062 410 CONSTANTINOP.

3773 353 3875 408 ευε

2296 462 2386 516 sed
2410 464 2615 531 corpori
2647 465 2803 516 etiam
2848 479 3040 518 noxam
3079 464 3250 520 affert.
3282 466 3351 521 At
3374 467 3550 522 nullus
3578 471 3699 524 hate
3727 471 3869 524 videt

2297 562 2509 622 propter
2536 553 2747 623 vulgare
2789 553 3151 623 prasjudicium
3179 567 3232 611 et
3259 556 3692 630 intempestivam
3720 562 3871 613 volu-

2295 640 2609 711 ptatem.Vis
2623 659 2813 711 corpus
2841 645 3307 719 nutrire?amputa
3338 648 3475 715 quod
3500 648 3784 713 redundat,
3802 649 3867 705 da

2293 732 2429 800 quod
2463 734 2673 799 suflicit,
2694 745 2747 788 et
2775 744 3027 803 quantum
3056 746 3230 804 potest
3255 740 3440 793 confici
3473 749 3527 793 et
3552 742 3815 809 concoqui
3850 761 3862 795 :

2294 824 2400 877 noli
2432 825 2602 893 ipsum
2629 840 2853 894 gravare
2875 867 2890 892 ,
2929 842 2996 881 ne
3030 828 3244 883 obruas.
3287 830 3434 895 Quod
3466 830 3667 886 suflicit
3703 840 3789 886 est
3817 844 3870 887 et

2291 916 2595 971 alimentum
2630 927 2684 971 et
2725 918 2966 987 voluptas
2995 935 3011 972 :
3041 920 3173 974 nihil
3210 923 3350 976 enim
3378 924 3511 978 adeo
3532 923 3695 980 efficit
3719 925 3872 979 volun

2292 1016 2506 1075 ptatem.
2556 1019 2613 1063 ut
2643 1010 2791 1063 cibus
2822 1021 2966 1065 recte
3005 1011 3321 1068 confectus:
3355 1016 3482 1069 nihil
3522 1016 3659 1071 adeo
3698 1016 3867 1071 efficit

2290 1097 2606 1161 sanitatem,
2653 1098 2783 1151 nihil
2832 1098 2967 1153 adeo
3005 1114 3226 1156 acumen
3271 1116 3548 1168 sensuum,
3598 1106 3732 1159 nihil
3784 1117 3867 1162 est

2290 1185 2428 1253 quod
2459 1188 2700 1241 morbum
2732 1203 2882 1256 atque
2908 1190 3204 1259 propulset.
3234 1190 3375 1260 Ergo
3394 1194 3533 1262 quod
3557 1194 3763 1249 suflicit
3784 1205 3865 1251 est

2292 1283 2343 1327 et
2371 1275 2677 1329 alimentum
2716 1284 2769 1331 et
2797 1277 3039 1347 voluptas
3079 1289 3131 1334 et
3162 1283 3359 1335 sanitas
3391 1299 3406 1348 ;
3453 1285 3594 1353 quod
3626 1301 3759 1340 vero
3783 1296 3867 1345 est

2292 1365 2410 1433 plus
2454 1381 2610 1435 quam
2656 1382 2749 1435 par
2789 1368 2878 1433 sit,
2921 1379 3002 1423 est
3050 1380 3103 1423 et
3141 1370 3390 1427 damnum
3431 1384 3485 1430 et
3523 1377 3772 1431 molestia
3811 1388 3865 1433 et

2292 1457 2527 1508 morbus.
2561 1454 2689 1509 Nam
2720 1473 2837 1525 quae
2876 1457 2998 1511 facit
3026 1459 3211 1525 fames,
3243 1461 3365 1517 facit
3391 1466 3551 1519 etiam
3581 1469 3860 1534 saturitas,

2289 1551 2442 1612 atque
2471 1542 2604 1597 adeo
2634 1546 2873 1612 graviora
2904 1564 2916 1598 :
2943 1563 3062 1601 nam
3091 1550 3178 1604 illa
3207 1552 3421 1619 quidem
3454 1558 3638 1624 paucis
3665 1558 3855 1615 diebus

2287 1630 2497 1684 abducit
2522 1642 2572 1685 et
2615 1633 2804 1688 liberat
2844 1635 3108 1691 hominem
3136 1655 3151 1702 ;
3188 1640 3298 1695 tunc
3326 1658 3451 1697 vero
3473 1660 3671 1717 corpus
3701 1663 3860 1703 arro-

2287 1721 2416 1775 dens
2445 1730 2497 1775 et
2527 1723 2879 1790 pntrefaciens
2900 1766 2913 1789 ,
2960 1726 3117 1797 longo
3144 1730 3302 1784 tradit
3330 1734 3516 1788 morbo
3538 1777 3552 1800 ,
3583 1746 3636 1790 et
3664 1737 3862 1794 deinde

2287 1812 2441 1865 morti
2491 1814 2835 1881 gravissimae.
2878 1815 2987 1871 Nos
3032 1830 3204 1873 autem
3248 1820 3439 1877 famem
3482 1826 3700 1895 quidem
3744 1844 3860 1883 rem

2286 1902 2525 1957 ducimus
2548 1904 2983 1973 abominandam,
3012 1908 3077 1964 ad
3108 1912 3440 1968 saturitatem
3469 1931 3597 1970 vero
3636 1918 3857 1974 nimiam

2284 1995 2567 2048 currimus.
2592 1994 2741 2050 Unde
2764 1996 2848 2051 hic
2875 1999 3093 2055 morbus
3119 2000 3141 2053 ?
3168 2002 3306 2057 unde
3328 2004 3441 2058 haec
3468 2006 3717 2062 insania?
3740 2010 3856 2065 Non

2284 2083 2403 2137 dico
2436 2093 2492 2137 ut
2533 2099 2629 2138 nos
2659 2088 2980 2154 cruciemus,
3024 2090 3115 2144 sed
3163 2101 3218 2146 ut
3248 2100 3448 2147 tantum
3485 2098 3854 2165 eomedamus,

2284 2186 2340 2229 ut
2365 2184 2419 2230 et
2450 2176 2767 2243 voluptatem
2811 2179 3001 2233 habeat
3039 2197 3158 2250 qua:
3195 2198 3320 2238 vere
3358 2194 3439 2239 est
3481 2187 3729 2256 voluptas
3753 2232 3770 2257 ,
3802 2200 3858 2245 ct

2283 2266 2448 2335 possit
2467 2280 2658 2334 corpus
2673 2266 2816 2322 alere
2837 2278 2889 2321 et
2916 2268 3139 2325 reddere
3168 2282 3347 2341 aptum
3371 2285 3425 2328 et
3445 2279 3850 2344 concinnatum,

2281 2364 2718 2425 compactumque
2758 2368 2905 2412 recte
2934 2368 2987 2412 et
3014 2363 3363 2431 compositum
3401 2366 3463 2418 ad
3493 2368 3689 2421 anima:
3723 2384 3853 2438 ope—

2280 2444 2531 2499 rationes.
2557 2444 2777 2511 Quando
2797 2456 2974 2502 autem
3002 2448 3156 2505 fuerit
3185 2453 3405 2508 nimium
3428 2454 3479 2509 in
3508 2457 3561 2510 id
3581 2458 3849 2527 ingestum

2279 2534 2663 2589 nutrimentum
2688 2575 2703 2602 ,
2744 2552 2849 2590 non
2883 2547 3087 2607 potest,
3131 2551 3191 2596 ut
3236 2544 3307 2598 ita
3351 2544 3519 2599 dicam
3543 2588 3557 2611 ,
3590 2548 3775 2603 clavos
3800 2559 3855 2605 et

2300 2622 2609 2677 commissas
2630 2638 2913 2696 compages
2934 2630 3159 2685 retinere
3182 2644 3396 2703 propter
3414 2636 3827 2695 redundantiam
3852 2661 3867 2697 :

2304 2710 2534 2781 ingressa
2580 2715 2771 2784 quippe
2810 2718 3158 2775 redundantia
3191 2732 3357 2778 totum
3394 2725 3639 2782 dissolvit
3683 2740 3739 2785 et
3766 2732 3868 2786 dif-

2301 2801 2488 2857 fundit.
2520 2803 2726 2872 Carnis,
2768 2808 2963 2877 inquit,
3011 2829 3181 2866 curam
3224 2831 3285 2867 ne
3320 2818 3537 2885 feceritis
3573 2822 3641 2872 ad
3681 2837 3869 2876 cancu-

2295 2892 2561 2959 piscentins
2589 2894 2759 2963 (Rom.
2788 2897 2871 2952 15.
2900 2899 3007 2971 14).
3030 2900 3194 2957 Recte
3218 2904 3369 2969 dixit,
3395 2904 3475 2958 Ad
3494 2912 3863 2977 concupiscen-

2295 2980 2423 3046 tias;
2451 2981 2651 3038 delicia:
2676 2986 2816 3039 enim
2847 2998 2972 3043 sunt
3009 2992 3224 3046 materia
3253 2993 3518 3050 obscaenis
3548 2999 3864 3067 cupiditati-

2291 3069 2422 3136 bus;
2473 3073 2678 3129 etiamsi
2726 3076 2770 3130 is
2816 3078 2908 3147 qui
2957 3079 3194 3151 indulget
3240 3083 3443 3141 deliciis
3493 3087 3564 3141 sit
3616 3091 3861 3145 omnium

2292 3163 2517 3218 maxime
2547 3164 2909 3236 philosophus,
2938 3186 3153 3227 necesse
3173 3184 3251 3227 est
3276 3183 3330 3229 ut
3349 3176 3631 3246 aliquando
3656 3178 3862 3235 afficia-

2289 3260 2372 3305 tur
2397 3268 2425 3306 a
2452 3255 2573 3308 vino
2601 3265 2654 3309 et
2692 3258 2852 3323 cibis,
2884 3276 3100 3316 necesse
3141 3272 3224 3319 est
3265 3274 3320 3318 ut
3361 3266 3715 3336 diffundatur,
3760 3288 3858 3328 ne-

2284 3362 2431 3403 cesse
2458 3358 2539 3404 est
2564 3359 2621 3404 ut
2649 3354 2901 3421 majorem
2926 3355 3155 3423 perferat
3176 3356 3462 3413 ﬂammam.
3489 3360 3625 3418 Hinc
3646 3374 3853 3434 stupra,

2284 3437 2406 3493 hinc
2434 3440 2689 3495 adulteria
2715 3460 2727 3496 :
2762 3457 2866 3497 non
2897 3454 3068 3513 potest
3094 3448 3235 3501 enim
3258 3463 3489 3503 amorem
3514 3466 3706 3521 parere
3726 3470 3857 3511 ven-

2281 3536 2361 3580 ter
2400 3530 2671 3593 esuriens,
2719 3530 2825 3585 imo
2862 3548 2989 3588 vero
3034 3550 3133 3590 nec
3175 3537 3220 3591 is
3259 3539 3347 3607 qui
3393 3540 3557 3593 utitur
3595 3556 3663 3596 eo
3706 3544 3851 3614 quod

2277 3616 2505 3683 sufficit;
2536 3621 2622 3689 qui
2650 3636 2778 3675 vero
2806 3624 2939 3691 parit
2969 3624 3247 3680 obscoenas
3277 3627 3575 3695 voluptates
3597 3670 3611 3693 ,
3644 3631 3735 3685 ille
3766 3643 3847 3687 est

2274 3705 2363 3773 qui
2396 3706 2627 3777 indulget
2652 3708 2874 3765 deliciis.
2898 3712 2964 3767 Et
2984 3714 3120 3767 sicut
3141 3722 3277 3769 terra
3304 3716 3453 3770 valde
3475 3718 3691 3773 humida
3717 3736 3847 3789 pro-

2269 3802 2417 3847 creat
2445 3807 2668 3855 vermes,
2702 3804 2754 3847 et
2780 3794 2937 3849 fimus
2959 3796 3045 3865 qui
3068 3799 3326 3854 madescit
3345 3810 3400 3855 et
3430 3804 3651 3857 multum
3685 3804 3849 3863 habet

2270 3882 2578 3946 humorem;
2607 3895 2789 3937 contra
2816 3896 2992 3939 autem
3019 3895 3158 3941 terra
3180 3904 3297 3958 qua:
3318 3899 3398 3945 est
3417 3890 3485 3945 ab
3507 3893 3597 3947 illo
3616 3892 3845 3952 humore

2268 3972 2432 4027 libera
2457 4014 2469 4035 ,
2502 3972 2602 4026 fert
2631 3974 2825 4029 multos
2864 3974 3100 4043 fruetus,
3131 3992 3250 4033 cum
3289 3979 3417 4035 nihil
3464 3981 3656 4037 habeat
3699 3988 3844 4053 quod

2266 4062 2480 4116 modum
2517 4062 2781 4118 excedat:
2820 4078 2941 4118 nam
2984 4066 3194 4121 etiamsi
3227 4083 3331 4123 non
3377 4070 3606 4137 colatur,
3644 4076 3846 4131 emittit

2266 4150 2518 4217 herbam;
2550 4154 2630 4208 sin
2662 4164 2837 4210 autem
2862 4158 3086 4222 colatur,
3116 4158 3317 4214 fructus
3341 4178 3353 4213 :
3382 4161 3451 4216 ita
3480 4178 3577 4218 nos
3603 4180 3841 4235 quoque.

2263 4241 2339 4296 Ne
2368 4242 2526 4311 igitur
2550 4258 2763 4297 carnem
2793 4245 3077 4300 reddamus
3102 4247 3367 4313 inutilem,
3396 4267 3567 4323 neque
3595 4258 3837 4323 noxiam,

2263 4333 2355 4387 sed
2383 4335 2431 4387 in
2460 4349 2519 4389 ea
2547 4335 2844 4404 plantemus
2874 4338 3029 4393 utiles
3055 4340 3258 4397 fruetus
3286 4353 3341 4398 et
3366 4344 3586 4401 arbores
3613 4347 3837 4418 frugife-

2262 4438 2367 4482 ras.
2398 4434 2449 4478 et
2478 4440 2725 4482 curemus
2750 4442 2818 4481 ne
2840 4443 2930 4483 eas
2952 4429 3305 4486 dissolvamus
3329 4434 3530 4489 deliciis
3555 4453 3568 4487 :
3599 4454 3723 4492 nam
3753 4440 3837 4497 hac

2262 4514 2567 4581 putrefactas:
2596 4531 2803 4572 vermes
2829 4533 2925 4586 pro
2960 4519 3216 4575 fructibus
3257 4526 3521 4580 emittunt.
3548 4526 3621 4581 lta
3667 4530 3829 4588 etiam

2262 4603 2435 4656 innata
2465 4605 2742 4673 cupiditas,
2764 4608 2806 4661 si
2833 4622 2947 4661 eam
2979 4609 3350 4678 madefeceris,
3380 4628 3622 4682 procreat
3645 4628 3834 4689 turpes

2258 4694 2569 4760 voluptates,
2601 4694 2707 4748 imo
2732 4697 3081 4767 turpissimae.
3107 4700 3254 4755 Hanc
3281 4703 3456 4772 itaque
3477 4704 3618 4760 luem
3648 4712 3831 4764 omni-

2256 4783 2413 4836 modo
2453 4782 2784 4849 auferamus,
2817 4796 2873 4840 ιιι
2913 4790 3178 4857 possimus
3218 4791 3353 4846 bona
3398 4796 3659 4863 promissa
3691 4814 3830 4857 con-

2255 4873 2425 4940 sequi,
2455 4874 2506 4926 in
2530 4874 2739 4929 Christo
2767 4874 2893 4930 Jesu
2926 4878 3147 4933 Domino
3172 4891 3373 4947 nostro,
3400 4895 3503 4938 etc.

1940 5029 2276 5093 HOMIIJA
2333 5034 2544 5095 XXX.

597 5133 722 5188 Car.
747 5136 831 5190 1‘2.
857 5153 907 5191 v.
942 5139 1025 5193 11.
1048 5140 1221 5195 Omnis
1239 5153 1402 5196 autem
1423 5144 1689 5213 disciplina
1716 5148 1765 5200 in
1797 5151 2026 5217 praesenti
2043 5151 2155 5217 qui-

666 5228 778 5278 dau
810 5228 998 5281 videtur
1024 5247 1122 5283 non
1150 5249 1252 5285 esse
1280 5236 1571 5301 gaudii,sed
1592 5239 1813 5289 muneris
1830 5253 1849 5299 ;
1868 5249 2037 5307 postea
2058 5257 2155 5292 au-

668 5324 763 5366 tent
792 5319 1006 5385 fructum
1037 5322 1407 5387 pacatissimam
1438 5326 1714 5380 exercitatis
1741 5344 1829 5395 per
1849 5344 1956 5380 eam
1985 5331 2157 5383 reddet

662 5410 894 5478 justitiw.
930 5408 1015 5465 12.
1052 5410 1270 5481 Propter
1304 5416 1434 5482 quod
1460 5418 1690 5471 remissas
1717 5435 1893 5472 manus
1922 5429 1967 5472 et
1991 5422 2156 5475 soluta

668 5514 830 5565 genua
854 5500 1025 5566 erigite
1052 5516 1071 5553 :
1100 5501 1184 5554 15.
1210 5512 1255 5555 et
1272 5520 1465 5574 gressus
1490 5516 1645 5559 rectos
1672 5507 1821 5573 facite
1853 5509 2055 5577 pedibus
2074 5526 2158 5563 ve-

669 5587 805 5650 stris,
826 5597 876 5639 ut
894 5605 991 5642 non
1004 5589 1295 5645 claudicnns
1310 5594 1419 5661 quis
1434 5597 1742 5665 erret,magis
1758 5607 1920 5649 autent
1932 5608 2151 5651 sanetur.

672 5678 719 5730 l.
752 5678 847 5742 Qui
880 5692 1053 5734 amara
1082 5679 1263 5737 bibttnt
1304 5684 1683 5741 medicamenta
1704 5728 1717 5753 ,
1763 5689 1903 5756 prius
1943 5689 2151 5758 quidem

2262 5147 2525 5214 quoddam
2568 5146 2741 5200 ferunt
2769 5146 2981 5201 taedium
3017 5156 3070 5201 et
3108 5147 3433 5211 molestiam,
3467 5154 3519 5201 et
3550 5154 3675 5200 tunc
3704 5161 3829 5201 sen-

2264 5239 2399 5290 titmt
2426 5238 2721 5291 utilitatem.
2752 5236 2893 5291 Talis
2916 5239 3055 5292 enim
3086 5252 3171 5291 res
3198 5245 3279 5291 est
3306 5237 3505 5300 virtus,
3533 5245 3587 5290 et
3614 5238 3719 5292 tale
3745 5239 3828 5291 vi-

2266 5328 2391 5381 tium
2418 5344 2430 5379 :
2458 5329 2620 5395 prima
2645 5328 2855 5398 quidem
2880 5329 2984 5383 illic
3004 5336 3085 5382 est
3103 5328 3366 5397 voluptas,
3395 5328 3591 5383 deinde
3612 5332 3829 5399 :rgritn-

2262 5418 2364 5481 do;
2400 5420 2483 5473 hic
2511 5434 2637 5473 vero
2669 5420 2891 5489 primum
2920 5420 3196 5489 :cgritudo,
3218 5430 3271 5475 et
3290 5433 3413 5475 tunc
3437 5423 3703 5490 voluptas.
3724 5423 3829 5478 Sed

2263 5510 2476 5563 minime
2513 5520 2635 5563 sunt
2668 5510 2809 5578 paria
2836 5527 2848 5564 :
2877 5525 2983 5564 non
3012 5520 3093 5566 est
3117 5512 3258 5565 enim
3290 5527 3401 5580 par,
3430 5527 3550 5565 cuin
3582 5512 3827 5568 molestia

2264 5599 2407 5666 prius
2429 5598 2645 5654 affectus
2669 5600 2849 5668 fueris,
2871 5611 3049 5671 postea
3070 5602 3233 5655 lactari
3255 5616 3269 5665 ;
3292 5611 3345 5654 et
3370 5616 3489 5655 cum
3511 5604 3656 5669 prius
3680 5604 3828 5657 trcta-

2264 5698 2343 5744 tns
2357 5688 2538 5755 fueris,
2558 5698 2733 5755 postea
2747 5686 2991 5741 molestia
3013 5678 3448 5749 affici.Quomodo
3463 5682 3485 5734 ?
3501 5682 3595 5737 llic
3616 5681 3827 5751 quidem

3352 5776 3368 5807 1
