4062 6412
220 378 328 434 209

222 481 550 556 exspectatio
589 477 780 533 futura:
816 473 1046 530 tristitia:
1092 477 1407 540 pra-sentem
1435 465 1626 556 minuit
1657 460 1808 556 volu-

225 551 451 648 ptatem;
473 570 583 626 illic
596 575 774 622 autem
795 563 1124 635 exspectatio
1147 559 1336 613 futura!
1358 556 1554 648 lsetitizc
1574 551 1810 610 detrahit

225 647 290 724 de
307 662 641 722 vehementia
663 656 858 730 prioris
882 653 1044 709 animi
1065 649 1392 722 :rgritudiuis
1415 647 1584 703 :adeo
1608 655 1663 698 ut
1683 657 1814 698 con-
1850 709 1853 712 1

228 761 394 828 tingat
419 753 528 808 illic
549 749 761 821 quidem
791 758 1078 814 numquam
1114 740 1304 805 lauari,
1338 739 1422 793 hic
1450 746 1627 792 autem
1657 749 1812 828 num:-

227 823 386 919 qnam
407 843 619 900 tristitia
639 838 805 893 affici.
822 836 938 892 Non
959 834 1130 890 solum
1147 840 1325 886 autem
1352 830 1453 884 hac
1473 828 1703 919 ratione,
1718 823 1813 880 sed

230 915 392 994 etiam
411 935 512 990 alia
537 942 622 988 est
646 927 968 985 dill'erentia.
988 921 1304 991 Quomodo?
1332 919 1534 988 Nempe
1554 915 1694 987 quod
1723 929 1816 970 ne-

231 1045 337 1100 que
357 1026 500 1097 paria
517 1032 642 1079 sunt
662 1030 926 1090 tempora,
942 1016 1034 1072 sed
1060 1016 1216 1086 longe
1233 1013 1433 1081 majora
1458 1019 1512 1065 ct
1534 1008 1814 1100 ampliora.

237 1097 334 1172 llic
359 1124 538 1170 autem
560 1118 644 1167 est
663 1110 826 1166 etiam
863 1105 1061 1176 aliquid
1083 1101 1308 1173 amplius
1335 1101 1387 1155 in
1428 1097 1815 1168 spiritualibus.

237 1211 322 1266 Ab
337 1208 440 1264 hoc
462 1217 590 1276 ergo
607 1201 803 1260 Paulus
820 1206 1044 1255 conatur
1067 1193 1490 1250 consolationem
1519 1188 1711 1243 all‘erre
1729 1202 1744 1250 ;
1765 1195 1818 1241 et

240 1309 526 1355 commune
552 1306 746 1349 rursus
769 1289 994 1345 assumit
1016 1285 1300 1356 judicium,
1327 1281 1412 1334 cui
1440 1277 1617 1335 nullus
1646 1285 1821 1345 potest

241 1390 511 1450 resistere,
525 1398 702 1453 neque
723 1397 843 1438 cum
855 1376 1122 1436 communi
1139 1388 1373 1444 pugnare
1384 1369 1669 1427 sententia.
1689 1366 1820 1422 Nam

244 1495 367 1536 cum
395 1478 595 1540 dixerit
615 1474 735 1546 quis
758 1469 810 1527 id
835 1470 902 1526 de
924 1482 1030 1539 quo
1057 1473 1270 1522 constat
1297 1462 1437 1534 apud
1459 1475 1670 1525 omnes,
1693 1472 1823 1514 con-

245 1582 485 1640 sentiunt
504 1586 711 1631 omnes,
731 1578 786 1622 et
801 1579 958 1619 nemo
971 1556 1318 1615 contradicat.
1339 1551 1592 1610 Man-etis,
1617 1547 1791 1644 inquit
1801 1559 1815 1594 :

249 1632 364 1728 hoc
378 1664 670 1724 secundum
698 1658 958 1715 rationem
987 1659 1106 1708 est:
1133 1647 1258 1703 talis
1284 1643 1426 1728 enim
1448 1652 1535 1693 res
1558 1645 1638 1692 est
1652 1632 1821 1732 disci-

251 1723 550 1833 plina.talc
577 1753 735 1807 habet
758 1743 1096 1833 principium.
1129 1737 1254 1833 Ideo
1281 1724 1361 1789 sic
1389 1728 1566 1833 intulit

246 1821 426 1906 autem
451 1842 721 1912 disciplina
764 1839 819 1891 in
857 1830 1092 1905 prasenti
1127 1826 1328 1898 quidem
1362 1821 1554 1912 videtur
1589 1831 1688 1869 non
1718 1825 1824 1866 esse

249 1939 460 2012 gaudii,
494 1908 592 1989 sed
620 1927 865 1985 rumoris.
896 1917 1222 2012 RecteAdisit
1241 1908 1656 2012 union-videtur,

249 1997 395 2086 enim
426 1997 512 2079 est
550 2017 828 2088 disciplina
873 2008 1154 2072 mmroris,
1198 2001 1292 2058 sed
1331 2008 1539 2088 tantum,
1571 1997 1822 2088 videtur:

253 2083 364 2168 non
387 2111 501 2165 haec
521 2083 739 2179 quidem
757 2101 991 2164 videtur,
1011 2099 1100 2153 illa
1130 2111 1262 2158 non,
1284 2091 1378 2148 sed
1397 2087 1576 2144 omnis
1599 2103 1615 2179 ς
1644 2083 1830 2138 Omnis

253 2201 401 2258 enim
429 2176 709 2268 disciplina
737 2210 840 2249 non
867 2190 1072 2246 videtur
1109 2201 1223 2242 esse
1269 2180 1481 2252 gaudii,
1524 2176 1616 2232 sed
1646 2187 1832 2227 maro-

255 2294 364 2355 ris;
394 2291 445 2345 id
478 2297 582 2353 est,
602 2293 656 2343 et
687 2287 922 2341 humana
946 2290 999 2337 et
1022 2275 1340 2350 spiritualis.
1368 2269 1534 2325 Vides
1557 2281 1682 2322 eum
1704 2279 1836 2318 eon-

257 2382 481 2439 tendere
498 2395 564 2435 ex
586 2375 966 2434 communibus
997 2363 1350 2426 actionibus?
1381 2355 1832 2424 Videtur,inquit,

256 2492 372 2531 esse
417 2471 654 2527 tumoris
690 2485 710 2523 :
747 2468 930 2537 itaque
977 2476 1086 2518 non
1123 2468 1224 2515 est.
1264 2454 1399 2522 Quis
1445 2451 1590 2507 enim
1632 2457 1838 2501 mceror

259 2564 403 2636 parit
444 2560 736 2634 gaudium?
779 2557 970 2612 Nullus
1014 2571 1030 2608 :
1073 2553 1214 2608 sicut
1259 2562 1358 2636 nec
1394 2544 1646 2613 voluptas
1692 2537 1837 2608 parit

258 2635 431 2709 anitni
467 2646 837 2721 aegritudinem
868 2652 922 2700 et
947 2641 1223 2696 tristitiam
1245 2635 1342 2708 (α).

334 2718 629 2809 Disciplina
643 2735 794 2789 bona.
807 2761 877 2773 —-
892 2729 1077 2782 Postea
1091 2734 1256 2780 autem
1274 2727 1468 2794 {ructus
1491 2718 1838 2809 paratissimos

260 2830 427 2887 reddit
467 2807 528 2880 iis
554 2825 640 2894 qui
669 2839 759 2894 per
785 2822 950 2890 ipsam
990 2825 1104 2870 sunt
1145 2811 1406 2868 exercitati
1437 2810 1673 2882 justitite.
1719 2807 1836 2861 Non

261 2921 523 2980 fructum,
569 2914 664 2969 sed
709 2911 910 2966 fructus
935 2906 1106 2970 dixit,
1149 2917 1393 2972 magnam
1439 2898 1835 2955 multitudinem

162 3003 170 3009 ’
260 3006 586 3078 signiﬁcans.
623 3000 725 3054 Per
751 3000 916 3069 ipsum
955 2993 1272 3054 exercitatis,
1304 2990 1504 3059 inquit;
1539 2986 1590 3043 id
1618 2995 1739 3078 est,
1760 2986 1838 3078 iis

260 3076 352 3169 qui
381 3097 542 3165 longo
572 3103 808 3161 tempore
834 3087 1204 3142 sustinuerunt
1245 3089 1302 3136 et
1327 3080 1643 3134 tolerarunt.
1677 3076 1838 3130 Vides

262 3199 321 3244 ut
358 3189 518 3243 etiam
566 3186 705 3238 bono
734 3179 898 3234 verbo
937 3187 1021 3232 est
1068 3174 1235 3229 usus?
1276 3171 1562 3241 Disciplina
1588 3185 1715 3239 ergo
1756 3176 1840 3224 est

263 3277 601 3339 exercitatio,
636 3273 826 3328 fortem
849 3268 1077 3324 reddens
1107 3265 1360 3318 athletam
1383 3302 1396 3326 ,
1427 3271 1482 3317 et
1508 3261 1757 3316 invictum
1784 3261 1840 3314 in

263 3367 674 3430 certaminibus,
707 3373 760 3418 et
799 3363 853 3416 in
895 3360 1049 3415 bellis
1095 3354 1578 3424 inexpugnabilem.
1627 3352 1682 3407 Si
1711 3367 1840 3422 ergo

265 3461 441 3517 omnis
479 3455 757 3526 disciplina
804 3460 888 3507 est
932 3449 1085 3516 talis,
1135 3447 1251 3501 lucc
1296 3460 1505 3516 quoque
1553 3444 1654 3500 erit
1701 3445 1839 3499 talis.

266 3551 624 3622 Quamobrem
653 3548 792 3602 bona
814 3551 939 3598 sunt
963 3537 1343 3608 exspectanda,
1366 3547 1420 3592 et
1435 3536 1700 3606 jucundus
1723 3536 1842 3591 ﬁnis

267 3661 331 3700 ac
363 3649 601 3714 pacatus.
634 3637 745 3692 Nec
774 3636 983 3690 mireris
1013 3631 1055 3686 si
1087 3646 1206 3686 cum
1235 3630 1304 3684 sit
1329 3629 1480 3693 dura,
1515 3629 1716 3683 fructus
1743 3628 1841 3682 ha-

269 3739 393 3793 beat
421 3733 604 3788 dulces
628 3747 642 3782 :
677 3743 797 3782 nam
824 3727 983 3781 etiam
1015 3725 1067 3777 in
1113 3722 1391 3777 arboribus
1419 3730 1601 3776 cortex
1628 3720 1843 3790 quidem

267 3836 352 3884 est
384 3840 549 3896 prope
581 3822 754 3878 omnis
792 3832 984 3887 expers
1009 3815 1279 3885 qualitatis
1323 3824 1377 3868 et
1416 3829 1593 3884 asper,
1638 3812 1844 3868 fructus

269 3928 450 3972 autem
474 3922 598 3967 sunt
625 3911 838 3967 dulces.
867 3907 972 3963 Sed
1003 3907 1104 3961 hoc
1127 3905 1334 3974 accepit
1357 3919 1421 3957 es
1446 3903 1714 3959 communi
1748 3919 1846 3958 no—

276 4009 442 4062 tione.
470 4005 525 4058 Si
553 4009 764 4072 oportet
791 4012 919 4068 ergo
946 3997 1066 4050 talia
1097 4003 1431 4062 exspectare,
1459 3995 1581 4063 quid
1610 3993 1845 4049 doletis?

270 4112 370 4150 cur
392 4109 513 4149 cum
539 4091 759 4146 molesta
789 4087 1168 4149 su‘stinueritis,
1198 4084 1250 4138 in
1281 4084 1434 4137 bonis
1458 4083 1648 4153 ignavo
1677 4093 1731 4138 et
1758 4099 1846 4138 re-

274 4185 443 4240 misso
470 4183 650 4237 animo
674 4179 838 4236 estis?
885 4176 1174 4246 Injucunda
1200 4217 1218 4240 ,
1263 4190 1380 4244 quas
1408 4185 1564 4229 erant
1591 4175 1806 4231 ferenda
1829 4217 1844 4245 ,

279 4267 608 4319 sustinuistis
634 4283 651 4319 :
682 4282 747 4321 ne
775 4267 946 4334 ignavi
974 4280 1102 4334 ergo
1129 4274 1181 4319 et
1212 4267 1418 4319 remissi
1461 4267 1576 4320 sitis
1607 4273 1746 4322 circa
1777 4285 1862 4324 re-

281 4357 726 4409 munerationem.
758 4355 977 4420 Pmpter
1004 4355 1140 4422 quod
1164 4357 1396 4408 remissas
1425 4371 1603 4408 manus
1626 4368 1671 4409 et
1697 4376 1860 4427 genua

280 4446 471 4499 debilia
497 4446 690 4515 erigite,
724 4457 770 4498 et
799 4462 996 4515 gressus
1024 4454 1183 4497 rectos
1219 4445 1371 4511 facile
1410 4444 1617 4513 pedibus
1647 4450 1820 4500 vestris
1843 4489 1857 4512 ,

281 4545 336 4588 ut
362 4551 462 4588 non
493 4535 784 4587 claudicans
809 4534 919 4602 quis
946 4542 1094 4595 erret,
1128 4533 1288 4603 magis
1314 4543 1478 4585 autent
1508 4544 1729 4588 sanetur.
1758 4537 1863 4590 Eos

285 4637 555 4693 tamquam
584 4640 829 4679 cursorcs
855 4625 1144 4692 alloquitur
1171 4631 1224 4677 et
1250 4623 1451 4691 pugiles
1479 4635 1530 4678 et
1558 4625 1859 4681 bellatores.

289 4713 448 4769 Vides
465 4714 728 4783 quomodo
751 4729 842 4768 eos
864 4724 1053 4779 armet,
1073 4713 1339 4781 quomodo
1356 4728 1448 4768 eos
1465 4715 1658 4768 excitet
1677 4717 1698 4769 ?
1715 4715 1866 4768 Cres-

283 4823 391 4872 sus,
419 4807 617 4875 inquit,
645 4815 800 4859 rectos
828 4806 1015 4873 [αιὶιες
1046 4805 1094 4856 id
1125 4814 1225 4869 est,
1257 4816 1402 4859 recte
1432 4806 1721 4860 ambulate.
1769 4807 1863 4861 ilic

285 4894 416 4947 dicit
443 4895 509 4947 de
535 4895 661 4961 ipsis
681 4895 1088 4962 cogitationibus
1112 4912 1123 4946 ε
1151 4903 1294 4948 recte
1315 4895 1601 4960 ambulate,
1635 4898 1734 4952 hoe
1757 4909 1860 4963 est,

288 4999 397 5036 non
426 4983 745 5037 dubitantes.
781 4985 833 5037 Si
863 4985 1003 5036 enim
1038 4983 1310 5052 disciplina
1338 4993 1419 5038 est
1457 5001 1518 5038 ex
1547 4966 1786 5053 caritate,
1821 4991 1863 5042 si

290 5073 474 5139 incipit
495 5090 523 5125 a
550 5088 696 5138 cura,
719 5075 760 5126 si
786 5073 976 5125 desinit
1007 5074 1056 5125 in
1086 5074 1280 5127 bonum
1311 5075 1468 5127 finem
1494 5094 1504 5127 :
1528 5076 1629 5130 hoc
1653 5079 1865 5134 enimet

292 5177 385 5230 per
403 5176 507 5224 res,
528 5173 577 5215 et
599 5178 688 5230 per
710 5164 888 5226 verba,
911 5173 960 5216 et
986 5178 1076 5230 per
1101 5164 1276 5216 omnia
1296 5165 1561 5219 ostendit:
1583 5181 1676 5219 cur
1692 5168 1865 5235 ignavi

291 5252 421 5305 estis
447 5262 500 5305 et
527 5253 730 5304 remissi
754 5253 776 5303 ‘?
805 5252 933 5305 tales
951 5255 1089 5305 enim
1120 5262 1243 5306 sunt
1265 5253 1351 5323 qui
1384 5256 1615 5308 animum
1639 5257 1867 5326 deSpon-

291 5342 506 5406 dcrunt,
529 5343 615 5410 qui
650 5359 712 5396 ne
752 5343 1043 5395 futurorum
1077 5343 1287 5411 quidem
1321 5359 1414 5413 spe
1463 5347 1864 5402 confirmantur.

296 5429 467 5495 Recte,
501 5431 683 5498 inquit,
729 5433 1021 5485 ambulate:
1054 5442 1108 5485 ut
1153 5448 1258 5486 non
1299 5435 1612 5489 extendatur
1668 5438 1867 5492 claudi-

293 5523 466 5584 catio,
495 5523 586 5577 sed
620 5531 851 5576 nmtetur
898 5523 960 5577 ad
991 5525 1162 5592 priora
1191 5541 1201 5576 :
1235 5539 1352 5577 nam
1397 5526 1484 5594 qui
1539 5527 1702 5583 currit
1747 5545 1866 5584 cmn

371 5731 442 5794 (ιι)
476 5730 566 5779 llic
591 5741 784 5791 prorsus
807 5729 967 5778 deﬁcit
993 5729 1188 5779 humilia
1212 5731 1459 5792 trigesima
1487 5735 1531 5781 in
1553 5732 1685 5782 Coll).

996 363 1062 421 FN
1101 361 1317 420 EPIST.
1360 362 1449 417 AD
1491 351 1855 416 "Elin/EOS;

1896 357 2052 415 CAP.
2097 356 2209 414 ΧΠ.
2255 353 2490 414 HOMIL.
2534 354 2708 411 XXX.
3375 348 3485 411 2m

1885 462 2297 526 claudicatione,
2327 459 2525 512 malum
2553 455 2776 512 invehit.
2811 450 2972 508 Vides
3025 453 3168 522 quod
3199 452 3250 506 iu
3291 462 3477 508 nostra

1887 554 1957 610 sit
1985 559 2251 625 potestate
2291 557 2351 604 ut
2389 548 2680 603 curemur‘l
2707 545 2793 600 Η.
2843 541 3029 596 Pacem
3067 543 3332 611 sequimini
3360 559 3476 596 cum

1889 645 2118 700 omnibus
2143 652 2190 696 et
2215 637 2624 701 sanctimoniam,
2648 636 2756 689 sine
2785 649 2886 705 qua
2916 647 3061 685 nemo
3082 630 3262 685 videbit
3292 631 3442 684 Domi
3452 661 3475 672 -

1890 751 2032 789 num.
2057 731 2208 800 Quod
2235 728 2446 785 dicebat
2464 725 2712 796 superius
2738 742 2752 779 :
2782 721 2902 776 Non
2920 721 3202 776 deserentes
3222 720 3478 775 collectio-

1892 841 2003 880 nem
2024 839 2112 878 seu
2127 820 2563 892 congregationem
2579 825 2804 869 nostram
2821 811 3007 884 (llebr.
3033 811 3121 866 l0.
3135 811 3252 880 25),
3275 810 3480 867 hochic

1893 927 2104 985 quoque
2132 911 2288 965 tacite
2315 907 2596 978 signiﬁcat.
2617 904 2756 960 Nihil
2778 903 2920 959 enim
2946 900 3012 956 ad
3039 901 3398 971 superandum
3426 911 3481 958 et

1891 1002 2304 1076 expugnandum
2335 1008 2440 1054 tam
2469 997 2649 1051 faciles
2679 995 2805 1049 facit
2831 994 2883 1047 in
2912 993 3294 1047 tentationibus
3319 1007 3480 1062 quam

1893 1111 2014 1154 esse
2038 1094 2293 1151 divulsos’.
2327 1091 2393 1146 Et
2421 1090 2544 1144 vide
2568 1083 2838 1158 quomodo
2870 1101 2884 1137 :
2912 1083 3187 1152 disrumpe
3224 1083 3394 1138 aciem
3427 1085 3480 1137 in

1897 1187 2072 1252 bello;
2096 1194 2150 1241 et
2169 1200 2235 1239 ne
2251 1184 2434 1239 labore
2447 1179 2662 1250 quidem
2683 1192 2819 1246 opus
2843 1175 3112 1230 habebunt
3136 1175 3364 1239 inimici,
3389 1175 3485 1228 sed

1896 1292 1990 1333 eos
2015 1277 2221 1330 vinctos
2251 1271 2468 1342 capient
2487 1267 2775 1337 separatim
2801 1267 3069 1331 inventos,
3100 1275 3156 1318 et
3180 1278 3242 1318 ea
3277 1263 3487 1319 ratione

1900 1366 2294 1424 imbecilliores.
2325 1360 2535 1427 Pacem,
2562 1360 2754 1429 inquit,
2782 1353 3051 1428 sequimini
3078 1371 3193 1408 cum
3221 1354 3482 1411 omnibus.

1901 1461 2040 1529 Ergo
2077 1457 2238 1511 etiam
2267 1469 2392 1508 cum
2417 1453 2482 1506 iis
2503 1450 2592 1520 qui
2627 1448 2765 1502 male
2806 1454 2991 1517 agunt.
3039 1444 3150 1500 Hoc
3175 1445 3338 1500 etiam
3363 1445 3491 1502 alibi

1905 1549 2072 1607 dicit:
2098 1547 2159 1603 Si
2203 1544 2315 1613 fieri
2344 1550 2536 1614 potest,
2561 1539 2697 1610 quod
2723 1539 2778 1592 in
2821 1536 2965 1591 vobis
2994 1545 3088 1600 est,
3118 1552 3233 1590 cum
3261 1537 3493 1592 erunibus

1902 1639 2187 1696 hominibus
2219 1652 2392 1707 pacem
2422 1633 2659 1687 habentes
2692 1628 2866 1696 (flant.
2889 1627 2976 1682 l2.
3004 1627 3118 1697 18).
3147 1626 3300 1694 Quod
3326 1627 3392 1682 ad
3418 1637 3491 1695 te,

1903 1728 2319 1800 inquit,attinet,
2337 1737 2520 1794 pacem
2539 1735 2659 1791 age,
2689 1719 2941 1788 pietatem
2971 1717 3105 1772 nihil
3130 1717 3366 1782 lmdens,
3397 1719 3493 1773 sed

1908 1822 1961 1877 in
1991 1821 2072 1876 eis
2100 1834 2219 1889 quas
2241 1816 2440 1888 pateris
2463 1828 2527 1870 ea
2554 1815 2632 1867 fer
2657 1810 2780 1865 forti
2810 1817 2864 1863 et
2892 1823 3154 1880 generoso
3173 1810 3374 1864 animo.
3403 1811 3498 1864 Est

1903 1911 2045 1968 enim
2068 1908 2325 1963 malorum
2345 1903 2644 1960 tolerantia.
2660 1915 2846 1970 magna
2863 1901 3096 1963 arma,in
3116 1900 3497 1955 tentatiomlms

1933 2017 2178 2069 mammm
2232 2000 2555 2072 pmsidium.
2589 1998 2680 2054 Sic
2730 1997 2894 2053 etiam
2941 1996 3189 2052 Christus
3216 1990 3512 2060 discipulus

1931 2106 2057 2147 suos
2085 2093 2248 2147 fortes
2270 2089 2517 2156 faciebat,
2544 2087 2727 2144 dicens
2750 2107 2764 2144 :
2795 2087 2930 2142 Ecce
2958 2087 3100 2140 mitto
3130 2100 3218 2139 vos
3253 2093 3514 2150 tamquam

1931 2200 2043 2239 oves
2086 2185 2138 2237 in
2175 2183 2338 2236 media
2383 2183 2617 2248 luporum
2661 2196 2682 2235 :
2719 2189 2875 2234 estote
2907 2193 3024 2249 ergo
3066 2175 3338 2246 prudentes
3383 2172 3514 2228 sicut

1931 2259 2202 2342 serpentes,
2226 2283 2270 2328 et
2287 2271 2540 2338 simplices
2569 2272 2698 2326 sicut
2726 2269 2969 2324 columba!
3004 2270 3022 2338 (
3049 2265 3238 2321 Matth.
3261 2264 3348 2320 10.
3382 2264 3448 2317 ιϐ
3472 2263 3513 2333 ).

1931 2363 2067 2432 Quid
2113 2364 2285 2426 dicis,
2343 2363 2397 2418 in
2452 2362 2632 2418 medio
2681 2362 2929 2431 luporum
2985 2372 3211 2419 sumus,
3268 2365 3323 2409 et
3376 2355 3519 2408 sicut

1933 2467 2060 2507 oves
2095 2468 2193 2507 nos
2231 2467 2350 2508 esse
2390 2452 2567 2523 jubes,
2607 2461 2662 2507 et
2708 2452 2847 2506 sicut
2889 2447 3213 2504 columbas?
3259 2444 3512 2508 Maxime,

1936 2543 2125 2614 inquit,
2181 2559 2304 2598 nam
2346 2561 2465 2598 cum
2494 2544 2582 2611 qtti
2616 2543 2755 2598 male
2785 2541 2945 2608 facit,
2975 2539 3107 2595 nihil
3143 2538 3281 2594 adeo
3312 2536 3517 2606 pudore

1934 2631 2097 2687 afficit
2117 2673 2132 2698 ,
2164 2641 2220 2686 ut
2250 2632 2464 2702 quando
2512 2646 2609 2686 nos
2652 2631 2858 2685 fortiter
2883 2627 3121 2684 feramus
3147 2642 3209 2683 ea
3235 2641 3356 2697 qua:
3385 2622 3518 2678 infe-

1936 2731 2156 2789 runtur,
2185 2733 2238 2776 et
2266 2737 2439 2791 neque
2471 2721 2634 2776 verbo
2657 2736 2831 2791 neque
2858 2718 3001 2774 facto
3030 2733 3132 2774 nos
3160 2717 3507 2772 ulciscamur.

1937 2813 2049 2869 lloc
2095 2824 2148 2869 et
2190 2828 2289 2868 nos
2316 2814 2491 2868 reddit
2533 2813 2702 2882 magis
2749 2809 3133 2881 philosophos,
3165 2818 3223 2864 et
3251 2806 3512 2874 majorem

1936 2905 2185 2962 conciliat
2210 2906 2533 2973 mercedem,
2567 2914 2622 2960 et
2668 2904 2791 2960 illos
2816 2905 2987 2975 juvat.
3014 2906 3083 2958 At
3111 2903 3198 2957 hic
3228 2901 3311 2956 vel
3343 2899 3436 2955 ille
3465 2907 3520 2955 to

1937 2998 2113 3052 affecit
2141 2998 2510 3053 contumelia?
2551 3006 2606 3051 tu
2636 3013 2764 3052 vero
2807 3012 2929 3051 eum
2965 2995 3121 3052 bouis
3167 3007 3516 3064 prosequere.

1944 3087 2073 3144 Vide
2109 3105 2267 3158 quant
2313 3091 2479 3144 multa
2523 3105 2588 3144 ex
2639 3105 2704 3143 eo
2744 3090 2818 3144 sis
2865 3085 3516 3142 lucrifacturuszmalum

1937 3181 2236 3234 exstinxisti
2258 3222 2274 3245 ,
2305 3180 2605 3234 mercedem
2640 3179 2730 3232 tibi
2759 3178 3076 3243 conciliasti,
3118 3177 3266 3231 illum
3315 3174 3520 3244 pudore

1939 3268 2181 3335 aliecisti,
2214 3269 2346 3324 nihil
2390 3284 2451 3323 es
2480 3283 2669 3338 passus
2691 3284 2871 3339 grave.
2899 3267 3086 3320 Pacem
3106 3266 3373 3338 sequimini
3396 3281 3514 3318 cum

1939 3359 2168 3413 omnibus
2207 3369 2253 3412 et
2299 3360 2706 3413 sanctimoniam.
2741 3358 3146 3413 Sanctimouiam
3188 3355 3316 3426 quid
3346 3355 3518 3410 dicit?

1940 3450 2391 3519 Temperantiam,
2418 3452 2749 3506 honestatem
2769 3451 2820 3506 in
2845 3449 3204 3504 matrimonio.
3229 3449 3355 3504 Sive
3376 3448 3526 3518 quis-

1943 3540 2102 3608 piam,
2135 3541 2324 3610 inquit,
2351 3557 2455 3595 non
2482 3543 2550 3596 sit
2574 3542 2793 3612 junctus
2812 3541 3173 3605 matrimonio,
3195 3550 3378 3595 castus
3404 3555 3524 3594 ma-

1942 3641 2083 3698 neat,
2119 3648 2337 3688 uxorem
2378 3634 2535 3688 ducat
2579 3651 2592 3687 :
2642 3634 2755 3688 sive
2792 3633 2863 3688 sit
2900 3632 3115 3701 junctus
3158 3633 3522 3696 matrimonio,

1932 3705 2050 3776 'non
2081 3731 2352 3778 scortetur
2377 3764 2392 3790 ,
2424 3723 2519 3778 sed
2555 3738 2725 3778 uxore
2773 3733 2954 3776 utatur
2986 3741 3000 3777 :
3029 3739 3151 3777 nam
3180 3722 3282 3777 hoc
3309 3738 3524 3793 quoque

1943 3821 2025 3867 est
2068 3812 2436 3869 sanctiﬁcatio.
2483 3813 2800 3879 Quomodo?
2839 3813 2954 3868 Non
2993 3823 3078 3868 est
3121 3815 3524 3869 matrimonium

1945 3905 2294 3960 sanctificatio
2319 3947 2334 3970 ,
2368 3906 2460 3960 sed
2486 3906 2886 3960 matrimonium
2911 3917 3194 3960 conservat
3224 3908 3526 3962 sanctiﬁca-

1949 3997 2143 4050 tionem
2171 4012 2289 4067 qua:
2307 3998 2546 4067 procedit
2567 4013 2593 4050 a
2624 3997 2746 4060 fide,
2777 4013 2882 4051 non
2913 3998 3096 4052 siucns
3124 3999 3375 4067 conjungi
3400 4015 3520 4052 eum

1946 4089 2246 4146 meretrice.
2276 4089 2671 4144 Matrimonium
2703 4091 2845 4145 enim
2873 4100 2954 4144 est
2987 4089 3300 4145 honorabile
3334 4089 3525 4159 (Hebr.

1946 4179 2032 4234 l5.
2063 4180 2141 4246 4),
2187 4196 2291 4235 non
2323 4193 2565 4235 sanctum
2601 4196 2828 4249 :purum
2855 4190 2936 4235 est
2961 4181 3384 4247 matrimonium,
3416 4197 3522 4235 non

1943 4277 2116 4320 tamen
2147 4271 2347 4334 pra:th
2374 4272 2533 4321 etiam
2565 4269 2899 4322 sanctitatem
2924 4311 2938 4332 ,
2971 4270 3074 4323 nisi
3105 4275 3245 4338 quin!
3277 4274 3526 4340 prohibet

1941 4371 2046 4410 non
2077 4356 2314 4424 polluere
2344 4374 2463 4411 eam
2493 4374 2609 4425 qua:
2651 4359 2771 4412 data
2813 4368 2894 4412 est
2919 4375 2948 4411 a
2980 4358 3102 4411 ﬁde.
3136 4361 3263 4413 Sine
3289 4377 3408 4431 qua,
3446 4362 3526 4414 in-

1942 4448 2074 4514 quit,
2106 4462 2251 4500 nemo
2280 4447 2461 4501 videbit
2480 4448 2775 4502 Dominum.
2799 4449 2950 4516 Quod
2985 4453 3143 4504 etiam
3170 4452 3302 4505 dicit
3327 4453 3376 4506 iu
3401 4454 3526 4521 Epi-

1943 4538 2080 4591 stola
2110 4537 2175 4590 ad
2206 4535 2511 4593 Corinthios
2543 4557 2554 4591 :
2586 4538 2759 4592 Nolite
2797 4557 2967 4594 errare
2993 4557 3010 4594 :
3033 4559 3189 4611 neque
3213 4545 3480 4613 fornicarii
3509 4586 3524 4608 ,

1944 4646 2100 4698 neque
2120 4630 2269 4682 idolis
2297 4632 2581 4697 servientes,
2607 4647 2762 4699 neque
2791 4633 3126 4686 masculorum
3152 4636 3496 4689 concubitores
3513 4680 3525 4701 ,

1944 4737 2100 4789 neque
2117 4723 2275 4784 avari,
2297 4739 2450 4790 neque
2468 4726 2620 4792 fures,
2644 4741 2796 4792 neque
2809 4725 3010 4786 ebriosi,
3029 4728 3525 4793 nequedetractores,

1945 4831 2102 4894 neque
2133 4824 2359 4879 raptores
2390 4831 2600 4884 regnum
2629 4813 2722 4866 Dei
2752 4816 3078 4883 possidebunt
3108 4817 3196 4889 (l.
3225 4818 3342 4873 Cor.
3377 4819 3427 4872 6.
3463 4821 3518 4874 9.

1947 4908 2072 4976 10).
2104 4906 2381 4971 Quomodo
2399 4907 2539 4959 enim
2565 4909 2650 4974 qui
2676 4922 2868 4975 corpus
2899 4908 3066 4962 factus
3097 4917 3180 4964 est
3206 4915 3524 4980 meretricis,

1948 4999 2141 5067 poterit
2170 5012 2289 5050 esse
2310 5012 2503 5065 corpus
2530 4996 2725 5051 Christi
2758 4998 2915 5066 (Ibid.
2949 5017 2995 5052 v.
3033 4999 3159 5070 ib)?
3189 5003 3274 5056 l5.
3300 5003 3532 5058 Contem-

1949 5089 2143 5155 plunles
2169 5103 2228 5140 ne
2256 5088 2364 5156 quis
2386 5088 2512 5139 desit
2537 5089 2715 5156 gratim
2737 5088 2829 5141 Dei
2859 5103 2878 5142 .'
2907 5106 2965 5141 ne
2982 5108 3081 5154 qua
3106 5093 3254 5146 radix
3280 5098 3528 5149 amaritu-

1949 5179 2082 5230 dinis
2137 5176 2401 5230 desursum
2448 5177 2726 5245 impediat,
2777 5188 2822 5229 et
2875 5195 2961 5246 per
3019 5180 3160 5233 illam
3209 5183 3534 5252 inquinentur

1950 5269 2095 5321 multi
2122 5286 2139 5322 :
2173 5269 2257 5322 16.
2288 5286 2349 5322 ne
2374 5269 2484 5337 quis
2503 5269 2778 5338 fornicator
2807 5280 2893 5321 aut
2919 5277 3183 5340 profanus.
3214 5274 3375 5330 Vides
3401 5293 3534 5346 quo-

1956 5361 2116 5412 modo
2160 5359 2356 5428 ubique
2401 5359 2686 5428 unicuique
2718 5375 3058 5414 communem
3093 5365 3253 5418 tradit
3285 5369 3532 5423 salutem.

1955 5452 2309 5503 Adhortamini
2339 5466 2420 5504 vos
2447 5490 2461 5514 ,
2495 5450 2700 5520 inquit,
2753 5452 2880 5503 alter
2919 5453 3132 5507 alterunt
3162 5473 3249 5523 per
3273 5459 3499 5528 singulos
3519 5504 3535 5528 ,

1955 5543 2081 5603 dies,
2112 5541 2268 5594 donec
2297 5540 2446 5592 hodie
2472 5542 2859 5610 cognominatur
2892 5541 3073 5610 (llrbr.
3100 5545 3151 5599 5.
3183 5547 3294 5615 15).

2026 5635 2078 5686 ‘2.
2111 5632 2186 5685 Nc
2208 5647 2335 5701 ergo
2359 5633 2537 5686 omnia
2555 5633 2856 5702 congeratis
2885 5634 2936 5687 in
2968 5635 3233 5705 doctores,
3260 5656 3326 5695 ne
3350 5642 3415 5695 iis
3445 5645 3536 5711 qni

1958 5733 2184 5794 przcsunt
2238 5724 2414 5778 omnia
2447 5723 2708 5778 tribuatis.
2741 5725 2968 5781 Potestis
2995 5729 3152 5784 etiam
3185 5745 3300 5798 vos,
3334 5733 3534 5805 inquit,
