4062 6468
576 404 669 460 Qii

598 506 732 557 alter
757 502 978 555 alterum
1010 496 1285 551 tedificare.
1318 496 1466 561 Quod
1496 497 1652 549 etiam
1674 496 1879 550 dicebat
1906 499 2145 555 scribens

600 596 665 648 ad
697 576 1189 646 Thessalonicenses
1218 605 1228 638 :
1260 587 1396 638 Alter
1422 586 1629 639 alterum
1656 588 1919 654 cedi/irate,
1946 590 2070 643 sicut
2099 601 2146 644 et

602 685 765 755 facitis
788 700 806 746 ,-
832 693 883 735 et
912 685 1112 741 rursus,
1147 676 1485 729 Consofamiui
1522 677 1647 729 alter
1676 678 1887 731 alterum
1913 681 1963 732 in
1990 682 2146 735 verbis

600 775 708 827 istis
729 773 803 841 (ι.
834 771 1003 824 Thess.
1038 769 1089 821 5.
1122 766 1226 836 ll).
1257 765 1367 818 Hoc
1394 765 1541 819 vobis
1570 781 1776 834 quoque
1797 782 1935 822 nunc
1955 771 2145 824 suade.

604 880 738 920 mus.
780 864 932 917 Plura
960 856 1120 929 quam
1148 872 1263 915 nos,
1306 856 1351 911 si
1388 856 1565 921 vultis,
1597 858 1815 926 potestis
1840 860 1975 914 alter
1996 862 2147 917 alteri

605 960 738 1011 bona
782 958 951 1006 facere
986 968 998 1003 :
1032 950 1225 1018 sacpius
1249 948 1387 1002 enim
1428 947 1565 1001 inter
1606 964 1697 1002 vos
1727 958 1904 1005 mutuo
1932 966 2151 1006 conver-

603 1046 812 1108 samini,
845 1052 897 1097 et
928 1056 1014 1095 res
1043 1050 1246 1093 vestras
1280 1037 1411 1090 alter
1447 1036 1662 1091 alterius
1696 1039 1859 1107 magis
1881 1041 2027 1094 scitis
2050 1084 2063 1107 ,
2097 1051 2153 1097 et

604 1141 793 1195 delicta
843 1134 1103 1201 utrimque
1148 1143 1254 1181 non
1305 1126 1592 1194 ignoratis,
1620 1138 1672 1180 et
1720 1121 1971 1195 majorem
2015 1129 2150 1184 fidu-

606 1226 741 1280 ciam
772 1223 993 1287 habetis,
1047 1223 1339 1283 caritatem,
1373 1214 1848 1270 consuetudinem:
1892 1226 1994 1265 non
2045 1213 2158 1265 lucc

610 1324 731 1369 sunt
761 1322 931 1367 autem
961 1328 1115 1381 parva
1136 1311 1197 1365 ad
1224 1310 1540 1370 doctrinam,
1568 1306 1659 1360 sed
1687 1307 1859 1374 magni
1882 1313 1933 1358 et
1963 1320 2157 1373 oppor-

604 1405 717 1455 tuni
749 1403 919 1455 aditus
946 1422 957 1453 :
998 1399 1163 1467 magis
1204 1412 1356 1466 quam
1378 1410 1482 1463 ,nos
1513 1395 1750 1462 poteritis
1806 1394 2075 1461 increpare
2105 1402 2158 1446 et

607 1493 893 1545 exhortari.
923 1490 1027 1543 Nec
1054 1490 1152 1541 hoc
1181 1468 1387 1549 solnmt
1415 1484 1507 1537 sed
1535 1482 1782 1551 quoniam
1821 1496 1919 1550 ego
1944 1481 2153 1550 quidem

607 1596 721 1635 sum
752 1595 906 1643 unus,
938 1594 1028 1631 vos
1049 1587 1220 1630 autem
1243 1575 1413 1636 multi,
1448 1575 1683 1640 poteritis
1711 1573 1867 1626 etiam
1900 1581 2156 1641 quotquot

603 1672 733 1725 estis
768 1684 950 1722 onmes
977 1682 1093 1720 esse
1117 1668 1381 1719 doctores.
1432 1663 1781 1730 Quamobrem
1814 1676 1941 1730 rogo
1967 1676 2058 1714 vos
2088 1677 2155 1715 ne

605 1758 879 1827 negligatis
904 1758 1035 1809 hanc
1052 1755 1301 1823 gratiam:
1327 1767 1462 1805 unus
1474 1752 1692 1820 quisque
1716 1752 1874 1804 habet
1895 1762 2107 1804 uxorem
2134 1792 2149 1816 ,

607 1846 762 1898 habet
787 1844 1032 1908 amicum,
1063 1844 1219 1897 habet
1242 1842 1510 1901 famulum,
1542 1840 1695 1893 habet
1734 1839 1956 1893 vicinum
1990 1858 2001 1892 :
2031 1855 2152 1894 eum

606 1937 857 2003 increpet,
885 1950 1003 1988 eum
1029 1934 1324 1986 admoneat.
1357 1930 1629 1996 Quomodo
1653 1931 1792 1983 enim
1824 1944 1927 1982 non
1956 1938 2037 1983 est
2055 1930 2153 1984 ab-

603 2025 815 2076 surdum
840 2065 856 2088 ,
889 2039 981 2090 pro
1016 2022 1267 2074 alimento
1314 2020 1523 2087 quidem
1569 2017 1742 2072 facere
1780 2019 2053 2083 convivia,
2098 2029 2153 2074 et

599 2113 738 2165 diem
769 2113 957 2166 habere
978 2112 1315 2165 constitutum
1350 2119 1405 2163 ut
1450 2111 1584 2161 inter
1614 2123 1672 2163 se
1712 2111 2066 2181 conveniant,
2100 2120 2153 2165 et

600 2202 737 2266 quod
758 2200 1037 2267 unicuique
1066 2200 1213 2252 deest
1240 2200 1459 2265 implere
1496 2212 1589 2265 per
1618 2198 1923 2251 societatem
1960 2216 1972 2250 :
2005 2200 2151 2255 verbi

602 2290 784 2357 gratia,
815 2291 923 2341 sive
948 2289 1175 2341 eundmn
1200 2290 1267 2340 sit
1295 2292 1357 2340 ad
1389 2288 1543 2339 funus
1572 2286 1916 2350 efferendum,
1940 2290 2052 2342 sive
2081 2290 2148 2345 ad

602 2379 897 2446 prandium,
930 2379 1039 2431 sive
1065 2377 1132 2429 sit
1159 2378 1207 2429 in
1237 2377 1414 2445 aliquo
1437 2375 1711 2429 ferendum
1737 2377 1975 2443 proximo
2002 2380 2149 2431 auxi-

603 2470 725 2522 lium
757 2486 769 2521 :
800 2468 862 2520 ad
890 2468 1174 2521 docendam
1206 2479 1377 2520 autem
1399 2468 1643 2521 virtutem
1672 2482 1772 2520 non
1807 2468 1906 2523 hoc
1936 2469 2147 2525 facere?

603 2557 771 2611 Etiam
800 2571 923 2623 rogo
950 2570 1102 2607 nemo
1131 2557 1354 2623 negligat
1381 2572 1394 2607 :
1428 2556 1649 2622 accipiet
1675 2556 1814 2608 enim
1839 2572 2077 2625 magnam
2117 2574 2147 2612 a

601 2646 707 2700 Deo
734 2644 1048 2698 mercedem.
1083 2645 1146 2696 Et
1179 2654 1231 2696 ut
1260 2644 1542 2711 intelligas,
1576 2645 1659 2697 cui
1688 2645 1918 2713 quinque
1942 2647 2144 2701 credita

596 2747 718 2789 sunt
748 2735 960 2799 talenta,
988 2736 1028 2787 is
1046 2743 1127 2786 est
1146 2733 1330 2786 doctor
1354 2750 1370 2797 ;
1394 2734 1473 2785 cui
1502 2741 1675 2786 autem
1707 2750 1886 2799 unum,
1911 2736 2144 2804 discipu-

600 2829 699 2880 lus.
735 2827 788 2880 Si
813 2825 1003 2878 dixerit
1030 2822 1319 2891 discipulus
1338 2864 1351 2883 ,
1399 2822 1523 2875 Sum
1552 2822 1839 2891 discipulus
1861 2865 1874 2887 ,
1919 2827 1970 2877 in
1999 2826 2144 2882 nullo

596 2931 779 2970 versor
828 2914 1091 2982 periculo;
1143 2922 1193 2963 et
1239 2925 1571 2965 communem
1615 2910 1751 2965 hanc
1795 2926 1950 2981 quam
1979 2928 2005 2964 a
2038 2915 2144 2969 Deo

596 3004 797 3072 accepit
840 3003 1089 3055 doctrina:
1129 3001 1400 3061 rationem,
1446 2999 1637 3052 nudam
1680 3000 2037 3066 absconderit,
2090 3010 2144 3056 et

595 3111 699 3147 non
729 3091 1077 3151 admonuerit,
1106 3099 1157 3142 et
1184 3105 1286 3141 non
1316 3089 1519 3142 dicendi
1548 3089 1785 3143 libertate
1812 3105 1936 3143 usus
1966 3093 2139 3158 fuerit,

598 3199 699 3235 non
729 3182 978 3249 arguerit,
1010 3196 1112 3231 non
1131 3180 1353 3231 suaserit
1379 3179 1421 3230 si
1438 3186 1626 3245 potest,
1648 3179 1738 3231 sed
1768 3180 1816 3231 in
1851 3189 1989 3233 terra
2017 3182 2142 3235 abs-

594 3274 829 3327 conderit
858 3289 869 3322 :
905 3285 1029 3323 vere
1056 3270 1193 3322 enim
1226 3278 1305 3321 est
1334 3278 1471 3321 terra
1498 3277 1552 3321 et
1577 3268 1708 3323 cinis
1734 3283 1826 3320 cor
1858 3268 1997 3335 quod
2024 3271 2143 3324 abs-

591 3364 768 3417 condit
796 3362 882 3413 Dei
911 3360 1130 3429 gratiam
1157 3375 1171 3420 ;
1202 3358 1247 3410 si
1273 3373 1396 3425 ergo
1435 3357 1765 3411 absconderit
1794 3368 1884 3410 aut
1928 3369 2140 3427 propter

592 3453 874 3520 pigritiam,
900 3460 987 3502 aut
1009 3458 1222 3517 pr0pter
1245 3448 1653 3515 improbitatem,
1680 3462 1782 3501 non
1806 3462 1924 3502 eum
1955 3448 2137 3503 defen-

572 3538 659 3591 det
686 3550 735 3590 et
761 3540 1031 3592 excusabit
1060 3538 1196 3606 quod
1226 3537 1400 3598 dicat,
1442 3535 1609 3588 Unum
1652 3535 1804 3586 habui
1845 3533 2116 3589 talentum.

578 3625 744 3678 Unum
770 3626 997 3679 habebas
1020 3627 1270 3678 talentum
1292 3625 1592 3690 :oporlcbat
1612 3625 1831 3675 alterum
1853 3622 2043 3676 aﬂ'erre
2067 3631 2121 3677 et

575 3713 823 3765 talentum
856 3713 1121 3779 duplicare
1158 3729 1169 3764 :
1199 3713 1240 3762 si
1264 3712 1431 3763 adhuc
1462 3727 1620 3763 unum
1649 3710 1911 3764 attulisses
1936 3750 1949 3773 ,
1980 3710 2118 3763 nulla

573 3812 715 3853 esset
744 3800 918 3867 culpa.
940 3800 1116 3867 Neque
1139 3801 1276 3852 enim
1304 3802 1349 3852 ei
1378 3800 1463 3868 q-ui
1496 3800 1599 3851 duo
1620 3798 1809 3863 attulit,
1839 3798 2121 3851 dixit:Cur

576 3908 676 3943 non
701 3892 927 3959 quinque
948 3892 1163 3944 attulisti
1182 3896 1204 3942 ’ἵ
1222 3890 1310 3943 sed
1334 3905 1450 3942 eum
1480 3889 1662 3942 iisdem
1685 3888 1896 3953 dignum
1918 3888 2120 3941 censuit

571 3980 761 4048 quibus
782 3995 897 4032 eum
918 3981 1003 4048 qtti
1022 3980 1247 4047 quinque
1269 3978 1663 4042 attulil.Quare?
1680 3976 1934 4042 Quoniam
1957 3993 2119 4044 quan-

574 4082 682 4123 tum
709 4072 884 4121 habuit
908 4068 1163 4129 exercuit,
1188 4083 1281 4119 nec
1307 4067 1427 4121 sivit
1450 4082 1567 4119 esse
1592 4068 1836 4129 otiosum,
1870 4082 1965 4120 nec
1984 4081 2117 4134 quo-

574 4161 710 4211 niam
740 4160 909 4210 minus
930 4158 1127 4225 accepit
1154 4173 1309 4223 quam
1339 4156 1421 4208 cui
1448 4155 1653 4209 fuerant
1676 4156 1862 4208 tradita
1891 4157 2119 4224 quinque

573 4252 789 4315 talenta,
819 4260 1093 4315 propterea
1125 4249 1217 4300 fuit
1243 4248 1509 4315 negligens
1535 4288 1549 4311 ,
1580 4262 1677 4301 nec
1705 4249 1968 4314 paucitate
1994 4260 2118 4300 usus

573 4348 653 4391 est
682 4338 745 4387 ad
788 4337 975 4389 otium.
1008 4336 1113 4389 Nec
1140 4347 1189 4390 te
1216 4337 1491 4403 oportebat
1518 4338 1755 4403 aspicere
1791 4336 1854 4387 ad
1885 4352 2001 4390 eum
2032 4338 2120 4404 qui

574 4429 675 4479 duo
704 4426 954 4486 habebat;
979 4426 1079 4477 imo
1095 4441 1219 4477 vero
1242 4425 1395 4477 etiam
1420 4424 1482 4476 ad
1514 4425 1656 4478 illum
1680 4426 1951 4491 Oportebat
1976 4425 2120 4490 aspi-

574 4531 714 4573 cere,
740 4528 791 4567 et
812 4514 1247 4580 quemadmodum
1280 4514 1365 4568 ille
1389 4529 1506 4567 enm
1535 4514 1639 4567 duo
1670 4514 1907 4578 haberet,
1942 4514 2119 4578 imita-

577 4620 657 4660 tus
684 4615 762 4658 est
795 4607 941 4657 illum
970 4606 1050 4657 cui
1079 4606 1195 4657 data
1220 4604 1425 4658 fuerant
1450 4606 1675 4673 quinque
1701 4646 1714 4666 ,
1744 4606 1811 4657 ita
1841 4616 1889 4657 te
1912 4620 2120 4673 quoque

576 4696 764 4749 imitari
795 4696 1069 4755 Oportebat
1106 4711 1223 4747 eum
1255 4696 1333 4747 cui
1372 4696 1473 4746 duo
1504 4695 1712 4748 fuerunt
1739 4696 1941 4751 tradita.
1990 4697 2120 4750 Nam

573 4790 615 4841 si
648 4790 693 4840 ei
723 4788 805 4853 qui
840 4786 992 4838 habet
1024 4787 1287 4852 pecunias,
1321 4794 1373 4837 et
1421 4800 1523 4837 non
1570 4785 1803 4853 impertit
1825 4825 1841 4850 ,
1870 4786 2117 4854 infligitur

572 4876 901 4943 supplicium,
933 4875 978 4925 ei
1004 4876 1089 4941 qui
1114 4884 1283 4942 potest
1304 4873 1791 4943 quomodocumque
1813 4875 2115 4942 admonere,

572 4976 623 5018 et
654 4966 749 5016 huc
780 4978 881 5015 non
912 4964 1035 5015 facit
1063 5004 1075 5025 ,
1106 4965 1365 5031 quomodo
1397 4979 1497 5015 non
1540 4966 1823 5017 maximum
1862 4966 2121 5033 infligetur

575 5052 928 5121 supplicium"
973 5051 1078 5104 Illic
1105 5068 1294 5117 corpus
1325 5055 1550 5105 nutritur
1576 5093 1589 5116 ,
1624 5054 1706 5106 hic
1732 5056 1903 5107 anima
1959 5074 1970 5107 :
2015 5058 2121 5110 illic

573 5151 793 5194 mortem
828 5141 1070 5207 prohibes
1101 5144 1459 5207 temporalem,
1497 5143 1581 5195 hic
1602 5152 1877 5198 :cternam.

641 5234 692 5285 3.
729 5232 793 5281 At
831 5245 931 5281 non
963 5240 1065 5295 est,
1099 5232 1257 5298 inquit
1286 5274 1300 5295 ,
1335 5233 1459 5285 mihi
1489 5232 1697 5286 dicendi
1732 5232 1972 5289 facultas.
2016 5235 2120 5290 Sed

573 5320 775 5372 dicendi
807 5320 1048 5372 facultate
1093 5336 1194 5373 non
1237 5330 1317 5374 est
1357 5339 1487 5389 opus
1512 5364 1525 5387 ,
1558 5340 1659 5375 non
1711 5325 2028 5394 eloquentia.
2063 5326 2117 5381 Si

574 5413 763 5464 \EtJeriS
790 5413 1011 5463 amicum
1060 5422 1411 5473 scortantem,
1465 5415 1547 5468 dic
1578 5417 1665 5469 ei:
1710 5417 1813 5471 Res
1857 5429 1937 5472 est
1986 5422 2119 5474 mala

572 5516 725 5565 quam
764 5501 1025 5561 admittis;
1069 5517 1170 5553 non
1217 5512 1265 5555 te
1304 5504 1479 5571 pudet,
1533 5521 1638 5558 non
1688 5509 1997 5563 erubescis?
2041 5522 2121 5565 est

572 5592 708 5641 enim
741 5592 949 5642 malum.
990 5591 1078 5643 Ille
1120 5594 1319 5655 nescit,
1352 5596 1587 5662 inquies,
1621 5598 1755 5665 quod
1789 5600 1855 5651 sit
1883 5602 2121 5655 malum?

574 5680 727 5729 (ﬁt-rte
758 5679 888 5741 scit,
924 5678 1012 5731 sed
1049 5680 1269 5732 trahitur
1300 5696 1327 5732 a
1356 5684 1658 5750 cupiditate.
1684 5684 1886 5753 )Egroti
1918 5706 2121 5755 quoque

574 5767 743 5819 sciunt
775 5782 918 5834 aqua:
950 5767 1146 5839 frigida:
1190 5779 1364 5837 potum
1409 5788 1523 5826 esse
1556 5776 1784 5841 malum,
1816 5780 1906 5833 sed
1939 5790 2108 5834 tamen

1254 397 1309 452 S.
1349 390 1619 451 JOANNIS
1643 385 2107 445 CIIRYSUSTO)”
2158 385 2466 442 ARCllIEP.
2499 387 3018 445 CONSTANTINOP.

3694 381 3803 437 9.12

2226 508 2382 569 egent
2411 499 2475 553 iis
2497 498 2587 569 qui
2616 498 2722 552 sint
2745 497 3059 564 prohibituri
3096 514 3106 547 :
3142 511 3261 548 nam
3288 494 3375 564 qui
3408 503 3619 548 tenetur
3640 494 3777 547 affe-

2225 591 2424 653 ctione,
2472 603 2573 641 non
2622 586 2797 639 statim
2830 586 2927 638 sibi
2982 584 3033 638 in
3065 584 3249 637 morbo
3290 585 3481 652 poterit
3512 583 3785 637 safficere.

2228 676 2304 731 Te
2346 691 2471 746 ergo
2498 690 2626 729 sano
2654 689 2787 743 opus
2813 675 2875 727 ad
2908 673 3046 726 illius
3070 676 3393 727 curationem
3428 690 3440 724 :
3469 682 3523 726 et
3552 673 3598 726 si
3628 673 3792 724 verbo

2230 782 2332 819 non
2363 765 2514 819 fuerit
2542 777 2844 832 persuasus,
2875 763 3097 815 observa
3128 772 3337 817 euntem
3365 771 3416 816 et
3441 764 3612 815 retine
3638 805 3649 825 ,
3683 761 3789 815 fot-

2233 868 2368 910 tasse
2389 856 2588 925 pudore
2608 854 2888 905 afficietur.
2919 852 3143 920 thnid,
3174 853 3363 920 inquit,
3387 852 3557 920 juvat,
3592 851 3635 902 si
3668 867 3794 917 pro-

2233 960 2346 1015 pter
2375 961 2457 999 me
2488 945 2585 998 hoc
2614 945 2783 1007 faciat,
2822 954 2874 998 et
2895 945 3033 1013 quod
3056 960 3083 996 a
3107 960 3191 997 me
3221 944 3377 997 fuerit
3404 943 3689 997 retentus?
3714 941 3792 997 Ne

2232 1046 2473 1089 accurate
2503 1034 2752 1087 scruteris
2805 1053 2816 1086 :
2859 1035 3070 1085 interim
3105 1047 3440 1100 quocumque
3468 1032 3626 1085 modo
3665 1046 3791 1085 eum

2232 1126 2400 1180 abduc
2425 1140 2455 1178 a
2487 1126 2617 1177 mala
2644 1125 2852 1177 aetioue
2878 1142 2891 1189 ;
2922 1133 3190 1177 assuescat
3219 1139 3321 1175 non
3347 1125 3423 1177 ire
3440 1123 3501 1176 ad
3533 1123 3661 1176 illud
3693 1124 3793 1175 ba-

2234 1215 2508 1278 rathrum;
2539 1213 2651 1265 sive
2692 1227 2787 1279 per
2835 1222 2883 1264 te
2906 1254 2918 1275 ,
2970 1213 3080 1264 sive
3111 1212 3214 1264 alio
3246 1211 3402 1263 ntodo
3430 1211 3747 1265 cohibeatur
3777 1252 3790 1273 ,

2237 1304 2431 1356 lucrum
2477 1303 2596 1356 hinc
2631 1303 2748 1355 erit.
2796 1302 2924 1354 Cum
2973 1300 3112 1353 enim
3158 1299 3506 1354 assuefeceris
3532 1315 3653 1353 eum
3701 1299 3797 1352 illo

2234 1408 2335 1445 non
2367 1394 2473 1455 ire,
2521 1401 2645 1444 tunc
2670 1391 2866 1458 poteris
2899 1390 3108 1457 paulum
3140 1390 3487 1455 respirantem
3515 1401 3797 1441 assumens

2232 1481 2422 1535 docere
2459 1481 2596 1549 quod
2641 1489 2853 1548 propter
2901 1480 3063 1533 Deum
3108 1489 3314 1547 oportet
3346 1479 3446 1532 hoc
3497 1477 3672 1532 facere
3696 1519 3710 1541 ,
3745 1486 3798 1532 et

2234 1585 2335 1624 non
2381 1582 2595 1639 propter
2643 1570 2938 1623 hominem.
2990 1570 3065 1623 Ne
3114 1570 3246 1623 velis
3278 1570 3579 1623 universum
3638 1570 3799 1622 simul

2233 1664 2495 1729 corrigere
2520 1678 2532 1724 ;
2566 1677 2668 1714 non
2696 1662 2833 1715 enim
2858 1660 3087 1729 poteris;
3117 1659 3208 1713 sed
3232 1660 3429 1713 sensim
3444 1660 3796 1728 etpaulatim.

2233 1748 2285 1803 Si
2316 1752 2506 1805 videris
2531 1766 2651 1805 eum
2680 1760 2892 1804 euntem
2918 1749 2982 1803 ad
3014 1753 3462 1818 compotationem
3493 1760 3548 1803 et
3576 1752 3640 1803 ad
3667 1765 3801 1805 con-

2234 1841 2364 1894 vivia
2390 1842 2543 1911 plena
2586 1842 2839 1896 ebrietate
2863 1882 2877 1905 ,
2920 1841 3030 1894 illic
3070 1856 3281 1910 quoque
3313 1840 3397 1894 fac
3440 1842 3707 1909 idipsum;
3742 1854 3800 1895 et

2232 1946 2411 1984 rursus
2452 1946 2570 1984 eum
2617 1945 2763 1999 roga,
2802 1940 2857 1984 ut
2905 1930 2951 1985 si
3000 1930 3187 1983 viderit
3214 1932 3266 1983 in
3301 1938 3351 1983 te
3390 1931 3615 1998 aliquem
3645 1929 3801 1983 defe-

2231 2031 2371 2075 ctum
2404 2036 2463 2074 ac
2492 2022 2694 2084 vitium,
2744 2021 2835 2075 tibi
2865 2036 3019 2090 Opem
3064 2020 3196 2075 ferat
3234 2030 3288 2075 et
3335 2031 3385 2074 te
3413 2024 3663 2090 corrigat.
3706 2023 3800 2076 Sic

2231 2113 2368 2164 enim
2416 2112 2549 2164 etin
2596 2125 2653 2164 se
2691 2110 2823 2164 feret
2876 2110 3383 2179 reprehensionem,
3436 2125 3559 2165 cum
3602 2111 3801 2165 viderit

2233 2209 2281 2253 te
2326 2215 2534 2268 quoque
2573 2214 2707 2267 opus
2757 2200 2951 2253 habere
2999 2209 3055 2253 ut
3111 2199 3556 2268 reprehendaris,
3588 2210 3640 2254 et
3689 2218 3798 2253 non

2232 2298 2493 2357 tamquam
2538 2288 2711 2341 omnia
2750 2289 3140 2358 corrigentem,
3178 2304 3349 2357 neque
3391 2299 3657 2357 tamquam
3696 2290 3798 2343 do-

2229 2389 2467 2443 ctorem,
2513 2380 2603 2433 sed
2650 2387 2911 2448 tamquam
2971 2380 3196 2434 amicum
3259 2390 3311 2433 et
3357 2380 3573 2434 fratrem
3636 2396 3797 2450 opem

2231 2465 2385 2519 ferre.
2442 2468 2530 2519 Dic
2572 2468 2620 2521 ei
2670 2485 2683 2520 :
2728 2469 2836 2536 Ego
2879 2469 2969 2521 tibi
3027 2468 3195 2536 profui
3260 2468 3553 2523 admonens
3607 2485 3797 2524 eorum

2230 2572 2345 2623 qua:
2400 2566 2521 2609 sunt
2586 2558 2769 2621 utilia;
2822 2567 2874 2612 et
2931 2568 2983 2611 tu
3031 2558 3171 2628 quod
3220 2559 3270 2611 in
3322 2574 3406 2614 me
3458 2560 3654 2614 videris
3703 2562 3798 2615 de-

2234 2646 2412 2700 ficiens
2450 2656 2503 2700 et
2538 2648 2783 2701 vitiosum
2809 2662 2995 2702 coerce
3029 2658 3083 2702 et
3120 2650 3334 2717 corrige
3367 2668 3379 2703 :
3412 2652 3453 2703 si
3482 2650 3796 2705 iracundum

2230 2735 2443 2801 videris,
2470 2737 2514 2789 si
2544 2752 2778 2803 avarum,
2812 2739 3058 2807 reprime,
3090 2739 3191 2806 liga
3237 2754 3359 2793 eum
3406 2740 3796 2795 admonitione.

2229 2823 2342 2878 lloc
2370 2835 2450 2877 est
2474 2826 2698 2879 amicitia
2733 2827 2842 2879 :sic
2870 2826 3033 2881 frater
3057 2843 3085 2880 a
3116 2827 3277 2881 fratre
3300 2828 3534 2896 adjutus,
3571 2833 3628 2884 fit
3656 2840 3797 2884 tant-

2235 2925 2389 2978 quam
2417 2912 2540 2963 urbs
2572 2912 2767 2963 munita
2800 2911 2988 2980 (Prov.
3028 2913 3111 2967 l8.
3146 2914 3269 2984 l9).
3303 2916 3414 2969 Non
3453 2921 3592 2971 enim
3651 2936 3795 2975 com-

2234 2997 2390 3052 edere
2416 3008 2466 3052 et
2494 3000 2669 3053 bibere
2693 3000 2884 3052 facinut
2904 3001 3219 3067 amicitiam;
3247 3005 3404 3059 talem
3424 3008 3561 3060 enim
3592 3009 3796 3066 habent

2234 3089 2389 3142 etiam
2416 3090 2646 3144 latrones
2672 3101 2723 3143 et
2750 3091 2957 3153 sicarii;
2983 3093 3075 3145 sed
3103 3093 3147 3146 si
3178 3108 3359 3149 sumus
3386 3099 3563 3163 amici,
3598 3101 3641 3154 si
3667 3117 3796 3157 vere

2234 3179 2371 3230 alter
2411 3181 2626 3233 alterius
2653 3195 2829 3233 curam
2884 3183 3115 3249 gerimus
3144 3225 3156 3246 ,
3210 3185 3274 3236 ad
3323 3186 3435 3239 lucc
3476 3189 3609 3243 alter
3639 3192 3795 3247 alteri

2234 3268 2569 3323 conferamus
2597 3287 2608 3320 :
2640 3270 2750 3323 hare
2769 3285 2865 3323 nos
2889 3272 3153 3331 adducunt
3174 3274 3239 3326 ad
3260 3260 3547 3329 amicitiam
3576 3281 3758 3334 utilem
3783 3300 3796 3343 ;

2234 3355 2347 3409 haec
2397 3357 2681 3425 prohibent
2722 3374 2788 3412 ne
2836 3360 3088 3412 ducamur
3132 3363 3195 3415 ad
3237 3364 3555 3432 gehennam.
3606 3368 3792 3438 Neque

2232 3458 2359 3513 ergo
2388 3447 2431 3498 is
2455 3446 2543 3514 qui
2573 3448 2811 3514 arguitur
2846 3464 2984 3517 aegre
3012 3450 3179 3515 ferat;
3229 3467 3409 3506 sumus
3448 3456 3591 3508 enim
3619 3458 3796 3511 homi-

2231 3547 2356 3593 nes,
2389 3546 2440 3588 et
2470 3545 2593 3587 sunt
2639 3537 2687 3588 in
2736 3538 2888 3592 nobis
2951 3540 3072 3593 vitia
3105 3552 3156 3594 et
3193 3543 3427 3597 defectus
3457 3564 3469 3598 :
3504 3562 3673 3615 neque
3703 3551 3792 3617 qni

2229 3624 2397 3689 arguit
2424 3623 2521 3677 hoc
2552 3623 2702 3678 faciat
2751 3638 3015 3696 tamquam
3059 3633 3235 3685 ridens
3265 3644 3315 3686 et
3347 3636 3644 3700 traducens,
3696 3642 3793 3695 sed

2231 3713 2469 3781 privatim
2499 3730 2618 3769 cum
2649 3718 2865 3773 lenitate
2891 3732 2943 3773 et
2968 3725 3378 3778 mansuetudine
3411 3743 3423 3778 :
3456 3729 3616 3783 multa
3644 3734 3789 3785 enim

2231 3803 2441 3858 lenitate
2480 3820 2611 3874 opus
2668 3809 2824 3863 habet
2875 3812 2964 3879 qui
3014 3815 3219 3881 arguit,
3264 3825 3322 3868 ut
3352 3820 3420 3869 ita
3475 3824 3795 3886 persuadeat

2230 3895 2367 3948 ferre
2420 3896 2750 3952 incisionem.
2801 3900 2914 3955 Non
2970 3902 3117 3956 vides
3164 3920 3283 3957 cum
3331 3921 3521 3975 quanta
3574 3912 3790 3969 lenitate

2228 3984 2416 4037 medici
2438 3986 2687 4041 adhibent
2712 3992 3038 4045 curationem
3064 3995 3274 4061 quando
3300 4008 3456 4050 urunt
3485 4009 3539 4052 et
3561 4006 3790 4057 secant?

2228 4072 2387 4125 Multo
2439 4077 2603 4143 magis
2648 4078 2746 4131 hoc
2790 4080 2961 4135 facere
3008 4083 3221 4149 oportet
3256 4102 3347 4141 eos
3378 4091 3463 4156 qui
3496 4105 3723 4160 arguunt
3773 4114 3785 4147 :

2229 4177 2347 4214 nam
2376 4172 2427 4216 et
2470 4166 2589 4233 igne
2631 4176 2683 4219 et
2713 4169 2854 4222 ferro
2883 4172 3249 4229 vehementius
3295 4179 3636 4245 reprehensio
3668 4186 3793 4240 facit

2227 4253 2438 4306 exsilire
2473 4275 2485 4307 :
2518 4254 2738 4323 ideoque
2760 4260 2950 4313 medici
2979 4277 3221 4331 magnum
3252 4278 3450 4333 ponunt
3476 4271 3705 4326 studium
3733 4286 3789 4327 ut

2231 4342 2415 4397 leniter
2442 4345 2613 4399 ferant
2644 4349 2949 4404 incisionem
2973 4394 2988 4416 ,
3020 4363 3072 4406 et
3098 4370 3251 4423 quam
3285 4358 3643 4424 placidissime
3675 4366 3787 4418 furi

2229 4440 2401 4498 potest
2427 4449 2541 4487 eam
2567 4436 2821 4491 adhibent
2844 4480 2856 4503 ,
2884 4450 2937 4493 et
2962 4457 3142 4509 parum
3185 4447 3431 4503 cedentes
3458 4492 3469 4511 ,
3514 4460 3566 4505 et
3592 4454 3786 4510 deinde

2226 4525 2575 4579 concedentes
2620 4538 2673 4580 ut
2722 4532 3001 4597 respirent.
3044 4533 3129 4588 Sic
3163 4546 3285 4590 sunt
3328 4542 3483 4594 etiam
3533 4543 3789 4601 facienda:

2227 4616 2688 4683 reprehensiones,
2719 4630 2773 4673 ut
2804 4623 2888 4688 qui
2919 4637 3210 4693 arguuntur
3247 4644 3347 4682 non
3384 4634 3636 4688 resiliant.
3670 4637 3785 4692 Etsi

2225 4720 2351 4773 ergo
2379 4718 2619 4774 oporteat
2648 4714 2976 4766 contumelia
3004 4716 3159 4777 affici,
3193 4722 3287 4773 etsi
3319 4722 3492 4791 plagas
3519 4729 3781 4793 accipere,

2225 4808 2327 4846 non
2360 4811 2681 4852 recusemus.
2716 4800 2843 4854 Nam
2874 4812 2926 4856 et
2954 4803 3025 4856 illi
3071 4808 3157 4873 qui
3200 4807 3478 4876 secantur,
3526 4817 3702 4871 valide
3730 4831 3785 4872 et

2225 4886 2505 4953 plurimum
2540 4890 2892 4945 vociferantur
2922 4895 3177 4949 adversus
3213 4914 3303 4951 eos
3327 4904 3411 4969 qui
3441 4917 3615 4957 secant
3642 4925 3653 4965 ;
3692 4910 3784 4963 sed

2223 4976 2295 5028 illi
2342 4977 2467 5029 nihil
2504 4976 2690 5032 horum
2724 4994 2962 5049 spectant
2996 5025 3010 5048 ,
3048 4987 3142 5039 sed
3172 5002 3349 5041 eorum
3380 4994 3541 5045 solam
3570 4997 3658 5063 qui
3706 4999 3786 5050 la-

2222 5064 2410 5119 borant
2438 5068 2678 5123 salutem.
2711 5072 2783 5123 lta
2814 5072 2896 5125 hic
2922 5090 3141 5143 quoque
3171 5091 3377 5145 oportet
3406 5086 3576 5136 omnia
3613 5085 3786 5142 facere

2222 5154 2421 5208 utiliter
2440 5156 2503 5207 ad
2536 5159 3019 5225 reprehensionem,
3054 5168 3229 5219 omnia
3272 5168 3428 5235 ferre,
3470 5175 3785 5240 aspicientes

2221 5244 2286 5297 ad
2311 5245 2604 5299 mercedem
2638 5252 2977 5315 prepositam.
3006 5253 3156 5317 Alter,
3189 5258 3371 5325 inquit,
3398 5263 3599 5315 alterius
3630 5282 3784 5319 onera

2228 5346 2421 5404 portate
2444 5379 2455 5399 ,
2489 5348 2533 5390 et
2564 5340 2632 5391 ita
2660 5341 2857 5408 implete
2882 5344 3037 5411 legem
3065 5343 3251 5401 Christi
3294 5351 3310 5419 (
3335 5352 3448 5407 Gal.
3485 5358 3535 5411 6.
3568 5361 3600 5412 2
3624 5364 3663 5430 ).
3693 5365 3785 5420 Sic

2227 5442 2350 5495 ergo
2392 5439 2445 5483 et
2475 5431 2950 5497 reprehendentes,
2981 5445 3031 5487 et
3072 5438 3201 5492 alter
3244 5442 3467 5498 alterum
3510 5447 3779 5520 ferentes,

2226 5534 2503 5586 possumus
2530 5522 2747 5589 implere
2773 5523 3173 5583 aedificationem
3190 5530 3381 5587 Christi
3416 5554 3427 5587 :
3452 5547 3503 5591 et
3528 5540 3602 5593 sic
3630 5546 3783 5598 nobis

2224 5609 2391 5663 levem
2421 5609 2619 5664 facietis
2662 5613 2893 5669 laborem
2918 5658 2932 5680 ,
2964 5619 3112 5673 nobis
3141 5636 3291 5687 opem
3320 5624 3548 5681 ferentes
3578 5632 3629 5685 in
3662 5650 3777 5687 om-

2225 5700 2393 5763 nibus,
2420 5712 2470 5753 et
2498 5717 2707 5755 manum
2738 5707 3050 5771 prmbentes,
3083 5709 3252 5764 effecti
3296 5718 3577 5785 participes
3608 5734 3657 5774 et
3686 5739 3773 5775 δη-

2208 5800 2271 5850 cii
2301 5838 2312 5863 ,
2344 5808 2393 5850 et
2422 5798 2550 5852 alter
2574 5798 2785 5851 alterius
2802 5800 2982 5855 salutis
3012 5810 3063 5855 et
3092 5816 3198 5857 suse
3229 5804 3599 5871 unusquiSque.
3636 5807 3766 5861 Sus-
