4062 6408
165 373 262 426 ΞΗ

179 494 322 556 ιους
344 489 414 543 ἐν
435 488 552 555 τοῖς
576 488 778 556 λόγοις
799 487 1049 551 τούτοις.
1078 483 1246 538 Τοῦτο
1277 483 1367 536 καὶ
1395 482 1524 552 ὑμῖν
1553 494 1743 548 παραι-

166 581 373 650 νοῦμεν
400 579 495 633 νῦν
521 582 701 649 ἡμεῖς.
739 576 965 631 Πλείονα
995 576 1103 646 γὰρ
1128 575 1302 645 ἡμῶν,
1333 573 1428 626 ἐὰν
1456 570 1744 640 βούλησθε,

170 673 250 731 είς
280 671 565 737 ἀλλήλους,
604 665 979 735 κατορθώσετε
1008 680 1023 692 ⁸
1058 668 1152 716 καὶ
1203 663 1310 733 γὰρ
1364 660 1586 714 πλείονα
1618 657 1746 709 σὺν-

168 773 298 810 ιστε
365 754 558 825 χρόνον
583 752 851 822 ἀλλήλοις,
879 752 973 804 καὶ
999 750 1066 802 τά
1101 749 1344 819 ἀλλήλων
1370 748 1570 819 μᾶλλον
1593 746 1748 817 ἡμῶν

172 846 314 909 ῖστε,
341 847 434 898 καὶ
465 843 534 896 τά
561 841 806 912 ἀλλήλων
831 839 1188 908 ἐλαττώματα
1217 839 1317 892 οὑκ
1355 840 1621 906 ἀγνοεῖτε,
1657 837 1750 888 καὶ¹

169 939 399 990 πλείονα
425 935 518 986 καὶ¹
551 931 863 1004 παρρησίαν
898 932 992 983 καὶ
1017 931 1236 998 ἀγάπην
1268 929 1416 997 ἔχετε
1475 927 1570 980 καὶ
1617 943 1750 977 συν-

171 1025 369 1094 ήθειαν
389 1037 403 1050 ·
436 1021 496 1074 οὑ
530 1020 701 1090 μικρά
728 1019 784 1071 δέ
810 1016 979 1071 ταῦτα
1003 1020 1080 1080 είς
1102 1016 1474 1078 διδασκαλίαν,
1503 1013 1615 1066 ἀλλ’
1643 1013 1752 1065 εἴσ-

169 1112 286 1163 οδοι
319 1109 552 1177 μεγάλαι
585 1108 680 1160 καὶ
729 1105 1006 1176 εὑκαιρίαι
1037 1122 1049 1134 ·
1093 1105 1186 1157 καὶ
1221 1103 1421 1173 μᾶλλον
1446 1104 1600 1172 ἡμῶν
1631 1104 1752 1154 ἐπι-

172 1194 382 1263 πλῆξαι
418 1196 507 1247 καὶ
536 1194 924 1265 παρακαλέσαι
961 1192 1278 1261 δυνήσεσθε.
1321 1193 1430 1244 Καὶ
1476 1192 1538 1245 οὑ
1590 1191 1750 1243 τοῦτο

175 1285 365 1354 μόνον,
402 1283 517 1337 ἀλλ’
547 1284 628 1336 ὅτι
675 1282 784 1352 ἐγὼ
819 1285 917 1354 μὲν
948 1279 1028 1346 εἷς
1072 1284 1210 1352 είμι,
1254 1283 1413 1352 ὑμεῖς
1434 1282 1490 1334 δέ
1545 1281 1754 1344 πολλοὶ,

174 1377 273 1429 καὶ
295 1375 592 1445 δυνήσεσθε
637 1374 839 1435 πάντες
884 1375 999 1427 ὅσοι
1055 1373 1201 1439 ἐστὲ,
1258 1368 1394 1426 εἶναι
1426 1371 1752 1425 διδάσκαλοι.

172 1468 293 1528 Διὸ,
321 1465 644 1536 παρακαλῶ,
672 1466 747 1536 μὴ
780 1465 1031 1536 ἀμελεῖτε
1054 1466 1146 1518 τοῦ
1170 1465 1512 1534 χαρίσματος
1542 1463 1756 1516 τούτουο

172 1557 415 1619 ἕκαστος
442 1557 676 1623 γυναῖκα
705 1555 838 1625 ἔχει,
873 1555 1022 1623 φίλον
1055 1555 1189 1624 ἔχει,
1219 1553 1439 1624 οἰκέτην
1472 1554 1608 1624 ἔχει,
1645 1553 1758 1618 γεί-

175 1665 312 1700 τονα
342 1648 454 1717 ἔχει
483 1663 498 1678 ο
545 1647 718 1717 τούτῳ
748 1648 1142 1716 ἐπιπληττέτω,
1193 1646 1368 1714 τούτῳ
1399 1645 1754 1716 παραινείτω.

179 1737 309 1802 Πῶς
354 1737 462 1809 γάρ
513 1738 613 1790 οὑκ
650 1738 870 1804 ἄτοπον,
935 1739 1076 1807 ὑπὲρ
1136 1738 1235 1808 μέν
1276 1737 1482 1807 τροφῆς
1515 1735 1763 1788 συσσίτια

179 1829 362 1882 ποιεῖν
387 1830 481 1882 καὶ
514 1829 811 1897 συμπόσια,
845 1831 940 1881 καὶ
974 1829 1186 1898 ἡμέραν
1216 1828 1363 1896 ἐχειν
1391 1830 1595 1897 τακτὴν
1623 1826 1762 1880 ὥστε

182 1919 615 1989 συγκροτεῖσθαι
645 1917 928 1988 ἀλλήλους,
963 1919 1056 1970 καὶ
1087 1918 1146 1970 τὺ
1173 1919 1390 1986 ἑκάστῳ
1423 1918 1613 1971 λεῖπον
1643 1916 1765 1969 καθ’

177 2007 382 2062 ἑαυτὸν
411 2009 523 2062 δντι
551 2006 995 2077 ἀναπληροῦσθαι
1026 2007 1112 2060 διά
1156 2008 1252 2077 τῆς
1292 2008 1597 2069 κοινωνίας,
1630 2001 1762 2072 οἷον,

181 2104 297 2155 εἴτε
322 2103 402 2164 είς
453 2101 690 2169 ἐκφοράν
733 2100 954 2153 ἀπιέναι
999 2099 1128 2161 δέοι,
1159 2099 1268 2151 εἴτε
1298 2101 1376 2162 είς
1404 2099 1620 2170 ἄριστα,
1656 2100 1764 2151 είτε

187 2193 514 2263 συμπρᾶξαι
544 2193 599 2246 έν
627 2210 733 2263 τινι
765 2190 914 2264 [282]
944 2190 1019 2261 τῷ
1061 2190 1288 2261 πλησίον
1321 2209 1334 2222 ·
1369 2194 1450 2253 εἰς
1475 2191 1531 2244 δέ
1566 2189 1766 2259 ἀρετῆς

182 2283 540 2336 διδασκαλίαν
577 2273 651 2353 μὴ
691 2281 847 2335 τοῦτο
876 2283 1090 2344 ποιεῖν;
1123 2283 1251 2344 Ναὶ,
1299 2281 1623 2350 παρακαλῶ,
1659 2297 1765 2347 μη-

185 2373 306 2437 δεὶς
343 2373 616 2443 ἀμελείτω
643 2388 656 2401 ·
697 2371 888 2442 μισθὸν
915 2371 1024 2442 γάρ
1056 2371 1266 2441 δέχεται
1303 2371 1455 2441 παρά
1500 2369 1633 2423 Θεοῦ
1668 2386 1767 2420 πο-

192 2466 317 2520 λύν.
344 2464 452 2518 Καὶ
490 2465 574 2517 ἵνα
608 2463 812 2533 μάθῃς,¹
838 2465 864 2515 6
891 2461 960 2515 τά
991 2462 1152 2514 πέντε
1180 2462 1419 2515 τάλαντα
1473 2463 1769 2531 ἐμπιστευ-

187 2557 328 2621 θεὶς,
363 2555 510 2609 ἐστὶν
571 2557 598 2608 6
641 2553 959 2616 διδάσκαλος
989 2568 1001 2582 ·
1030 2555 1056 2606 6
1085 2553 1142 2605 δέ
1189 2553 1247 2605 τὸ
1283 2552 1361 2613 ἓν,
1414 2553 1442 2604 6
1487 2552 1765 2623 μαθητής.

199 2647 333 2700 Ἐὰν
359 2646 416 2698 δὲ
446 2646 574 2716 εῐπῃ
595 2647 621 2698 6
652 2644 918 2714 μαθητὴς,
936 2644 1200 2713 Μαθητής
1225 2647 1340 2712 είμι
1368 2642 1497 2711 ἐγὼ,
1530 2645 1630 2696 οὑκ
1659 2643 1767 2712 έχω

186 2737 460 2795 κίνδυνον,
498 2737 593 2789 καὶ
621 2735 679 2788 ὃν
711 2735 872 2788 ἔλαϐε
897 2735 1049 2806 παρά
1080 2735 1169 2789 τοῦ
1201 2735 1338 2788 Θεοῦ
1371 2735 1548 2804 λόγον,
1580 2739 1774 2787 τοῦτον

187 2829 283 2881 τὸν
325 2827 504 2880 κοινὸν
539 2828 633 2879 καὶ
660 2826 814 2895 ψιλὸν
837 2827 1185 2898 κατακρὺψῃ.
1213 2828 1305 2879 καὶ
1333 2828 1407 2894 μὴ
1437 2824 1769 2895 παραινέσῃ,

193 2919 271 2988 μὴ
302 2918 771 2988 παρρησιάσηται,
801 2917 874 2985 μὴ
905 2916 1122 2988 ἐλέγξῃ,
1149 2918 1224 2986 μὴ
1247 2916 1566 2986 νουθετήσῃ,
1594 2918 1642 2968 εί
1675 2915 1770 2968 δύ-

191 3025 380 3068 ναται,
417 3006 556 3060 ἀλλά
587 3006 913 3078 κατακρὺψῃ
966 3009 1023 3060 ἐν
1056 3009 1120 3074 τῇ
1167 3008 1236 3076 γῇ
1264 3022 1277 3035 ·
1335 3005 1404 3073 γῆ
1439 3007 1547 3075 γάρ
1604 3005 1773 3067 ὅντως

193 3099 317 3151 ἐστὶ
349 3098 442 3151 καὶ
470 3098 661 3162 σποδὸς
694 3097 888 3168 καρδία
917 3098 976 3149 τδ
1004 3097 1249 3167 χάρισμα
1292 3095 1383 3148 τοῦ
1410 3094 1542 3148 Θεοῦ
1604 3112 1774 3147 κατα-

195 3188 522 3261 κρύπτουσα
549 3203 562 3217 ⁸
595 3189 660 3241 ἂν
683 3190 861 3240 τοίνυν
894 3187 1219 3258 κατακρύψῃ
1248 3188 1279 3255 ἢ
1315 3187 1382 3237 δι’
1413 3187 1595 3249 ὄκνον,
1627 3185 1658 3255 ἢ
1687 3186 1774 3238 διά

193 3280 489 3348 πονηρίαν,
507 3280 566 3332 οὑ
595 3280 950 3348 προστήσεται
969 3278 1132 3330 αὑτοῦ
1161 3279 1220 3329 τὸ
1243 3279 1433 3336 εἰπεῖν,
1462 3278 1541 3330 ὅτι
1565 3277 1659 3329 Ἓν
1680 3277 1777 3329 τάν

195 3373 400 3425 λαντον
417 3367 581 3440 εἶχον.
602 3371 698 3422 Ἐν
712 3369 969 3430 τάλαντον
993 3364 1136 3438 εἶχες
1152 3385 1164 3397 °
1188 3370 1293 3422 ἔδει
1325 3387 1382 3421 σε
1404 3369 1505 3421 κᾶν
1528 3368 1585 3420 ἓν
1610 3385 1778 3440 προσ-

196 3463 449 3528 ενεγκεῖν
480 3463 570 3513 καὶ¹
585 3461 936 3512 διπλασιάσαι
959 3461 1020 3512 τὸ
1044 3462 1322 3514 τάλαντον·
1340 3463 1385 3514 εἰ
1405 3463 1778 3532 προσήνεγκες

196 3555 281 3615 ἓν,
335 3553 434 3605 οὑκ
471 3551 535 3603 ἂν
574 3551 890 3620 ἐνεκλήθης.
942 3552 1076 3604 Οὑδέ
1120 3552 1226 3620 γάρ
1252 3552 1328 3621 τῷ
1356 3553 1422 3604 τά
1473 3553 1565 3606 δύο
1610 3571 1779 3623 προσ-

198 3645 484 3711 ενεγκόντι
511 3640 652 3703 εἷπε,
689 3644 786 3695 Διά
820 3643 872 3693 τί
914 3642 987 3712 μὴ
1015 3644 1172 3696 πέντε
1205 3647 1618 3714 προσήνεγκας;
1646 3644 1780 3698 ἀλλά

199 3736 314 3787 τῶν
343 3733 521 3786 αὐτῶν
542 3734 702 3786 αὑτὸν
723 3733 920 3802 ἠξίωσε
949 3733 1023 3803 τῷ
1049 3736 1114 3786 τὰ
1147 3736 1307 3787 πέντε
1337 3737 1778 3805 προσενεγκόντι.

202 3828 271 3879 Τί
289 3826 511 3895 δὴπυτες
538 3825 659 3877 Ὅτι
684 3825 804 3877 ὅσον
834 3820 977 3893 εἶχεν
1001 3825 1295 3894 εἰργάσατο
1321 3841 1332 3853 ·
1361 3827 1457 3877 καὶ
1474 3826 1572 3878 οὑκ
1596 3827 1780 3896 ἐπειδὴ

202 3918 467 3970 ἐλάττονα
482 3915 574 3967 τοῦ
593 3915 659 3967 τὰ
686 3914 844 3967 πέντε
864 3914 1296 3983 ἐγχειρισθέντος
1324 3916 1504 3979 ἔλαϐε,
1523 3917 1609 3970 διὰ
1625 3917 1782 3971 τοῦτο

205 4007 616 4080 ἐρῤᾳθὺμησεν,
643 4007 762 4058 οὐδὲ
787 4011 850 4076 τῇ
868 4007 1138 4075 ὀλιγότητι
1164 4010 1243 4067 είς
1267 4007 1464 4078 ἀργίαν
1488 4010 1780 4078 ἐχρήσατο.

206 4099 348 4155 Οὑδέ
379 4115 437 4150 σε
462 4098 626 4168 ἐχρῆν
657 4099 790 4168 πρὸς
819 4097 911 4150 τὸν
931 4098 1000 4150 τά
1041 4098 1132 4150 δύο
1153 4099 1284 4167 ὁρᾷν
1304 4116 1322 4129 ο
1346 4099 1544 4168 μᾶλλον
1568 4101 1625 4152 δέ
1648 4100 1784 4170 πρὸς

207 4187 417 4240 ἐκεῖνον
437 4181 541 4236 ἐδει
571 4184 718 4248 ίδεῖν,
747 4185 842 4238 καὶ
878 4184 1067 4254 ὥσπερ
1093 4187 1298 4248 ἐκεῖνος
1339 4189 1647 4256 ἐμιμήσατο
1692 4190 1782 4241 τὸν

204 4273 276 4327 τὰ
302 4273 486 4334 πέντε,
518 4272 609 4324 δύο
636 4272 794 4341 ἔχων,
817 4272 963 4325 οὓτω
983 4273 1075 4325 καὶ
1105 4274 1162 4324 σὲ
1189 4271 1428 4341 ζηλῶσαι
1459 4276 1568 4327 ἔδει
1597 4279 1688 4331 τὸν
1716 4279 1784 4330 τά

213 4363 310 4414 δύο
335 4362 547 4432 ἔχοντα.
584 4365 645 4415 El
671 4363 780 4433 γὰρ
813 4364 890 4433 τῷ
907 4366 1162 4436 χρήματα
1207 4366 1405 4434 ἔχοντι,
1437 4368 1530 4420 καὶ
1569 4369 1642 4440 μὴ
1687 4388 1784 4440 με·

209 4454 499 4516 ταδιδόντι,
543 4454 764 4516 κόλασις
795 4458 972 4508 κεῖται
997 4471 1008 4482 ·
1045 4455 1120 4525 τῷ
1149 4457 1432 4526 δυναμένῳ
1457 4462 1785 4530 παραινέσαι

209 4546 590 4615 ὁπωσδήποτε,
623 4547 715 4597 καὶ
743 4547 816 4615 μὴ
839 4546 997 4598 τοῦτο
1026 4547 1285 4609 ποιοῦντι,
1321 4549 1435 4611 πῶς
1458 4551 1517 4601 οὑ
1553 4553 1782 4624 μεγίστη

212 4638 438 4698 κόλασις
463 4637 613 4688 ἔσται
641 4653 654 4700 ;
687 4637 832 4690 Ἐκεῖ
863 4637 1020 4706 σῶμα
1041 4638 1320 4706 τρέφεται,
1350 4641 1581 4693 ἐνταῦθα
1598 4643 1742 4712 ψυχή
1768 4660 1780 4672 ·

213 4729 335 4780 ἐκεῖ
365 4726 591 4779 θάνατον
618 4725 849 4790 κωλύεις
896 4728 987 4780 τὸν
1027 4729 1383 4799 πρόσκαιρον,
1413 4732 1645 4785 ἐνταῦθα
1696 4735 1784 4786 τὸν

215 4817 455 4871 αἰώνιον.
1592 4822 1595 4824 ·

289 4995 360 5068 γ’.
392 4994 527 5045 Ἀλλ’
565 4993 663 5046 οὐκ
680 4993 788 5062 ἔχω
813 4994 994 5062 λόγον,
1027 4997 1208 5064 φησίν.
1256 4999 1394 5051 Ἀλλ’
1425 5001 1485 5051 οὑ
1512 5003 1669 5072 χρεία
1704 5005 1787 5057 λό-

220 5103 345 5148 γου,
382 5084 502 5136 οὑδέ
537 5084 886 5149 εὐγλωττίας.
933 5086 1058 5138 Ἐάν
1097 5088 1210 5157 ἴδῃς
1232 5091 1321 5140 τὸν
1354 5091 1504 5158 φίλον
1558 5095 1787 5164 πορνεύ-

215 5195 364 5240 οντα,
398 5176 518 5228 εἰπὲ
558 5177 690 5244 πρὸς
726 5178 885 5230 αὑτόν
913 5193 922 5203 ·
948 5179 1186 5247 Πονηρδν
1220 5182 1493 5250 πρᾶγμαὸ
1522 5185 1785 5255 μετέρχῃ,

217 5268 318 5319 οὑκ
351 5265 603 5335 αἰσχύνῃ,
644 5267 743 5318 οὑκ
773 5266 1069 5336 ἐρυθριᾷςς
1106 5271 1272 5321 κακὸν
1305 5271 1462 5324 τοῦτό
1489 5277 1653 5328 ἐστιν.
1686 5278 1789 5328 Αὑ-

217 5360 308 5420 16;
342 5359 450 5426 γάρ
478 5359 576 5409 οὑκ
612 5353 739 5417 οἶδε,
770 5359 956 5426 φησὶν,
988 5361 1066 5412 ὅτι
1092 5362 1258 5414 κακόν
1285 5381 1297 5427 ;
1325 5365 1453 5426 Ναὶ,
1488 5361 1646 5430 οἶδεν,
1677 5369 1788 5420 ἀλλ’

219 5449 325 5502 ὑπὸ
345 5449 446 5516 τῆς
473 5448 767 5516 ἐπιθυμίας
792 5449 1028 5502 ἐλκεται.
1064 5453 1170 5503 Καὶ
1205 5455 1249 5504 οἱ
1283 5456 1563 5517 νοσοῦντες
1591 5460 1786 5524 ἴσασιν,

219 5542 301 5590 ὅτι
361 5539 394 5604 ἡ
452 5537 794 5606 ψυχροποσία
835 5539 1019 5599 κακὸν,
1062 5540 1172 5591 ἀλλ’
1219 5543 1366 5611 ὅμως
1423 5545 1631 5599 δέονται
1682 5549 1790 5602 τῶν

220 5628 572 5680 κωλυσόντων
604 5626 752 5697 [⁸285]
781 5645 791 5656 ·
827 5629 854 5680 6
880 5629 986 5698 γὰρ
1015 5632 1070 5680 ἐν
1091 5630 1166 5699 τῷ
1193 5634 1349 5685 πάθει
1375 5634 1467 5697 ὢν,
1495 5638 1552 5688 οὐ
1586 5641 1792 5709 ταχέως

227 5715 404 5783 ἑαυτῷ
432 5715 663 5784 ἀρκέσαι
689 5715 979 5782 δυνήσεται
1013 5720 1068 5769 ἐν
1095 5722 1157 5788 τῇ
1188 5721 1347 5790 νόσῳ,
1383 5727 1476 5776 Δεῖ
1496 5726 1675 5780 τοίνυν
1695 5747 1788 5782 σου

941 368 1007 423 IN
1046 367 1267 423 EPIST.
1296 363 1387 420 AD
1423 355 1785 420 IIEBRIEOS.
1820 352 1974 409 CAP.
2019 349 2129 407 XII.
2166 345 2396 402 llO.\HL.
2443 340 2605 396 XXX.

3330 325 3439 380 9.19.

1857 469 1952 523 τοῦ
1982 465 2319 534 ὑγιαίνοντος
2349 458 2490 530 πρὸς
2518 455 2617 524 τὴν
2646 451 2856 506 ἐκείνου
2889 446 3133 518 ἰατρείαν
3159 459 3170 473 ·
3219 441 3322 496 κᾶν
3361 444 3440 510 μὴ

1868 559 2065 628 πεισθῇ
2090 555 2166 625 τῷ
2206 556 2434 625 ῥήματι,
2473 545 2865 614 παρατήρησον
2895 539 3125 593 ἀπιόντα
3152 536 3241 587 καὶ
3266 529 3440 586 κάτα-

1855 668 1971 720 σχε,
2009 626 2139 710 ἴσως
2169 643 2601 714 ἐντραπήσεται.
2632 636 2741 689 Καὶ
2766 633 2840 696 τί,
2865 631 3050 700 φησὶν,
3069 627 3282 694 ὄφελος,
3310 626 3438 720 ὅταν

1850 709 1919 792 δίζ
1949 709 2050 807 ἐμὲ
2080 709 2240 787 τοῦτο
2267 709 2416 799 ποιῇ,
2455 728 2551 780 καὶ
2583 724 2674 776 διὰ
2711 722 2774 774 τὸ
2816 715 3259 787 κατασχεσθῆναι
3303 709 3438 807 παρ’

1854 798 2020 897 ἐμοῦς
2049 825 2140 894 Μὴ
2173 798 2532 891 ἀκριϐολογοῦ
2554 831 2568 843 ·
2598 811 2734 873 τέως
2759 807 3059 878 οίῳδήποτε
3083 803 3271 871 τρόπῳ
3301 798 3437 852 ἀπό-

1853 891 2051 987 στησον
2085 891 2248 968 αὑτὸν
2288 912 2387 980 τῆς
2428 905 2676 975 πονηρᾶς
2712 899 3009 987 πράξεωςξ
3047 893 3318 987 ἐθισθήτω
3359 891 3434 987 μὴ

1852 976 2072 1062 ἀπίέναι
2099 1006 2180 1065 εἰς
2209 976 2386 1053 ἐκεῖνο
2412 998 2472 1050 τὸ
2505 993 2784 1066 βάραθρον
2805 1005 2818 1018 ·
2860 986 2972 1040 εἴτε
2994 985 3083 1038 διὰ
3118 984 3198 1045 σέ,
3229 983 3338 1034 εἴτε
3368 976 3417 1030 δι

1851 1096 2137 1165 ὁτιδήποτε
2183 1089 2425 1158 κωλυθῇ,
2473 1085 2664 1155 κέρδος
2705 1081 2857 1134 ἐσται
2891 1080 2955 1130 ἐκ
3009 1074 3222 1128 τούτου.
3255 1071 3427 1123 Ὅταν

1854 1187 1962 1256 γὰρ
1990 1159 2193 1257 ’ἐθίσῃς
2237 1181 2397 1234 αὑτὸν
2436 1177 2510 1247 μὴ
2548 1175 2790 1230 ἀπιέναι,
2833 1169 2952 1222 τότε
2983 1167 3188 1234 δυνήσῃ
3235 1159 3427 1232 μικρὸν

1856 1252 2271 1332 ἀναπνεύσαντα
2304 1269 2509 1332 λαϐὼν,
2540 1265 2769 1329 διδάξαι,
2811 1263 2892 1314 ὄτι
2928 1259 3034 1329 χρὴ
3062 1256 3150 1310 διά
3179 1255 3268 1307 τὸν
3297 1252 3429 1305 Θεὸν

1856 1369 2016 1422 τοῦτο
2052 1366 2126 1438 μὴ
2150 1365 2345 1427 ποιεῖν,
2379 1362 2475 1415 καὶ
2505 1359 2567 1412 οὑ
2594 1359 2662 1412 δι’
2706 1355 3018 1426 ἄνθρωπον.
3067 1348 3161 1414 Μὴ
3208 1346 3443 1438 θελήσῃς

1860 1460 1950 1530 ὑφ’
1989 1433 2065 1511 ἓν-
2086 1433 2433 1525 κατορθῶσαι
2477 1450 2540 1503 τὸ
2593 1449 2732 1508 πᾶν,
2776 1445 2896 1497 ἐπεὶ
2932 1443 2995 1495 οὑ
3046 1440 3276 1508 δυνήσῃ,
3329 1433 3440 1487 ἀλλ’

1861 1529 2045 1621 ἡρέμα
2074 1547 2170 1601 καὶ
2197 1544 2336 1599 κατά
2366 1541 2582 1614 μικρόν.
2603 1540 2700 1591 Ἂν
2732 1538 2813 1598 είς
2853 1535 3014 1588 πότον
3040 1532 3157 1602 ῖδῃς
3188 1529 3447 1590 ἀπιόντα,

1862 1617 1982 1693 καὶ*
2011 1639 2092 1699 είς
2139 1634 2418 1706 συμπόσια
2480 1629 2652 1700 μέθης
2699 1623 3133 1695 πεπληρωμένα,
3179 1620 3351 1706 κάκεῖ
3388 1617 3448 1669 τὸ

1865 1727 1996 1781 αὑτὺ
2044 1725 2208 1788 ποίει,
2267 1723 2362 1776 καὶ
2397 1720 2561 1774 αὑτὸν
2614 1717 2776 1772 πάλιν
2844 1712 3249 1784 παρακάλεσον,
3300 1705 3353 1761 εί
3393 1725 3446 1758 τι

1867 1817 2065 1887 συνορᾷ
2095 1812 2387 1882 ἐλάττωμα
2430 1827 2488 1863 σε
2531 1809 2745 1878 ἔχοντα,
2775 1805 2993 1876 βοηθεῖν
3040 1803 3134 1855 καὶ
3175 1798 3443 1869 διορθοῦν.

1867 1907 2025 1961 Οὕτω
2059 1905 2168 1975 γὰρ
2207 1905 2299 1957 καὶ
2333 1901 2423 1954 ἐπὶ
2467 1897 2664 1953 ἐαυτοῦ
2711 1898 2801 1950 τὸν
2842 1897 3064 1964 ἔλεγχον
3103 1893 3265 1954 οίσει,
3321 1891 3450 1943 ὅταν

1871 1999 1956 2070 ίδῃ
1992 1997 2086 2049 καὶ
2112 1997 2171 2048 σὲ
2195 1995 2451 2064 δεόμενον
2493 1991 2752 2060 ἐλέγχων,
2791 1990 2886 2040 καὶ
2925 1986 3000 2056 μὴ
3046 1985 3120 2047 ὡς
3156 1984 3227 2036 τά
3270 1983 3452 2036 πάντα

1868 2086 2291 2158 κατωρθωκότα,
2337 2083 2473 2154 μηδέ
2505 2082 2582 2144 ὡς
2620 2080 2962 2141 διδάσκαλον,
3003 2077 3119 2130 ἀλλ’
3174 2077 3250 2137 ὡς
3291 2073 3446 2142 φίλον

1868 2184 1962 2236 καὶ
1991 2180 2218 2246 ἀδελφὸν
2268 2177 2587 2248 βοηθοῦντα.
2619 2173 2757 2226 Είπέ
2805 2172 2941 2243 πρὸς
2979 2169 3162 2232 αὑτὸν,
3204 2166 3344 2235 Ἐγώ
3392 2182 3455 2218 σε

1870 2274 2073 2344 ῶνησα,
2117 2270 2436 2339 ὑπομνήσας
2466 2268 2574 2321 τῶν
2605 2264 2997 2334 συμφερόντων
3019 2277 3030 2289 ·
3070 2261 3168 2312 καὶ
3203 2259 3268 2311 σὺ
3311 2257 3450 2327 ὅπερ

1871 2367 1936 2420 ἂν
1968 2364 2183 2434 συνίδῃς
2209 2361 2498 2428 ἐλάττωμα
2534 2357 2728 2428 ἔχοντά
2759 2373 2848 2424 με,
2883 2351 3256 2421 ἀναχαίτισον,
3304 2347 3450 2418 διόρ-

1872 2459 2078 2512 θωσον·
2130 2456 2194 2510 ἂν
2239 2455 2456 2526 ὀργίλον
2499 2453 2636 2523 ῖδῃς.
2684 2449 2750 2503 ἂν
2780 2447 3139 2516 πλεονέκτην,
3187 2443 3454 2508 κάτασχε,

1871 2550 2032 2619 δῆσον
2047 2549 2121 2617 -τῇ
2146 2546 2488 2616 παραινέσει.
2523 2539 2704 2593 Τοῦτό
2728 2542 2843 2591 ἐστι
2879 2535 3028 2604 φιλία
3051 2551 3064 2567 ⁸
3095 2533 3268 2594 οὕτως
3299 2530 3456 2586 ἀδελ·-

1875 2643 1974 2710 φδς
2030 2639 2133 2692 ὑπὸ
2187 2634 2418 2705 ἀδελφοῦ
2468 2632 2856 2704 βοηθούμενος,
2927 2629 3001 2691 ὡς
3070 2626 3223 2688 πόλις
3282 2621 3456 2692 ὀχυρά

1872 2734 2081 2800 γίνεται
2102 2747 2114 2760 ·
2143 2730 2203 2782 οὑ
2231 2729 2338 2799 γὰρ
2368 2728 2428 2780 τὸ
2461 2728 2654 2796 φαγεῖν
2687 2724 2780 2777 καὶ
2806 2723 2866 2775 τὸ
2895 2722 3041 2794 πιεῖν
3074 2721 3222 2770 ποιεῖ
3245 2715 3450 2784 φιλίανο

1873 2823 2132 2892 τοιαύτην
2168 2821 2277 2890 γάρ
2306 2819 2400 2871 καὶ
2425 2818 2622 2888 λῃσταὶ
2651 2816 2835 2885 ἔχουσι
2863 2817 2954 2866 καὶ
2982 2809 3320 2880 ἀνδροφόνοι·
3339 2806 3455 2860 ἀλλ’

1875 2917 1923 2967 εί
1950 2914 2093 2982 φίλοι
2117 2912 2303 2980 ἐσμὲν,
2325 2911 2373 2962 εί
2390 2909 2556 2972 ὅντως
2584 2906 2828 2976 ἀλλήλων
2857 2903 3155 2973 κηδόμεθα,
3181 2902 3256 2962 εἰς
3285 2898 3457 2951 ταῦτα

1877 3003 2132 3073 ἀλλήλοις
2159 3018 2223 3052 συ
2234 2996 2604 3069 μϐαλλώμεοα
2623 3013 2635 3026 ·
2670 2995 2844 3048 ταῦτα
2865 2996 2944 3055 εἰς
2961 2991 3144 3061 φιλίαν
3166 2991 3312 3059 ἡμᾶς
3336 2989 3458 3055 ἄγει

1878 3092 2153 3161 ἐπωφελῆ,
2184 3089 2356 3143 ταῦτα
2384 3087 2584 3141 κωλύει
2618 3088 2697 3148 είς
2727 3085 2956 3153 γέενναν
2991 3081 3270 3135 ἀπελθεῖν.
3303 3080 3460 3146 Μήτε

1877 3181 1970 3237 οὖν
2027 3185 2055 3236 6
2113 3181 2469 3249 ἐλεγχόμενος
2527 3176 2942 3246 ἁγανακτείτω·
3011 3173 3289 3241 ἄνθρωποι
3350 3171 3463 3240 γάρ

1879 3276 2063 3342 ἐσμεν,
2100 3269 2194 3323 κα)⁸
2234 3269 2429 3338 ἔχομεν
2461 3265 2820 3335 ἐλαττώματα
2843 3280 2854 3292 ·
2897 3264 3034 3333 μήτε
3057 3263 3085 3315 6
3114 3261 3355 3330 ἐλέγχων
3382 3259 3459 3321 ὡς

1882 3362 2218 3432 ἐπεγγελῶν,
2267 3361 2299 3429 ἥ
2340 3359 2416 3421 ὡς
2470 3357 2843 3427 ἐπεμϐαίνων,
2897 3355 3056 3407 τοῦτο
3112 3352 3335 3405 ποιείτω
3370 3350 3463 3402 καὶ

1882 3453 2271 3524 ἐκπομπεῦων,
2328 3451 2465 3504 ἀλλά
2510 3451 2632 3503 κατ’
2683 3449 2840 3510 ἰδίαν,
2906 3445 3043 3516 μετὰ
3095 3442 3460 3515 προσηνείιις⁹

1883 3543 2123 3605 πλείονος
2147 3542 2255 3612 γάρ
2287 3541 2456 3594 δεῖται
2495 3538 2827 3608 προσηνείας
2849 3540 2876 3590 6
2906 3536 3164 3605 ἐλέγχων,
3198 3535 3288 3588 ἵνα
3321 3533 3464 3585 οὕτω

1883 3632 2048 3701 πείσῃ
2073 3630 2172 3701 τὴν
2202 3627 2374 3698 τομὴν
2417 3627 2684 3694 ἐνεγκεῖν.
2722 3626 2835 3694 Οὐχ
2865 3623 3028 3694 ὁρᾶτε
3059 3623 3184 3683 τοὺς
3220 3620 3460 3689 ἰατροὺς,

1883 3725 2009 3776 ὅταν
2036 3723 2288 3786 καίωσιν,
2322 3721 2452 3773 ὅταν
2483 3718 2745 3787 τέμνωσι,
2775 3715 2914 3785 μετά
2937 3715 3109 3783 πόσης
3131 3709 3465 3782 προσηνείας

1882 3817 1979 3886 τὴν
2014 3814 2312 3886 θεραπείαν
2349 3813 2615 3880 ἐπάγουσι
2639 3827 2653 3875 ;
2679 3809 2866 3877 Πολλῴ
2908 3806 3108 3875 μᾶλλον
3147 3805 3272 3866 τοὺς
3304 3803 3463 3870 ἐλέγ-

1885 3925 2080 3978 χοντας
2121 3905 2280 3959 τοῦτο
2326 3904 2408 3957 δεῖ
2469 3903 2671 3956 ποιεῖν’
2735 3902 2826 3953 καὶ
2874 3901 2982 3968 γάρ
3030 3898 3125 3950 καὶ
3171 3896 3340 3966 πυρὸς
3371 3895 3467 3946 καὶ

1887 4003 2110 4070 σιδήρου
2154 3998 2511 4069 σφοδρότερον
2574 3992 2726 4067 [9.84]
2776 3993 3034 4061 ἐλεγχος,
3081 3989 3180 4042 καὶ
3235 3989 3473 4058 σκιρτᾷν-

1887 4094 2068 4145 ποιεῖ·
2121 4092 2215 4144 καὶ
2247 4090 2334 4142 διά
2373 4088 2533 4140 τοῦτο
2585 4087 2680 4139 καὶ
2727 4087 2776 4137 οἱ
2818 4085 2994 4153 ἰατροὶ
3048 4080 3218 4132 πολλά
3269 4081 3466 4147 ἐπιτη-

1885 4185 2148 4248 δεύουσιν,
2203 4181 2343 4234 ὥστε
2398 4181 2644 4246 ἐνεγκεῖν
2695 4177 2882 4246 πράως
2952 4174 3051 4243 τὴν
3110 4173 3306 4240 τομὴν,
3370 4168 3469 4221 καὶ

1887 4274 2199 4347 προσηνῶς,
2230 4274 2305 4334 ὡς
2333 4267 2442 4325 οἷόν
2474 4288 2555 4336 τε,
2582 4268 2788 4338 ταύτην
2819 4265 3116 4334 ἐπάγουσι,
3144 4265 3239 4315 καὶ
3269 4262 3468 4331 μικρὸν

1887 4368 2200 4430 ἐνδιδόντες,
2247 4361 2364 4417 εἶτα
2402 4363 2735 4432 παρέχοντες
2765 4357 3124 4412 ἀναπνεῦσαι.
3166 4354 3321 4406 Οῦτω
3373 4353 3467 4405 κα).

1886 4459 2009 4520 τοὺς
2036 4456 2291 4525 ἐλέγχους
2313 4456 2393 4507 δεῖ
2421 4455 2614 4511 ποιεῖν,
2658 4451 2745 4502 ἵνα
2787 4451 2878 4501 καὶ
2909 4449 2956 4500 οί
3007 4445 3354 4515 ἐλεγχόμενοι

1888 4547 2285 4617 ἀποσκιρτῶσι.
2321 4544 2438 4598 Κᾶν
2466 4542 2790 4613 ὑϐρισθῆναι
2822 4541 3002 4592 τοίνυν
3029 4537 3145 4608 δέῃ,
3181 4535 3283 4589 κᾶν
3329 4534 3467 4603 πλη-

1887 4642 2070 4708 γῆναι,
2131 4638 2204 4706 μὴ
2257 4631 2749 4705 παραιτησώμεθα.
2823 4630 2933 4682 Καὶ
3003 4628 3112 4698 γὰρ
3166 4629 3363 4679 ἐκεῖνοι
3417 4625 3469 4676 οῖ

1890 4731 2233 4798 τεμνόμενοι,
2265 4726 2438 4796 μυρία
2469 4722 2783 4776 καταϐοῶσι
2830 4719 2938 4772 τῶν
2971 4718 3281 4787 τεμνόντων
3308 4731 3321 4744 ⁸
3350 4715 3471 4768 ἀλλ’

1889 4823 2085 4872 ἐκεῖνοι
2121 4820 2252 4886 πρὸς
2275 4817 2426 4869 οὑδὲν
2456 4815 2664 4867 τούτων
2703 4811 2924 4883 ὁρῶσιν,
2968 4810 3084 4862 ἀλλ’
3116 4809 3147 4878 ἢ
3190 4809 3326 4878 πρὸς
3365 4807 3475 4875 τὴν

1891 4911 2080 4978 ὑγείαν
2110 4909 2216 4961 τῶν
2244 4907 2562 4975 καμνόντων
2596 4906 2778 4974 μόνον.
2811 4903 2966 4956 Οὕτω
2995 4902 3058 4971 δὴ
3102 4902 3195 4953 καὶ
3232 4899 3473 4952 ἐνταῦθα.

1892 5003 2068 5055 πάντα
2123 5001 2203 5052 δεῖ
2249 5002 2421 5051 ποιεῖν
2476 4998 2612 5067 πρὸς
2654 4997 2714 5049 τὸ
2766 4996 2862 5047 τὸν
2904 4995 3124 5062 ἔλεγχον
3180 4992 3466 5062 χρησίμως

1890 5091 2162 5160 γενέσθαι,
2192 5092 2366 5144 πάντα
2406 5091 2591 5158 φέρειν
2621 5089 2755 5158 πρὸς
2777 5087 2868 5139 τὸν
2909 5085 3098 5154 μισθὸν
3141 5083 3461 5154 ἀφορῶντας

1891 5185 1979 5236 τὸν
2012 5184 2388 5251 ἀποκείμενον.
2420 5180 2742 5245 Ἀλλήλων,
2780 5179 2931 5246 φησὶ,
2960 5177 3030 5229 τὰ
3044 5176 3204 5243 βάρη
3223 5175 3450 5238 ,ϐαστά-

1892 5275 2034 5340 (ets,
2055 5267 2151 5327 καὶ
2168 5275 2353 5338 οὕτως
2368 5273 2841 5338 ἀναπληρώσατε
2871 5273 2975 5322 τὸν
3001 5273 3189 5337 νόμον
3201 5268 3305 5321 τοῦ
3327 5270 3458 5333 Χρι-

1893 5385 2061 5421 στου.
2091 5367 2273 5428 Οῦτως
2310 5362 2401 5418 οὖν
2426 5367 2519 5417 καὶ
2549 5365 2860 5433 ἐλέγχοντες
2902 5365 2995 5414 καὶ
3022 5364 3280 5432 φέροντες
3307 5360 3468 5428 ἀλλή-

1892 5459 2035 5522 λους,
2068 5457 2408 5526 δυνησόμεθα
2460 5455 2852 5524 ἀναπληρῶσαι
2903 5454 3000 5524 τὴν
3051 5452 3339 5521 οἰκοδομὴν
3371 5451 3469 5502 τοῦ

1894 5547 2130 5616 Χριστοῦ
2149 5565 2160 5576 ·
2201 5549 2293 5599 καὶ
2325 5550 2454 5616 ἡμῖν
2492 5545 2630 5598 οῦτω
2661 5549 2917 5615 ποιήσετε
2946 5546 3146 5612 κοῦφον
3170 5544 3258 5595 τὸν
3283 5543 3469 5604 πόνον,

1895 5642 1951 5692 ἐν
1985 5640 2154 5691 ἆπασι
2194 5638 2697 5707 συλλαμϐανόμενοι
2722 5639 2850 5705 ἡμῖν
2883 5638 2975 5688 καὶ
3005 5639 3160 5705 χεῖρα
3185 5635 3468 5703 ὀρέγοντες

1897 5732 1989 5784 καὶ
2023 5729 2275 5799 μερισταὶ
2309 5729 2580 5798 γινόμενοι
2613 5729 2703 5780 καὶ
2736 5728 3000 5791 κοινωνοὶ,
3047 5726 3141 5779 καὶ
3171 5726 3268 5794 τῆς
3296 5726 3466 5792 ἀλλή-
