4062 6406
172 319 287 378 115

904 312 963 379 i.\"
1001 317 1216 376 EPIST.
1258 307 1345 369 AD
1384 309 1743 369 HEBPUEOS.
1773 308 1921 365 CAP.
1965 310 2077 365 ΧΗ.
2120 311 2346 366 1103111..
2392 309 2561 367 XXXI

3326 299 3429 355 ΞΗ

184 432 446 481 tincamns
481 435 609 491 ergo
653 427 705 474 et
730 418 866 473 alter
907 416 1126 469 alterius
1162 426 1322 467 onera
1363 416 1671 481 gestantes,
1703 416 1757 462 ct
1845 406 2056 463 Christo
2102 407 2230 464 Jesu
2254 409 2483 463 Domino
2514 417 2695 461 nostro
2726 450 2735 469 ,
2771 421 2889 459 cum
2920 420 3023 476 quo
3049 403 3189 459 Patri
3219 401 3422 472 gloria,

183 523 469 585 arguentes
493 530 506 566 :
536 522 589 564 nt
616 522 966 578 assequamur
994 505 1132 559 bona
1177 503 1330 557 nobis
1370 499 1629 570 promissa
1654 538 1669 562 ,
1703 498 1755 550 in
1849 515 1948 554 una
1976 514 2096 555 cum
2124 510 2309 555 sancto
2328 501 2550 571 Spiritu,
2576 508 2660 554 etc

1512 757 1855 818 HOMILIA
1896 757 2119 818 XXXI
2172 755 2283 837 (α).

160 922 286 977 Car.
315 920 401 976 12.
432 933 485 973 v.
516 917 604 972 Η.
626 914 815 967 Pacem
840 908 1104 977 sequimini
1128 922 1244 961 cum
1290 902 1518 959 omnibus
1543 915 1589 955 et
1615 916 1734 954 san-

314 1011 625 1071 ctimoniam,
644 1005 751 1059 sine
772 1018 874 1072 qua
898 1014 1045 1055 nemo
1072 997 1254 1052 uidebit
1283 994 1578 1049 Dominum.

231 1104 282 1157 Ι.
311 1101 471 1155 Multa
498 1096 707 1167 quidem
746 1102 870 1148 sunt
916 1105 1034 1159 qua:
1074 1088 1377 1156 caprimunt
1420 1081 1731 1139 Christiani-

158 1210 331 1248 smum
358 1210 370 1245 :
396 1190 563 1259 magis
610 1197 789 1240 autem
819 1196 975 1253 quant
1003 1180 1216 1243 omnia,
1249 1187 1304 1232 et
1346 1176 1535 1230 melius
1578 1189 1735 1243 quam

156 1282 361 1347 omnia,
392 1288 569 1334 mutua
594 1278 735 1332 inter
781 1289 839 1330 se
884 1271 1100 1327 dilectio
1124 1278 1178 1323 et
1198 1283 1320 1340 pax.
1344 1266 1469 1321 Ideo
1492 1264 1736 1321 Christus

155 1384 369 1440 quoque
391 1369 553 1422 dicit:
581 1365 767 1419 Pacem
795 1378 955 1415 meam
977 1365 1042 1414 do
1064 1359 1199 1413 vobis
1217 1374 1234 1422 ;
1254 1366 1305 1412 et
1321 1370 1526 1417 rursus,
1554 1353 1619 1408 In
1642 1354 1737 1407 hoc

155 1463 310 1517 scient
330 1476 499 1514 omnes
520 1458 654 1528 quod
675 1455 911 1522 discipuli
942 1453 1038 1505 mei
1058 1453 1198 1515 estis,
1221 1451 1267 1503 si
1301 1447 1577 1503 dilexeritls
1601 1449 1734 1501 invi-

154 1569 261 1607 cem
281 1551 460 1622 (Joan.
487 1550 571 1604 H.
590 1549 677 1602 27.
700 1555 745 1600 et
766 1546 849 1600 15.
870 1544 981 1614 55).
1014 1542 1138 1597 Ideo
1164 1541 1359 1596 Paulus
1374 1538 1535 1595 etiam
1563 1538 1692 1592 dicit
1718 1554 1733 1592 :

156 1645 343 1699 Pacem
373 1642 637 1713 sequimini
662 1655 776 1692 cum
805 1635 1032 1692 omnibus
1058 1645 1105 1689 et
1139 1632 1491 1696 sanctitatem,
1520 1629 1625 1683 ltoc
1650 1637 1735 1684 est

154 1737 512 1799 honeSIatetn,
539 1733 648 1785 sine
667 1745 767 1799 qua
798 1743 939 1783 nemo
965 1723 1149 1780 videbit
1168 1722 1459 1777 Dominum.
1492 1722 1579 1778 15.
1602 1718 1736 1775 Con-

153 1828 454 1895 templantes
483 1839 545 1877 ne
584 1822 695 1891 quis
715 1821 839 1873 desit
858 1818 1037 1889 gratia
1061 1814 1175 1869 Dei.
1202 1814 1491 1882 Tamquam
1524 1812 1732 1881 longam

151 1920 387 1988 aliquam
409 1917 546 1967 viam
574 1913 624 1966 in
654 1925 845 1981 magno
860 1909 1112 1963 comitatu
1132 1906 1289 1960 simul
1305 1902 1731 1967 conticieutibus,

150 2008 365 2073 Videte,
394 2005 587 2074 inquit,
627 2017 692 2057 ne
715 2002 833 2071 quis
871 1996 1227 2053 remanserit:
1262 2011 1367 2049 non
1415 1993 1517 2047 hoc
1558 1994 1733 2048 solum

147 2113 333 2171 quaero
361 2105 419 2151 ut
446 2109 540 2151 vos
570 2092 857 2156 accedatis,
906 2089 1001 2146 sed
1046 2098 1103 2144 ut
1146 2088 1281 2142 alios
1307 2099 1530 2170 quoque
1546 2084 1733 2139 obser-

146 2192 302 2246 vetis.
342 2187 427 2243 Ne
458 2188 589 2257 quis,
632 2182 970 2256 inquittdesit
1022 2182 1203 2253 gratiis
1221 2178 1339 2233 Dei.
1366 2176 1604 2233 Gratiam
1638 2176 1731 2231 Dei

144 2280 326 2336 lutura
347 2279 477 2334 dicit
505 2276 661 2340 bona,
695 2273 851 2328 [idem
881 2271 1263 2342 evangelicum,
1310 2269 1567 2338 optimam
1608 2266 1731 2320 vita:

145 2371 537 2427 institutionem
570 2386 583 2420 :
610 2374 734 2421 sunt
761 2364 902 2419 enim
933 2362 1111 2417 omnia
1145 2361 1234 2415 Dei
1262 2359 1467 2430 gratia).
1495 2357 1572 2414 Ne
1597 2357 1729 2413 mihi

148 2460 371 2519 dixeris.
401 2455 549 2512 Unus
570 2463 653 2510 est
677 2453 768 2524 qui
800 2451 975 2523 perit:
1020 2460 1075 2506 et
1115 2459 1332 2519 propter
1376 2462 1540 2503 unum
1586 2462 1731 2502 mor-

144 2558 268 2605 tuus
286 2557 370 2603 cst
383 2546 648 2603 Christus.
663 2544 885 2613 Propter
901 2556 1064 2595 unum
1087 2550 1330 2595 mortuus
1350 2548 1432 2595 est
1447 2536 1693 2594 Christus
1709 2578 1727 2605 ,

148 2652 201 2695 tu
226 2655 359 2695 vero
388 2639 505 2709 ejus
527 2651 633 2691 non
661 2633 804 2705 geris
822 2632 1050 2688 curam?
1074 2630 1499 2701 Contemplantes,
1523 2630 1727 2700 inquit;

143 2730 245 2787 hoc
274 2738 382 2796 est,
404 2738 588 2784 exacte
611 2736 932 2794 scrutantes,
953 2726 1378 2792 considerantes,
1399 2727 1720 2790 ediscentes.

141 2833 201 2877 ut
228 2838 359 2892 erga
390 2820 627 2875 inﬁrmos
653 2820 764 2875 ﬁeri
787 2821 943 2884 solet,
959 2827 1011 2876 et
1035 2834 1129 2888 per
1149 2820 1327 2874 omnia
1347 2821 1717 2882 observantes,

145 2911 228 2967 Ne
249 2928 354 2983 qua
379 2911 530 2965 radis:
558 2910 912 2963 amaritudinis
939 2926 1142 2963 sursum
1164 2912 1451 2980 germinans
1476 2908 1718 2978 impediat

143 3000 324 3071 (Deut.
356 2999 445 3055 29.
494 3000 606 3070 18).
642 2998 753 3054 Hoc
782 2998 1016 3068 positum
1057 3007 1140 3053 est
1186 2999 1240 3052 in
1292 2996 1723 3063 Deuterouomio,

142 3098 527 3160 sumptumque
574 3088 725 3143 fuita
755 3087 1065 3157 metaphora
1117 3088 1433 3157 plantarum.
1485 3085 1568 3141 Ne
1602 3102 1724 3156 qua,

140 3179 339 3251 inquit,
378 3180 529 3233 radio:
555 3178 911 3233 amaritudinis
946 3193 965 3232 :
992 3177 1136 3248 quod
1182 3177 1308 3232 alibi
1346 3191 1559 3246 quoquo
1595 3178 1727 3231 scri-

141 3271 301 3337 bens,
340 3269 489 3337 dicit,
532 3268 791 3324 Modicum
830 3268 1131 3337 ferrumtum
1180 3275 1337 3321 totam
1370 3282 1592 3320 massam
1628 3265 1726 3334 fer-

141 3368 335 3416 mental
365 3362 440 3432 (ι.
469 3360 589 3415 Cor.
615 3359 670 3414 5.
709 3358 785 3428 6).
817 3358 935 3414 Non
980 3367 1199 3429 propter
1242 3356 1369 3412 illud
1409 3357 1580 3411 solum
1628 3357 1730 3412 hoc

141 3454 287 3519 volo,
316 3453 509 3522 inquit,
537 3452 632 3509 sed
662 3452 825 3508 etiam
846 3460 1065 3522 prapter
1117 3450 1263 3505 illam
1308 3466 1427 3521 quae
1454 3449 1578 3507 inde
1607 3457 1728 3504 orta

140 3555 226 3602 est
253 3562 470 3601 nosam.
499 3546 615 3602 Hoc
630 3554 732 3610 est,
747 3544 955 3600 etiamsi
971 3545 1043 3598 sit
1063 3543 1235 3611 aliqua
1264 3543 1415 3599 radix
1440 3541 1726 3613 ejusmodi,

142 3636 351 3692 nullum
372 3650 590 3706 germen
621 3636 767 3690 sinas
814 3634 1127 3701 ascendere,
1152 3632 1247 3689 sed
1275 3632 1633 3697 exscindatur,
1660 3646 1730 3689 ne

140 3741 272 3783 suos
304 3725 508 3781 fructus
547 3724 707 3792 ferat,
748 3733 811 3780 ut
846 3739 951 3779 non
984 3724 1122 3779 alios
1164 3723 1367 3778 lnllciat
1410 3731 1467 3778 et
1504 3722 1723 3793 polluat.

142 3816 230 3873 Ne
266 3834 391 3889 qua,
415 3813 608 3886 inquit,
638 3816 791 3871 radiat
816 3814 1173 3869 amaritudinis
1211 3829 1410 3868 sursum
1437 3813 1729 3884 germinans

142 3906 409 3977 impediat,
446 3914 495 3959 et
530 3921 619 3974 per
656 3903 800 3958 illaut
839 3903 1167 3973 inquinentur
1215 3902 1379 3956 multi.
1435 3902 1499 3956 Et
1536 3903 1729 3957 merito

142 4011 387 4052 amarum
430 3996 637 4050 vocarit
684 4004 1006 4064 peccatum:
1050 4008 1239 4049 revera
1284 3993 1428 4048 enim
1468 3992 1599 4047 nihil
1645 4002 1730 4048 est

144 4098 368 4158 peccato
405 4088 656 4141 amarius.
709 4087 827 4141 Hoc
864 4085 1160 4155 sciunt-qui
1192 4095 1473 4156 postquam
1504 4086 1557 4140 id
1589 4087 1728 4141 lece-

146 4186 295 4241 runt,
328 4175 607 4231 tabescunt
644 4192 673 4229 a
697 4176 1046 4242 conscientia,
1068 4177 1156 4246 qui
1184 4190 1430 4246 magnam
1459 4177 1725 4231 suatittent

145 4266 553 4322 amaritudinem
584 4284 598 4321 :
634 4282 754 4320 nam
784 4282 906 4320 cum
938 4266 1007 4320 sit
1031 4267 1447 4331 amarissimum,
1474 4270 1729 4336 pervertit

146 4362 307 4415 etiam
345 4360 514 4428 ipsam
563 4358 669 4413 vim
714 4358 1091 4414 ratiocinandi.
1142 4360 1211 4413 Ea
1244 4367 1325 4412 est
1354 4358 1729 4414 amaritudinis

146 4461 357 4517 natura,
386 4462 442 4504 ut
465 4451 536 4505 sit
560 4450 782 4504 inutilis.
808 4450 971 4505 Recte
996 4460 1172 4505 autent
1199 4450 1354 4515 dixit,
1384 4450 1557 4504 Radix
1581 4467 1725 4504 ama-

148 4544 405 4596 ritudinis.
437 4542 551 4595 Non
578 4540 729 4605 dixit,
762 4541 1102 4605 Atttat'a,sed,
1148 4540 1515 4594 Amaritudinis
1544 4556 1560 4593 :
1607 4557 1726 4594 nam

150 4634 264 4688 ﬂeri
294 4633 505 4701 quidem
535 4641 711 4698 potest
738 4644 795 4684 ut
825 4632 975 4685 radix
1006 4646 1185 4683 amara
1218 4631 1400 4684 dulces
1432 4630 1567 4683 lerat
1614 4631 1727 4683 fru-

151 4740 292 4795 ctus,
318 4729 412 4785 sed
428 4728 547 4786 ﬁeri
563 4743 669 4785 non
693 4739 869 4800 potest
886 4738 941 4783 ut
965 4726 1333 4783 amaritudinis
1354 4724 1524 4790 radix,
1548 4723 1667 4779 fons
1683 4730 1737 4779 et

152 4821 579 4885 fundamentum,
603 4821 814 4876 dulcem
834 4835 1086 4890 umquam
1111 4818 1335 4873 frttctum
1362 4816 1529 4872 lerat:
1558 4816 1736 4872 omnia

152 4911 296 4964 enim
324 4921 449 4965 sunt
475 4924 679 4975 amara,
711 4910 838 4965 nihil
882 4910 1078 4965 habent
1104 4908 1290 4971 dulce;
1318 4907 1492 4961 omnia
1520 4906 1732 4973 acerba,

151 5001 330 5053 omnia
348 5000 610 5061 insuavia.
634 5001 810 5054 omnia
832 5001 985 5070 plena
1007 5000 1132 5053 odio
1156 5010 1209 5054 et
1233 4996 1648 5055 almminationc.
1668 4995 1737 5051 Et

152 5105 242 5155 per
268 5089 412 5142 illam
458 5090 784 5159 inquinentur
813 5091 976 5144 multi.
1011 5089 1123 5143 Hoc
1146 5100 1248 5153 est,
1275 5087 1351 5143 Ne
1378 5087 1481 5143 hoc
1504 5089 1732 5149 eveniat,

154 5180 573 5247 intemperantes
620 5190 673 5234 et
720 5182 953 5235 lascivos
988 5179 1306 5234 exscindite.
1356 5181 1443 5234 16.
1497 5177 1581 5233 Ne
1624 5180 1737 5250 quis

155 5271 435 5342 [anticator
476 5280 563 5323 aut
606 5276 875 5342 profanus,
919 5281 971 5325 ut
1010 5269 1173 5333 Esus't.
1201 5272 1289 5338 qui
1339 5280 1543 5339 propter
1583 5286 1735 5325 unum

155 5373 321 5411 escam
347 5359 568 5411 vendidit
598 5360 850 5427 primitioa
884 5376 997 5414 sua.
1051 5361 1116 5414 Et
1164 5359 1250 5415 ubi
1294 5356 1587 5413 fornicator
1636 5357 1737 5416 futt

156 5446 332 5500 Esau?
384 5446 499 5501 Non
568 5447 668 5502 hoc
720 5449 807 5504 hic
857 5447 991 5503 dixit
1042 5448 1184 5517 quod
1231 5446 1528 5501 fornicator
1573 5445 1730 5503 fuerit

158 5534 320 5602 Esau,
374 5535 469 5591 sed
520 5537 572 5592 id
630 5539 979 5609 potiiturrper
1030 5539 1419 5610 Oppositionem
1463 5538 1531 5594 ad
1578 5536 1727 5607 illud,

210 5661 285 5722 (τι)
320 5656 517 5722 initam:
545 5653 781 5703 hominum
807 5660 858 5701 et
876 5654 920 5703 in
942 5662 1235 5716 sequentem
1257 5654 1464 5708 alterum
1487 5657 1702 5710 Oolbcrli

156 5720 282 5771 It:.i'.'t
309 5720 561 5769 habemus.

470 5816 743 5880 Panos.
795 5819 913 5884 Gtt.
964 5822 1186 5885 LXIII.

1846 898 2175 955 Sanctitatem
2208 902 2508 971 sequimini;
2555 900 2683 956 illttd
2725 914 2873 961 vero,
2916 897 3203 969 ’Profantts,
3252 899 3421 968 ipsum

1843 1000 2083 1061 spectare
2109 993 2337 1048 videtur.
2370 994 2447 1049 Ne
2476 994 2597 1064 quis
2626 1008 2755 1063 ergo
2781 993 2850 1046 sit
2878 1002 2935 1046 ut
2976 991 3118 1047 Esau
3147 991 3421 1059 profanus,

1843 1080 1944 1136 hoc
1972 1090 2074 1145 est,
2103 1082 2279 1136 helluo
2323 1093 2377 1137 ct
2418 1084 2800 1151 intemperans,
2834 1081 3153 1147 tnuudanus,
3183 1081 3419 1135 vendens

1844 1173 2156 1241 spiritualia.
2185 1173 2283 1240 Qui
2307 1184 2512 1243 promer
2532 1191 2685 1227 unam
2713 1189 2876 1227 escam
2906 1171 3129 1226 vendidit
3160 1171 3421 1239 primitiru

1840 1279 1952 1315 sua.
1988 1261 2087 1329 Qui
2120 1262 2261 1317 hunc
2299 1279 2326 1315 a
2377 1264 2485 1318 Deo
2525 1263 2627 1317 sibi
2671 1263 2849 1316 datum
2897 1262 3156 1315 honorent
3208 1260 3418 1329 βωμία

1842 1351 2075 1406 vendidit
2104 1352 2380 1419 socordia,
2431 1364 2485 1408 et
2509 1361 2607 1423 pro
2648 1368 2808 1423 parva
2839 1353 3106 1422 voluptate
3132 1351 3419 1405 maximum

1841 1442 2095 1497 honorent
2129 1445 2358 1513 perdidit
2384 1454 2440 1500 et
2470 1446 2715 1516 gloriam.
2748 1446 2857 1499 lloc
2903 1446 3117 1514 prOprie
3164 1445 3231 1498 ad
3277 1446 3423 1513 ipsos

1832 1533 2066 1602 pertinet
2092 1551 2108 1598 ;
2142 1535 2245 1589 hoc
2276 1546 2357 1589 est
2383 1536 2746 1599 abominandi,
2777 1535 2880 1591 hoc
2901 1535 3180 1590 immundi.

1914 1622 2013 1689 Qui
2039 1626 2196 1677 ventri
2220 1627 2467 1690 serviunt,
2491 1626 2741 1679 immundi
2766 1636 2905 1691 sunt,
2949 1641 3124 1697 quare.
3150 1656 3223 1669 —-
3246 1625 3421 1693 Quare

1839 1728 1944 1765 non
1988 1714 2136 1768 solus
2181 1726 2450 1771 scortator
2497 1724 2581 1771 est
2629 1715 2957 1782 immundus,
3001 1715 3094 1770 sed
3136 1724 3191 1772 ct
3218 1717 3418 1775 helluo,

1837 1801 2320 1868 quiservitrcntri.
2351 1804 2481 1858 Nam
2512 1805 2617 1859 iste
2637 1806 2860 1860 alterius
2890 1820 3102 1875 quoque
3128 1817 3211 1860 est
3237 1823 3422 1859 set-rus

1837 1891 2123 1960 voluptatis
2149 1911 2161 1946 :
2204 1896 2413 1963 cogitur
2453 1895 2602 1964 plura
2635 1895 2867 1950 habendi
2898 1897 3063 1949 teneri
3091 1896 3379 1965 cupiditate
3407 1917 3416 1946 :

1836 1984 2044 2051 cogitur
2066 1997 2271 2051 rapere,
2292 1983 2483 2039 millies
2512 1985 2741 2054 turpiter
2770 1994 2824 2039 et
2852 1984 3103 2039 indecore
3124 2000 3182 2039 se
3210 2000 3418 2055 gerere,

1837 2086 1956 2125 cum
1983 2073 2051 2127 sit
2084 2074 2221 2128 illius
2254 2076 2367 2128 vitii
2416 2090 2624 2142 servus,
2672 2084 2729 2130 et
2771 2074 3296 2147 sarpeblasphemat.
3327 2076 3425 2131 Hic

1837 2164 2037 2219 nullius
2104 2166 2255 2235 pretii
2315 2181 2437 2222 esse
2500 2182 2652 2222 suam
2704 2167 2856 2221 duxit
2925 2168 3419 2237 primogenitumn.

1836 2256 2012 2322 Quare
2030 2254 2336 2330 temporalis
2352 2274 2535 2314 curam
2552 2274 2747 2330 gerens
2766 2258 2979 2328 quietis,
3002 2259 3245 2329 pervenit
3261 2262 3423 2315 etiam

1837 2359 2007 2416 usque
2054 2347 2120 2403 ad
2168 2348 2500 2405 vendendam
2545 2349 3040 2420 primogenituram.
3078 2347 3260 2420 Itaque
3301 2359 3428 2406 sunt

1839 2443 1952 2514 jam
2001 2454 2198 2499 nostra:
2246 2446 2711 2519 primogenitum,
2744 2465 2851 2505 non
2878 2451 3209 2511 Judatorum.
3256 2455 3428 2514 Simul

1844 2535 2005 2590 etiam
2031 2550 2097 2591 es
2126 2536 2230 2592 hoc
2277 2552 2479 2595 maror
2503 2556 2690 2598 eorum
2722 2543 2973 2602 levatur:
3005 2545 3160 2613 quasi
3199 2548 3427 2621 diceret,

1842 2625 1985 2695 quod
2030 2626 2231 2695 primus
2272 2628 2442 2684 lactus
2469 2630 2541 2685 sit
2580 2633 2864 2701 posterior,
2894 2643 2949 2690 et
2972 2636 3061 2706 qui
3087 2648 3205 2693 erat
3230 2655 3418 2696 secun-

1841 2712 1941 2768 dus
1970 2712 2142 2769 lactus
2178 2716 2249 2769 sit
2275 2717 2513 2786 primus:
2546 2718 2638 2774 ille
2665 2721 2890 2789 primus,
2922 2734 3145 2795 propter
3172 2740 3426 2785 constan-

1840 2801 1971 2856 tiam
2016 2813 2072 2859 et
2116 2805 2488 2871 tolerantiam;
2532 2808 2619 2863 hic
2660 2813 2948 2880 poSIerior,
2994 2826 3212 2885 propter
3236 2833 3421 2874 socor-

1839 2890 1981 2950 diam
2018 2902 2073 2949 et
2110 2895 2507 2966 negligentiam.
2559 2899 2645 2953 l7.
2694 2900 2888 2956 Scitote
2924 2904 3058 2956 enim
3093 2907 3333 2974 quoniam
3376 2920 3424 2963 el

1840 2992 2012 3052 postea
2059 2988 2266 3053 cupiens
2316 2987 2599 3043 hereditare
2645 2990 3039 3048 benedictionem
3058 3036 3074 3061 ,
3124 3001 3422 3067 reprobatus

1836 3083 1959 3127 est:
1997 3090 2098 3128 non
2139 3076 2269 3129 enim
2318 3077 2507 3131 invenit
2546 3081 2853 3148 pauitantia:
2895 3084 3081 3150 locum,
3115 3104 3418 3160 quamquae:

1836 3176 1950 3214 cum
1981 3162 2219 3233 lacrymis
2242 3165 2529 3234 inquisisset
2551 3184 2683 3221 eam.

1904 3252 1961 3307 2.
1992 3253 2128 3322 Quid
2156 3255 2257 3310 hoc
2285 3267 2368 3312 est
2389 3257 2414 3310 ἲ
2438 3260 2725 3329 expellitne
2756 3264 3123 3332 paenitentiam
3141 3270 3164 3322 ἲ
3182 3270 3416 3327 Minime.

1834 3340 1939 3397 Sed
1965 3345 2254 3413 quomodo,
2274 3347 2464 3416 inquit,
2492 3350 2817 3417 pmnitentia:
2839 3354 3012 3411 locum
3040 3375 3144 3413 non
3174 3364 3311 3415 inve:
3338 3364 3370 3417 it
3398 3373 3420 3417 2'

1832 3449 1953 3489 nam
1977 3438 2021 3489 si
2052 3438 2285 3507 seipsnm
2307 3440 2701 3511 condemnavit,
2735 3446 2779 3500 si
2811 3448 2967 3504 valde
2999 3450 3278 3522 ingemuit,
3323 3472 3418 3510 cur

1831 3541 1937 3581 non
1967 3527 2165 3583 invenit
2191 3531 2366 3584 locum
2399 3534 2768 3600 pauitantia)?
2793 3536 3059 3605 Quoniam
3096 3558 3159 3598 ea
3195 3561 3282 3601 res
3310 3564 3413 3600 non

1829 3627 1946 3671 erat
1996 3619 2340 3685 tmenitentiw.
2387 3621 2537 3677 Sicut
2588 3625 2730 3679 enim
2771 3642 2871 3682 nec
2919 3632 3247 3697 pmuitentim
3300 3651 3417 3691 erat

1831 3707 2039 3761 tristitia
2083 3708 2252 3773 Caiui,
2299 3719 2356 3764 ut
2402 3713 2638 3768 ostendit
2666 3714 2804 3771 facta
2842 3719 3034 3787 caedes,
3063 3722 3134 3777 ita
3160 3722 3247 3780 hic
3278 3743 3412 3795 quo-

1828 3811 1931 3865 que
1955 3796 2113 3851 verba
2142 3814 2244 3852 non
2268 3811 2423 3855 erant
2444 3804 2809 3870 paenitentiae;
2843 3807 3003 3878 idque
3026 3820 3210 3880 postea
3233 3827 3411 3871 05ten-

1826 3888 1904 3941 dit
1945 3888 2118 3942 caules
2149 3908 2161 3942 :
2194 3904 2318 3945 nam
2365 3892 2476 3960 ipse
2510 3909 2743 3966 quoque,
2790 3900 2931 3967 quod
2972 3902 3037 3955 ad
3085 3906 3409 3962 voluntatem

1826 3978 2037 4042 attinet,
2080 3979 2245 4036 .lacob
2284 3982 2575 4037 interfecit.
2604 3987 3100 4059 Appmpinqnabunt
3129 3996 3293 4064 enim,
3329 4000 3409 4052 in-

1826 4068 1962 4138 quit,
1991 4070 2099 4122 dies
2124 4071 2289 4161 luctus
2316 4074 2481 4143 patris
2516 4077 2633 4139 mei,
2666 4087 2714 4130 et
2754 4079 3061 4149 inter/icium
3097 4084 3257 4141 Iacob
3297 4091 3410 4161 {ra-

1826 4165 1949 4210 trem
1982 4174 2143 4249 meum
2176 4158 2326 4232 (Gen.
2358 4163 2451 4231 9.7,
2479 4166 2593 4233 Μ).
2620 4166 2735 4221 Νοη
2768 4170 3048 4227 valuerunt
3075 4190 3206 4245 ergo
3238 4158 3409 4249 lacry-

1825 4260 1927 4299 ma:
1952 4247 2000 4301 ei
2027 4248 2154 4303 dare
2179 4252 2570 4321 paenitentiam.
2605 4256 2671 4312 Et
2700 4273 2803 4313 non
2829 4260 2983 4327 dixit,
3016 4265 3116 4318 Per
3146 4247 3408 4335 paenituit-

1827 4340 1977 4403 tiam,
1999 4342 2240 4398 absolute
2264 4360 2280 4408 ;
2306 4346 2422 4413 sed,
2454 4347 2627 4404 Etiam
2645 4365 2765 4405 cum
2794 4355 3044 4426 lacrymis
3069 4372 3173 4412 non
3204 4360 3402 4416 int-cuit

1825 4427 2002 4483 locum
2068 4433 2419 4500 pmnitentizc.
2498 4436 2905 4505 Quamobrem?
2974 4446 3239 4513 Quoniam
3300 4468 3403 4505 non

1826 4520 2095 4589 quomodo
2122 4526 2357 4592 oportuit
2393 4528 2501 4597 egit
2540 4532 2945 4600 paenitentiam;
2996 4538 3098 4593 hoc
3134 4540 3276 4594 enim
3324 4554 3408 4597 cst

1828 4613 2171 4679 ptenitcntia;
2237 4632 2343 4671 non
2410 4618 2520 4689 egit
2582 4626 2949 4693 paenitentiam
3019 4641 3077 4685 ut
3147 4640 3401 4702 oportuit.

1828 4703 2038 4771 Alioqui
2108 4708 2377 4776 quomodo
2432 4709 2548 4767 itth
2598 4713 2843 4771 diceret?
2909 4723 3218 4790 quomodo,
3277 4742 3399 4781 cum

1823 4807 2015 4860 segnes
2064 4806 2120 4850 et
2176 4798 2311 4867 pigri
2368 4803 2707 4870 evasissent,
2759 4823 2853 4862 eos
2909 4825 3097 4866 rursus
3144 4815 3404 4872 adhorta-

1830 4893 2028 4949 retur?
2063 4896 2337 4966 quomodo
2379 4912 2501 4954 cum
2541 4901 2715 4956 claudi
2769 4900 2894 4959 facti
2944 4906 3418 4977 essent?quomo-

1827 4983 1899 5041 do
1924 5000 2044 5041 cum
2068 4997 2254 5044 essent
2297 4990 2511 5048 remissi
2557 5002 2611 5047 et
2650 4993 2849 5048 soluti?
2900 4994 3001 5052 hoc
3026 4998 3169 5052 cnim
3214 5007 3298 5053 cst
3324 5000 3421 5054 ini-

1828 5084 1957 5134 tium
2000 5079 2203 5150 lapsus.
2254 5081 2381 5139 Mihi
2421 5083 2635 5140 videtur
2676 5086 3017 5144 subindicare
3051 5091 3314 5161 quosdam
3365 5092 3419 5147 in

1828 5173 1905 5226 eis
1959 5173 2342 5240 [οιηιίωιοι-θε,
2410 5177 2553 5233 nolle
2610 5190 2788 5236 tamen
2844 5190 2971 5238 tunc
3013 5200 3109 5239 eos
3154 5200 3417 5257 arguere;

1826 5264 1917 5316 δια
1948 5263 2098 5335 lingit
2123 5280 2182 5320 se
2213 5268 2483 5337 ignorare,
2530 5278 2589 5324 ttt
2629 5272 2987 5342 corrigantur.
3015 5273 3242 5347 Oportet
3270 5279 3415 5335 enim

1827 5352 2054 5418 primum
2101 5355 2321 5425 quidem
2365 5358 2623 5417 simulare
2669 5361 3068 5432 ignorantiam:
3102 5380 3286 5437 postea
3316 5386 3411 5424 au-

1824 5451 1930 5530 tem
1960 5461 2079 5500 cum
2110 5452 2601 5517 perseveraverint,
2633 5466 2758 5508 tunc
2781 5456 2943 5511 etiam
2980 5456 3178 5513 inferre
3223 5476 3415 5530 repre.

1823 5528 2177 5605 hensionem,
2244 5554 2313 5594 ne
2378 5540 2637 5611 pudorem
2704 5556 2927 5601 exuant.
2981 5546 3135 5615 Quod
3201 5528 3412 5625 Movst‘s

1820 5640 2033 5699 quoque
2060 5626 2187 5683 fecit
2211 5628 2265 5684 in
2293 5628 2509 5687 Zamhri
2533 5643 2585 5689 et
2614 5633 2973 5694 Chasbitide'.
2995 5636 3117 5693 Non
3155 5642 3288 5695 enim
3327 5643 3411 5695 in-

1822 5720 1972 5787 reait,
2022 5718 2215 5792 inquit,
2264 5724 2574 5790 pumilemia'
2618 5727 2781 5781 locum
2820 5726 3407 5798 (Num.c.25).Noniu~

3025 5837 3099 5902 ib
