4062 6398
624 384 731 441 iiii

611 479 758 531 vcnil
808 475 1193 545 pmultentiam,
1220 482 1311 529 aut
1337 475 1479 545 quod
1511 476 1756 546 peccavit
1779 475 2003 546 majora,
2030 492 2191 547 quam

612 581 666 620 ut
696 584 880 622 eorum
923 569 1007 637 agi
1056 568 1223 636 possit
1265 568 1612 636 paenitentia;
1660 581 1751 623 aut
1792 571 1930 640 quod
1976 571 2190 642 dignam

616 663 978 731 paruitentiam
1027 677 1129 713 nou
1178 659 1381 715 fecerit.
1418 659 1552 715 Sunt
1605 677 1732 729 ergo
1764 672 1975 732 peccata
2014 664 2187 734 aliqua

616 753 836 821 majora,
856 766 1011 822 quam
1043 759 1097 801 ut
1119 764 1302 803 eorum
1322 752 1403 821 agi
1432 752 1597 820 possit
1626 754 1961 821 pmnitentia.
1981 753 2093 808 lloc
2110 763 2193 807 est

611 860 737 912 ergo
762 842 901 911 quod
926 841 1053 895 dicit
1078 858 1092 895 :
1117 840 1194 895 Ne
1221 842 1476 895 cudamus
1506 858 1629 896 casu
1663 842 1942 897 ineurabili
1970 864 1983 898 :
2017 846 2190 899 donec

615 935 771 988 fuerit
819 934 987 988 solum
1021 933 1360 998 claudicatio,
1396 935 1545 988 facile
1588 945 1669 989 est
1694 945 1892 990 rectam
1928 936 2041 990 tieri
2068 954 2081 1001 ;
2108 939 2187 990 sin

610 1039 783 1078 autem
812 1024 1070 1079 fuerimus
1093 1026 1305 1095 penitus
1330 1027 1523 1090 eversi,
1541 1027 1664 1094 quid
1696 1024 1955 1081 realabit?
1974 1029 2104 1082 Cum
2127 1031 2189 1081 iis

610 1117 751 1169 enim
784 1115 875 1185 qui
908 1117 1143 1169 nondum
1182 1115 1490 1171 ceciderunt
1532 1120 1608 1172 sic
1649 1120 1900 1188 loquitur,
1930 1130 2072 1174 metu
2095 1138 2188 1174 eos

608 1208 922 1262 concutiens
943 1249 957 1273 ,
988 1217 1042 1262 et
1070 1208 1201 1262 dicit
1232 1207 1347 1263 ﬁeri
1382 1224 1485 1262 non
1519 1223 1675 1279 posse
1716 1222 1771 1264 ut
1815 1212 1902 1281 qui
1934 1212 2186 1266 occident

608 1315 859 1369 umquam
918 1310 1236 1369 assequatur
1273 1302 1734 1359 consolationem:
1776 1303 1846 1359 lis
1876 1314 2051 1359 autem
2099 1307 2186 1375 qui

611 1392 912 1446 ceciderunt
938 1435 951 1457 ,
982 1410 1045 1447 nc
1091 1394 1325 1448 incidant
1356 1395 1407 1448 in
1439 1394 1889 1465 chperationem,
1918 1403 2186 1454 contraria

606 1487 682 1561 sic
723 1484 849 1538 dicit
880 1504 892 1537 ι
922 1485 1095 1539 Filioli
1123 1488 1237 1551 mei,
1261 1504 1384 1556 quos
1408 1489 1588 1542 iterant
1616 1493 1865 1561 purturio,
1895 1496 2053 1549 donec
2077 1500 2187 1567 for-

609 1585 769 1626 inetur
791 1576 840 1626 in
870 1576 1004 1628 vobis
1043 1574 1272 1630 Clu-istas
1302 1575 1445 1645 (Gal.
1466 1580 1519 1633 4.
1549 1580 1668 1649 19);
1698 1593 1751 1636 et
1778 1599 1984 1651 rursus,
2012 1584 2110 1650 Qui
2133 1588 2186 1641 in

609 1666 716 1735 lege
736 1666 1113 1733 justiﬁcamini,
1143 1684 1173 1721 α
1198 1671 1361 1739 gratia
1381 1671 1629 1727 cecidistis
1658 1673 1811 1744 (Gal.
1851 1678 1903 1732 5.
1938 1677 2016 1750 4).
2050 1681 2187 1737 Ecce

613 1767 837 1810 testatur
862 1771 955 1813 eos
982 1759 1265 1815 excidisse.
1291 1760 1423 1815 Nam
1453 1764 1543 1832 qui
1566 1773 1671 1817 stat
1698 1769 1935 1835 quidem,
1966 1772 2187 1828 audiens

611 1851 724 1903 ﬁeri
756 1865 856 1903 non
885 1866 1041 1920 posse
1072 1861 1127 1906 ut
1153 1854 1242 1923 qui
1274 1854 1466 1909 cecidit
1490 1857 1698 1909 veniam
1720 1872 2056 1928 assequatur,
2085 1865 2188 1919 erit

616 1950 1011 2016 vehementior,
1040 1962 1088 2005 et
1116 1951 1182 2004 ad
1206 1951 1450 2006 standum
1485 1952 1688 2007 ﬁrmior
1715 1963 1769 2009 et
1796 1956 2036 2012 stabilior
2064 1979 2078 2013 :
2110 1961 2190 2014 sin

606 2053 787 2095 autem
814 2044 861 2095 in
886 2058 1004 2096 eum
1030 2043 1118 2112 qui
1143 2043 1398 2099 ceciderit
1426 2044 1611 2098 eadem
1646 2047 1810 2101 utaris
1835 2047 2187 2116 vehementia,

614 2149 899 2202 truuquam
933 2143 1208 2203 resurget;
1240 2150 1359 2188 nam
1389 2150 1491 2205 qua
1518 2151 1614 2205 spe
1643 2138 1891 2193 ostendet
1940 2142 2192 2195 mutatio-

615 2242 731 2276 ι;‹·ιιι
752 2225 913 2279 ?.Non
942 2225 1111 2280 solum
1143 2235 1321 2281 autem
1348 2227 1500 2295 dicit,
1534 2229 1722 2291 Flevit.
1771 2233 1862 2286 sed
1899 2233 2081 2301 etiam,
2112 2235 2196 2290 ln-

614 2318 848 2381 quisivit.
882 2317 997 2371 Non
1027 2334 1154 2389 ergo
1177 2320 1396 2389 expellit
1435 2322 1828 2390 penitentiam,
1879 2338 2001 2381 cum
2044 2327 2192 2394 dicit,

619 2404 737 2459 Non
784 2408 966 2460 invenit
1017 2410 1321 2477 paznitentia:
1368 2411 1570 2470 locum:
1601 2413 1693 2467 sed
1739 2415 1852 2468 vult
1893 2417 2065 2483 potius
2103 2433 2199 2474 eos

618 2499 844 2562 munire,
878 2500 1164 2569 lirmosquc
1191 2500 1414 2555 reddere
1435 2518 1497 2556 ac
1525 2504 1743 2559 stabiles
1772 2520 1839 2560 ne
1864 2520 2040 2561 ruant.
2066 2510 2195 2579 Qui-

617 2604 845 2658 cumque
880 2604 1006 2659 ergo
1050 2591 1308 2659 gehennm
1335 2607 1437 2646 non
1466 2595 1713 2661 credunt,
1741 2595 1930 2651 horum
1976 2603 2199 2655 remini-

617 2688 881 2733 scantur:
928 2680 1249 2750 quicumque
1304 2683 1611 2759 existimant
1663 2699 1880 2755 jcccata
1927 2705 2032 2744 non
2080 2708 2199 2747 esse

617 2770 900 2838 punienda,
934 2771 1045 2827 hinc
1073 2775 1329 2843 cogitent.
1354 2777 1458 2831 Cur
1488 2772 1626 2831 Esau
1654 2796 1756 2832 nun
1781 2790 1861 2834 est
1882 2796 2199 2854 asscquutus

615 2862 869 2915 veniam?
894 2862 1154 2929 Quoniam
1190 2880 1294 2919 non
1328 2877 1382 2920 ut
1408 2871 1645 2937 oportuit
1671 2872 1780 2941 egit
1809 2874 2195 2942 paenitentiam.

686 2953 738 3007 ὅ.
776 2951 870 3007 Vis
898 2953 1079 3010 videre
1108 2966 1347 3010 exacuunt
1376 2969 1431 3013 et
1461 2958 1764 3017 absolutam
1797 2966 2201 3032 pmnitentiam?

616 3042 754 3097 Audi
773 3044 1137 3113 paenitentiam
1164 3047 1305 3102 Petri
1332 3058 1449 3117 post
1475 3053 1833 3121 negationem.
1852 3055 1981 3110 Nam
2000 3074 2119 3129 qua:
2136 3065 2202 3116 ab

619 3153 685 3187 eo
708 3147 854 3205 gesta
879 3147 1003 3192 sunt
1032 3154 1256 3194 narrans
1284 3142 1625 3211 evangelista,
1648 3142 1713 3197 Et
1743 3163 1991 3215 egressus,
2013 3151 2200 3221 inquit,

618 3227 757 3291 foras
801 3224 938 3294 fierit
965 3239 1155 3278 amare.
1186 3225 1476 3296 Prnptcrea
1506 3230 1552 3282 ei
1584 3230 1742 3283 etiam
1792 3234 2071 3289 remissum
2112 3240 2209 3294 luit

619 3313 879 3383 ejusmodi
930 3326 1224 3385 peccatum,
1258 3319 1507 3388 quoniam
1546 3324 1813 3390 quomodo
1839 3328 2073 3395 Oportuit
2101 3333 2208 3400 egit

621 3408 1012 3475 pmtiitetitiam.
1044 3409 1201 3479 Atqui
1257 3411 1491 3465 nondum
1538 3412 1775 3469 oblatum
1804 3418 1972 3488 fuejat
2001 3422 2205 3475 sacrit}-

619 3498 781 3563 eium,
818 3499 1051 3553 nondum
1082 3498 1217 3554 facta
1246 3500 1439 3569 hostia,
1468 3504 1699 3559 nondum
1727 3508 1989 3563 sublatum
2020 3526 2207 3580 pecca-

622 3603 751 3655 tum,
779 3592 953 3647 adhuc
967 3592 1295 3649 dominatum
1320 3596 1591 3652 obtinebat
1614 3608 1668 3653 et
1695 3602 2026 3670 tyrannidem
2049 3620 2208 3661 exer-

623 3684 796 3736 cebat.
844 3684 908 3738 Et
951 3694 1006 3737 ut
1047 3684 1185 3739 scias
1211 3687 1351 3755 quod
1385 3689 1593 3759 negatio
1620 3706 1722 3745 non
1756 3703 1859 3747 tam
1891 3706 2208 3753 eratsocor-

624 3774 725 3827 dia:
754 3788 816 3828 ac
856 3775 1212 3844 negl'gentim,
1241 3792 1398 3846 quam
1441 3794 1503 3832 ex
1549 3795 1614 3834 eo
1638 3784 1777 3852 quod
1803 3784 1942 3841 Deus
1969 3802 2089 3841 eum
2120 3788 2209 3845 de-

625 3878 884 3928 seruerat,
918 3866 1165 3923 erudiens
1199 3870 1483 3925 humanam
1507 3873 1645 3928 scire
1673 3892 2000 3944 mensuram,
2028 3890 2083 3935 et
2106 3898 2209 3937 non

625 3975 919 4029 repugnare
941 3962 1003 4015 iis
1022 3977 1139 4031 qua:
1160 3962 1477 4019 dicebautur
1500 3982 1528 4019 a
1546 3967 1817 4037 Magistro,
1846 3988 2021 4044 neque
2047 3979 2213 4048 magis

626 4067 783 4122 quam
826 4052 917 4105 alii
963 4068 1190 4121 sapere,
1226 4056 1319 4109 sed
1362 4057 1498 4111 scire
1534 4060 1676 4128 quod
1718 4061 1920 4131 absque
1951 4065 2058 4120 Deo
2085 4070 2213 4123 nihil

628 4154 803 4212 potest
829 4145 961 4211 lieri,
985 4156 1036 4199 et
1056 4146 1196 4215 quod
1225 4145 1338 4199 Nisi
1370 4148 1614 4204 Dominus
1633 4154 1953 4220 a’di/icaverit
1974 4157 2179 4213 domum
2196 4204 2212 4229 ,

628 4239 818 4304 frustra
842 4235 1069 4289 laborant
1094 4240 1177 4306 qui
1200 4240 1454 4303 mitiﬁcant
1476 4258 1583 4294 eam
1618 4243 1786 4313 (i’sal.
1815 4245 1933 4302 126.
1970 4250 2023 4318 i)
2050 4268 2063 4314 ;
2093 4252 2218 4307 audi

630 4327 896 4393 quomodo
928 4343 1149 4381 tunnens
1182 4332 1481 4385 modestum
1510 4349 1645 4399 esse,
1666 4336 1761 4404 ipsi
1793 4340 1888 4391 soli
1913 4340 2046 4395 dixit
2065 4342 2220 4399 Citri-

630 4427 744 4471 stus
770 4436 784 4473 :
814 4416 1015 4484 Simon,
1048 4418 1246 4483 Simon,
1278 4426 1477 4493 expetiit
1504 4436 1552 4480 te
1577 4438 1803 4497 satanas,
1830 4443 1881 4485 nt
1908 4445 1955 4486 te
1983 4436 2221 4493 cribraret

631 4511 758 4562 sicut
789 4510 1043 4574 triticum;
1070 4522 1115 4564 et
1141 4528 1229 4583 ego
1257 4530 1347 4582 pro
1374 4524 1421 4568 te
1445 4518 1640 4586 rogavi,
1666 4530 1716 4572 ut
1741 4538 1838 4575 non
1864 4526 2068 4593 dz-ﬁcittt
2094 4529 2222 4595 ﬁdes

634 4602 762 4669 tua(
793 4598 917 4653 Luc.
948 4599 1039 4654 22.
1062 4601 1148 4657 3L
1182 4602 1251 4657 52
1282 4604 1319 4673 ).
1352 4603 1482 4659 Nam
1514 4610 1762 4676 quoniam
1793 4625 1904 4667 erat
1938 4620 2223 4676 verisimile

642 4722 761 4760 eum
781 4702 879 4756 sibi
905 4700 1115 4768 placere
1135 4708 1188 4753 ct
1210 4696 1348 4748 elato
1368 4708 1484 4747 esse
1498 4692 1696 4757 animo,
1711 4693 1799 4759 qui
1818 4693 1919 4743 sibi
1942 4698 2082 4743 esset
2098 4704 2224 4742 cou-

641 4799 783 4850 seius
806 4791 944 4863 quod
973 4789 1093 4861 plus
1120 4801 1275 4857 quam
1301 4798 1487 4838 oumes
1510 4781 1779 4835 Christum
1806 4780 2067 4849 diligeret,
2099 4778 2217 4833 ideo

641 4900 864 4958 peccare
909 4894 961 4937 et
1010 4880 1311 4950 Magistrum
1356 4876 1615 4944 abnegare
1660 4872 1852 4927 sinitur
1888 4889 1902 4926 :
1938 4881 2223 4939 propterea

640 4981 799 5034 etiam
822 4976 965 5031 licvit
988 4985 1189 5033 amare,
1208 4979 1258 5023 et
1274 4967 1378 5021 alia
1405 4981 1523 5035 qua:
1542 4964 1719 5019 ﬂetum
1750 4971 1869 5017 sunt
1889 4971 2221 5031 consequuta

642 5072 765 5125 fecit
787 5067 996 5122 similia.
1036 5062 1171 5129 Quid
1200 5062 1342 5114 enim
1374 5074 1477 5112 non
1511 5057 1669 5111 fecit?
1696 5070 1753 5111 se
1783 5063 1962 5125 postea
1992 5053 2225 5111 coniecit

643 5166 693 5217 in
726 5160 953 5231 pericula
977 5158 1271 5217 innumera,
1304 5162 1356 5205 et
1378 5166 1472 5222 per
1498 5149 1674 5204 omnia
1698 5148 1930 5202 ostendit
1972 5162 2219 5216 magnam

639 5254 802 5309 animi
834 5251 915 5308 sui
939 5252 1179 5304 virtutem
1209 5256 1261 5301 et
1293 5243 1665 5298 constantiam.
1691 5241 2060 5297 Paenitentiam
2083 5255 2221 5309 quo.

643 5363 743 5417 quc
757 5344 863 5414 egit
884 5341 1069 5405 Judas,
1088 5341 1223 5394 sicut
1245 5339 1375 5404 disi,
1404 5335 1497 5390 sed
1529 5334 1668 5389 male
1697 5350 1710 5385 :
1740 5348 1799 5388 se
1822 5332 2015 5403 quippe
2042 5345 2221 5385 stran-

639 5433 1236 5510 gulavitJ‘cnitentiam
1256 5445 1466 5502 quoque
1483 5430 1611 5500 egit,
1627 5426 1905 5494 sicutdixi,
1922 5426 2092 5493 Esau;
2114 5427 2223 5481 imo

709 5584 724 5613 ¹
750 5582 1001 5643 interpres
1022 5578 1221 5643 Latinus
1242 5584 1410 5643 noster
1430 5578 1476 5626 in
1490 5576 1689 5643 [animi
1710 5584 1757 5643 et
1779 5577 2108 5629 Madianitide.
2129 5581 2230 5629 Sed

646 5638 901 5695 ltiulianus'
914 5641 1044 5691 circa
1072 5642 1266 5690 Zambri
1290 5647 1333 5689 et
1356 5638 1699 5702 (.‘hasbitidam.
1728 5642 1833 5698 Quo
1855 5643 2082 5702 probatur
2104 5643 2231 5691 hanc

650 5719 810 5776 teram
838 5717 950 5779 esse
977 5704 1258 5779 lectionem.
1280 5702 1398 5770 limo
1421 5700 1836 5779 rogabaturut'qsbi
1856 5700 1963 5779 filia
1984 5714 2078 5779 μη(
2099 5703 2231 5779 priu-

642 5769 763 5830 cipis
783 5769 856 5817 no.‘
874 5765 1059 5815 tlissinti
1084 5764 1473 5821 Matliaaimrtmt,
1497 5764 1651 5825 inquit
1667 5762 2129 5827 Vulgata,;\’u1n.2.‘i,
2155 5769 2227 5816 15.

1343 371 1401 427 S.
1440 368 1717 426 JOANNIS
1753 354 2220 421 CHRYSOSTOMI
2259 349 2573 407 ARCllli-Zi’.
2614 343 3139 404 CONSTANTISUP.

3795 337 3895 392 Ξιέῖ

2302 493 2427 533 vero
2451 487 2547 528 nec
2573 473 2676 541 egit
2700 467 2911 537 quidem
2931 456 3446 534 ptenitcntiam,cjus
3467 452 3613 509 enim
3640 452 3895 524 iaerynuc

2302 582 2406 623 non
2428 573 2578 620 erant
2606 554 3057 631 pmniteutite,sed
3082 551 3254 622 p0tius
3278 543 3639 603 insultationis
3666 552 3726 598 et
3754 543 3892 631 irae;

2301 657 2460 725 idque
2496 630 2785 708 ostendunt
2808 660 2870 702 ea
2895 658 3016 715 Qua:
3041 654 3354 712 sequuntur.
3381 634 3761 691 Penitentiam
3787 630 3898 699 egit

2299 750 2485 804 beatus
2518 742 2679 799 David
2702 784 2715 807 ,
2748 740 2826 794 sic
2850 738 3036 792 dicens
3067 751 3079 786 :
3108 731 3309 787 Lauabo
3340 745 3428 801 per
3457 725 3693 797 singulas
3724 734 3896 778 noctes

2300 843 2481 895 (setiam
2502 851 2687 899 meum,
2708 828 2943 900 lacrymis
2964 825 3085 880 meis
3106 832 3319 878 stratum
3340 835 3501 873 meum
3516 816 3698 887 rigabo
3720 813 3893 883 (Psal.

2299 932 2355 986 6.
2398 931 2430 982 7
2458 930 2475 998 )
2502 946 2513 979 :
2538 937 2586 980 et
2620 921 2760 992 quod
2791 917 3077 990 aliquando
3107 913 3399 969 admiserat
3428 918 3743 981 peccatum,
3776 916 3895 975 post

2300 1032 2376 1075 tot
2396 1032 2585 1080 annos,
2604 1022 2722 1082 post
2739 1023 2809 1065 ιοι
2834 1007 3224 1080 generationes,
3250 1013 3518 1072 tamquam
3536 998 3680 1070 quod
3705 1010 3895 1051 recens

2299 1111 2595 1167 accedis-set
2620 1104 2869 1160 deﬂebat.
2908 1100 3044 1155 Eum
3069 1100 3211 1153 enim
3256 1095 3345 1163 qui
3381 1094 3488 1163 agit
3518 1088 3891 1162 pmnitcntiam

2302 1219 2403 1256 non
2434 1208 2646 1270 oportet
2674 1194 2828 1250 irasci
2858 1206 3029 1260 neque
3059 1187 3267 1243 eﬂ'erari
3295 1228 3308 1247 ,
3341 1186 3432 1239 sed
3465 1196 3739 1252 tamquam
3767 1193 3895 1234 eon-

2300 1294 2604 1349 dcamatum
2636 1287 2869 1350 conteri,
2892 1292 2953 1336 ut
2974 1281 3063 1352 qui
3094 1297 3196 1333 non
3219 1279 3413 1333 habeat
3436 1275 3685 1330 ﬁduciam
3710 1317 3726 1339 ,
3756 1282 3815 1327 ut
3842 1273 3892 1325 in

2300 1400 2458 1454 quem
2483 1382 2586 1435 lata
2607 1380 2677 1433 sit
2693 1375 2979 1436 sententia,
2996 1383 3050 1425 nt
3068 1371 3154 1441 qui
3174 1370 3359 1425 debeat
3383 1383 3411 1421 a
3430 1367 3541 1422 sola
3561 1365 3747 1420 salvus
3776 1378 3895 1419 esse

2301 1472 2684 1535 misericordia,
2711 1470 2801 1539 qui
2849 1467 2901 1521 in
2939 1462 3337 1525 benefactorcm
3365 1458 3673 1528 apparuerit
3704 1458 3892 1510 imme-

2300 1583 2419 1623 mor
2433 1577 2485 1620 et
2502 1566 2756 1634 ingratus.
2773 1570 3043 1627 tamquam
3060 1552 3343 1622 reprobum
3369 1560 3425 1605 et
3446 1548 3668 1618 dignum
3690 1546 3894 1615 suppli-

2301 1662 2399 1717 ciis
2425 1653 2916 1714 innumerabilibus.
2936 1650 2992 1705 Si
3011 1650 3123 1702 lucc
3148 1646 3363 1715 cogitet,
3384 1657 3489 1697 non
3517 1641 3783 1695 irascetur
3808 1653 3896 1692 ue-

2302 1766 2403 1822 qtte
2430 1742 2915 1819 indignabitur,sed
2947 1738 3170 1810 lugebit,
3190 1734 3356 1800 ﬂebit,
3374 1732 3717 1803 ingemiscet,
3734 1728 3900 1798 ejula.

2304 1845 2378 1898 bit
2407 1851 2560 1895 noete
2587 1848 2639 1893 et
2660 1837 2765 1890 die.
2792 1835 2926 1889 Eum
2958 1832 3046 1902 qui
3078 1830 3187 1901 agit
3208 1826 3576 1899 paenitentiam
3604 1837 3895 1893 numquam

2302 1943 2506 2004 oportet
2539 1944 2691 1983 suum
2744 1924 2981 1979 oblivisci
3023 1930 3321 1992 peccatum,
3354 1916 3447 1973 sed
3480 1916 3649 1971 Deum
3682 1911 3896 1984 quidem

2302 2035 2565 2098 rogarent
2596 2038 2659 2078 ne
2686 2021 2800 2091 ejus
2828 2012 3294 2079 meminerit,dum
3321 2010 3436 2081 ipse
3462 2021 3680 2078 semper
3704 2004 3896 2061 memi-

2302 2122 2379 2176 nit
2408 2135 2421 2170 :
2451 2119 2493 2170 si
2525 2130 2621 2169 nos
2648 2112 2762 2182 ejus
2789 2103 3363 2167 meminerimus,Deus
3386 2100 3502 2169 ejus
3522 2098 3895 2153 obliviscetur.

2304 2213 2380 2269 De
2398 2210 2551 2265 nobis
2573 2207 2701 2277 ipsis
2723 2218 2905 2274 pennas
2922 2211 3213 2259 sumamus,
3238 2209 3335 2248 nos
3365 2193 3508 2261 ipsos
3534 2203 3853 2245 accusemus
3882 2206 3895 2241 :

2304 2307 2374 2359 ita
2393 2304 2629 2358 iudicem
2664 2296 3009 2359 placabimus.
3031 2291 3311 2346 Peccatum
3338 2285 3479 2339 enim
3504 2282 3647 2353 quod
3671 2278 3890 2336 confes-

2308 2401 2400 2440 sas
2437 2387 2618 2442 fueris.
2656 2388 2709 2436 tit
2749 2386 2956 2444 minus;
2990 2381 3131 2451 quod
3161 2381 3439 2436 confessus
3464 2394 3568 2432 non
3598 2376 3771 2431 fueris
3794 2417 3811 2441 ,
3844 2377 3898 2429 lit

2310 2479 2558 2529 deterius.
2609 2474 2736 2528 Nam
2768 2474 2811 2527 si
2842 2484 3117 2543 peccatum
3149 2471 3245 2526 sibi
3278 2468 3580 2540 adjunxerit
3610 2466 3895 2536 impuden-

2313 2568 2436 2620 tiam
2462 2568 2801 2635 animumtpte
2829 2566 3112 2635 ingratum,
3136 2576 3421 2631 numquam
3443 2560 3708 2615 consistet
3732 2575 3746 2611 :
3770 2574 3877 2630 quo

2314 2657 2472 2713 modo
2502 2658 2618 2711 talis
2639 2657 2855 2710 omnino
2883 2655 3073 2725 poterit
3102 2666 3289 2707 cavere
3320 2666 3385 2706 nc
3416 2650 3467 2704 in
3493 2650 3685 2706 eadem
3716 2664 3903 2704 rursus

2311 2747 2509 2802 incidat
2537 2747 2625 2817 qui
2658 2748 2803 2815 prius
2834 2745 3058 2801 nescivit
3084 2759 3143 2799 se
3173 2741 3428 2813 peccare?

2382 2839 2580 2895 Bonum
2620 2848 2693 2893 est
2735 2846 2937 2908 peccata
2978 2852 3073 2891 sua
3112 2849 3382 2906 agnoscere
3422 2841 3469 2887 et
3507 2832 3560 2886 in
3602 2831 3904 2887 memoriam

2310 2949 2560 2989 revocare.
2578 2961 2646 2972 —
2666 2930 2744 2986 Ne
2772 2931 2928 3001 igitur
2959 2941 3210 2999 negemus
3239 2934 3452 2995 peccata
3480 2932 3661 2979 nostra
3681 2966 3696 2988 ,
3727 2939 3863 2993 rogo
3889 2967 3901 2983 .

2312 3038 2486 3093 neque
2514 3022 2680 3076 simus
2707 3019 3061 3089 impudentes,
3088 3033 3154 3071 ne
3184 3017 3265 3071 vel
3296 3014 3443 3069 inviti
3471 3014 3660 3069 demus
3689 3029 3905 3083 penus.

2312 3110 2670 3168 AudivitCain
2695 3125 2721 3163 a
2751 3109 2860 3165 Deo
2891 3128 2903 3162 :
2932 3107 3029 3163 Ubi
3053 3116 3125 3161 est
3152 3107 3274 3160 Abel
3299 3110 3459 3177 frater
3481 3106 3713 3162 tundet
3738 3105 3904 3161 dicit:

2316 3204 2500 3259 Nescio
2518 3219 2537 3257 :
2554 3202 2795 3272 numquid
2819 3216 2910 3271 ego
2930 3215 3042 3253 sum
3065 3207 3231 3253 custos
3252 3196 3428 3267 fratris
3448 3198 3545 3251 mei
3565 3195 3720 3265 (Gen.
3749 3198 3805 3254 4.
3825 3196 3907 3267 9)?

2313 3295 2474 3350 Vides
2516 3275 2784 3364 quomodo
2828 3291 2929 3346 hoc
2967 3289 3180 3361 gravius
3220 3299 3495 3359 peccatum
3534 3287 3766 3343 fecerit?
3803 3287 3905 3344 Sed

2313 3402 2419 3441 non
2448 3384 2527 3461 sic
2549 3385 2666 3453 ejus
2695 3392 2880 3453 pater,
2911 3381 2999 3448 qui
3030 3396 3150 3434 cum
3178 3378 3434 3433 audiisset
3457 3420 3471 3440 .
3502 3376 3669 3432 Adam
3699 3379 3789 3433 ubi
3816 3379 3908 3433 es?

2312 3475 2505 3548 inquit,
2524 3474 2707 3527 Audivi
2723 3488 2889 3526 vocem
2911 3480 3069 3536 tuam,
3089 3480 3134 3525 et
3155 3469 3296 3523 timui
3317 3469 3552 3539 quoniam
3573 3485 3688 3523 sum
3710 3471 3904 3534 nudas,

2314 3577 2359 3619 et
2392 3554 2483 3620 'mc
2531 3562 2769 3617 abscondi
2814 3559 2984 3633 (Gen.
3015 3561 3065 3615 3.
3104 3560 3155 3616 9.
3202 3556 3329 3629 i0).
3374 3557 3619 3629 Magnum
3669 3568 3756 3614 est
3812 3560 3905 3614 bo-

2316 3672 2440 3711 nmn
2485 3653 2698 3708 assidue
2743 3650 3053 3708 meminisse
3109 3658 3493 3719 peccatorum:
3525 3647 3726 3702 delicto
3776 3649 3906 3703 nihil

2315 3746 2385 3800 ita
2418 3743 2659 3800 medetur
2709 3751 2764 3795 ut
2813 3740 3023 3796 assidua
3068 3738 3414 3794 recordatio:
3460 3737 3587 3792 nihil
3633 3738 3905 3795 hominem

2316 3837 2449 3893 adeo
2493 3835 2670 3891 reddit
2709 3833 2915 3889 tardum
2956 3830 3020 3885 ad
3062 3830 3270 3885 vitium.
3328 3829 3453 3885 Scio
3502 3828 3647 3901 quod
3703 3832 3908 3887 resiliat

2317 3929 2738 3993 conscientia,et
2787 3940 2893 3979 non
2922 3924 3152 3995 patiatur
3198 3936 3258 3976 se
3311 3920 3566 3992 ﬂagellari
3617 3935 3649 3975 a
3704 3938 3909 3978 memo-

2318 4016 2719 4084 ria'malorum;
2752 4015 2845 4073 sed
2877 4014 3086 4070 fortiter
3114 4012 3315 4083 stringe
3340 4014 3597 4071 animam.
3618 4020 3675 4067 et
3694 4028 3908 4069 camum

2318 4116 2365 4170 ei
2394 4116 2606 4181 impone
2637 4129 2650 4165 :
2680 4112 2817 4165 sicut
2842 4108 2984 4163 enim
3025 4120 3192 4176 equus
3213 4103 3523 4169 eﬂ‘renatus,
3556 4103 3627 4158 ita
3660 4104 3910 4161 intolera-

2320 4208 2440 4261 bilis
2463 4214 2563 4271 est,
2584 4218 2683 4258 nec
2698 4202 2811 4256 vult
2826 4200 2927 4256 sibi
2948 4196 3268 4269 persuadere
3291 4195 3429 4266 quod
3451 4197 3779 4266 peccaverit.
3802 4197 3912 4253 Hoc

2323 4306 2488 4351 totum
2512 4297 2665 4365 plane
2687 4302 2769 4349 est
2797 4292 3113 4347 satanicum.
3141 4288 3247 4344 Sed
3285 4303 3382 4342 nos
3412 4288 3460 4343 ei
3493 4289 3913 4358 persuadeamus

2320 4388 2461 4458 quod
2496 4387 2813 4456 peccaverit,
2846 4392 2902 4437 ut
2928 4392 2981 4437 et
3010 4389 3129 4451 agat
3150 4379 3539 4450 penitentiam,
3568 4387 3767 4435 etcum
3801 4397 3912 4452 ραι-

2323 4480 2595 4534 nitentiam
2622 4476 2812 4546 egerit,
2846 4474 3101 4528 liberetur
3131 4486 3157 4524 ει
3182 4470 3475 4541 suppliciis.
3504 4470 3794 4538 Quomodo
3816 4475 3913 4537 vis,

2323 4572 2408 4626 dic
2427 4583 2625 4640 qureso,
2657 4567 2723 4621 de
2750 4565 2982 4634 peccatis
3009 4563 3216 4633 assequi
3248 4562 3477 4626 veniam,
3504 4564 3547 4614 si
3578 4576 3641 4616 ea
3678 4565 3913 4618 nondum

2324 4664 2398 4717 sis
2434 4657 2745 4715 confessus?
2771 4656 2861 4710 ille
2899 4654 2988 4725 qui
3037 4651 3274 4722 peccavit
3302 4651 3457 4722 plane
3496 4660 3581 4705 est
3611 4652 3919 4709 misericor-

2324 4754 2409 4809 dia
2431 4753 2620 4822 dignus
2645 4757 2698 4804 et
2724 4746 3040 4802 clementia:
3067 4754 3119 4797 tu
3150 4752 3327 4797 autem
3350 4757 3472 4797 cum
3491 4741 3729 4797 nondum
3752 4743 3807 4799 id
3831 4746 3915 4799 tibi

2326 4845 2679 4919 persuaseris,
2702 4839 2969 4913 quomodo
2995 4851 3203 4906 aequum
3232 4850 3424 4892 censes
3454 4844 3512 4889 ut
3562 4838 3917 4908 consequaris

2329 4936 2769 5000 miscricordiam,
2790 4934 2839 4986 in
2864 4929 3093 5000 peccatis
3112 4926 3246 4982 adeo
3268 4927 3333 4981 itr
3345 4925 3604 4995 pudenter
3622 4938 3676 4981 te
3691 4928 3916 4997 gerens?

2329 5031 2752 5089 persuadeamus
2777 5023 2931 5079 nobis
2958 5021 3085 5090 ipsis
3109 5017 3251 5089 quod
3276 5018 3615 5089 peccavimus
3642 5036 3657 5073 :
3683 5035 3793 5073 non
3821 5020 3914 5073 liu-

2336 5137 2428 5191 [τιτι
2457 5126 2627 5173 solum
2656 5118 2924 5178 dicamus,
2949 5113 3041 5169 sed
3070 5115 3230 5167 etiam
3258 5120 3438 5165 mente
3462 5123 3526 5163 ac
3550 5108 3878 5176 cogitatione
3902 5122 3915 5159 :

2329 5230 2397 5269 na
2422 5227 2517 5268 nos
2544 5214 2779 5267 dicamus
2807 5218 3009 5263 tantum
3036 5216 3367 5275 peccatores,
3391 5202 3485 5258 sed
3510 5201 3675 5255 etiam
3705 5209 3914 5269 peccata

2332 5316 2703 5359 rcecnscamus
2723 5340 2738 5365 ,
2764 5298 3038 5370 speciatim
3071 5292 3488 5364 unumquodque
3513 5302 3911 5344 euumerantes.

2329 5396 2441 5451 Non
2476 5394 2569 5447 tibi
2618 5392 2738 5445 dico
2768 5400 2824 5445 ut
2859 5406 2917 5445 ea
2952 5400 3224 5456 tamquam
3254 5397 3499 5455 pompam
3552 5381 3604 5435 in
3650 5380 3913 5449 publiCum

2331 5486 2585 5553 πιπτει-ηε.
2610 5497 2781 5550 neque
2800 5491 2854 5534 ut
2874 5480 3009 5549 apud
3030 5478 3165 5532 alios
3187 5486 3238 5531 te
3259 5488 3495 5537 accuses,
3522 5471 3616 5528 sed
3644 5481 3703 5525 ut
3728 5486 3914 5541 parcas

2324 5573 2601 5645 l’ropltetm
2623 5572 2815 5626 dicenti
2837 5588 2848 5623 :
2877 5569 3056 5623 Revela
3076 5568 3292 5623 Domino
3317 5566 3449 5619 viam
3466 5575 3604 5617 tuam
3628 5562 3800 5632 (Psal.
3826 5564 3908 5617 56.

2326 5666 2407 5735 5).
2436 5662 2587 5734 Apud
2618 5663 2779 5717 Deum
2812 5674 2875 5717 ea
2904 5658 3178 5724 conﬁtere,
3207 5656 3346 5725 apud
3387 5655 3631 5711 Iudicem
3659 5652 3909 5708 conﬁtere

2328 5764 2539 5828 peccata
2564 5765 2670 5822 tua,
2693 5766 2874 5819 orans,
2901 5751 2946 5805 si
2972 5766 3074 5805 non
3102 5749 3297 5819 lingua,
3320 5747 3507 5802 saltem
3541 5747 3834 5808 memoria;
3862 5754 3908 5798 et
