4062 6408
201 370 309 431 9ὶῖ

214 507 287 561 ιω
316 513 441 569 roga
470 488 525 547 ut
554 490 627 545 tui
660 485 989 541 misereatur.
1012 474 1067 529 Si
1098 477 1308 569 peccata
1339 474 1427 568 tua
1450 457 1783 569 assid‘ueAh‘a:

216 556 345 650 beas
369 556 420 643 iit
450 578 724 641 memoria,
743 581 1026 638 numquam
1051 561 1227 617 oderis
1243 556 1563 650 proximum,
1583 560 1685 604 nec
1700 560 1788 601 ao-

213 644 383 753 cepta:
408 672 614 745 injuriae
640 661 967 723 memineris.
989 655 1103 712 Non
1127 653 1247 753 dico
1264 690 1279 715 ,
1310 647 1356 704 si
1387 644 1484 753 tibi
1511 652 1789 753 persuasi:-

546 768 874 833 pcceatorem
903 770 918 805 :
944 764 1049 806 non
1077 748 1147 801 ita
1176 744 1278 797 hoc
1316 743 1490 809 potest
1535 732 1785 835 humilem

215 828 443 923 reddere
464 828 714 916 animam,
728 851 864 903 sicut
878 859 937 899 ea
960 855 1078 910 qua:
1092 852 1184 908 per
1203 850 1261 890 se
1284 842 1337 888 et
1355 828 1493 923 apud
1516 842 1573 923 se
1591 828 1791 923 specia-

218 915 315 1013 iim
358 951 731 1008 examinantur
782 944 1015 1009 peccata.
1042 932 1155 985 Non
1188 926 1310 980 odio
1342 920 1560 976 habebis
1584 932 1683 972 nee
1709 915 1790 1013 in.

211 1048 367 1117 jurite
415 1046 645 1107 accepta:
687 1026 988 1086 memineris
1011 1062 1031 1090 ,
1070 1020 1185 1076 huic
1224 1024 1476 1117 perpetuo
1491 1010 1705 1117 .itabeus
1735 1007 1786 1060 in

216 1100 494 1195 incmoria,
526 1100 629 1182 non
660 1118 924 1181 irasceris,
951 1129 1055 1179 non
1085 1117 1304 1179 appetes
1333 1100 1627 1195 maledictis
1646 1138 1665 1195 ,
1684 1110 1788 1195 non

215 1186 603 1289 etiis—superbus
621 1224 673 1267 et
700 1212 891 1272 elatus,
916 1220 1019 1257 non
1050 1203 1101 1255 in
1138 1197 1322 1254 eadem
1351 1208 1534 1249 rursus
1564 1186 1787 1249 incides,

216 1319 283 1374 ad
318 1316 455 1369 bona
487 1305 720 1365 facienda
750 1300 856 1357 eris
880 1291 1262 1351 vehementior.
1333 1316 1341 1323 -
1743 1372 1755 1383 .

291 1410 347 1462 4.
379 1402 534 1456 Vides
555 1410 710 1466 quam
757 1391 917 1446 multa
969 1388 1105 1439 bona
1150 1380 1392 1436 oriuntur
1422 1390 1485 1429 ex
1536 1380 1791 1466 memoria

217 1462 603 1571 peccatorum?
635 1487 752 1540 llzct:
799 1495 928 1550 ergo
954 1474 1154 1532 nostris
1191 1469 1382 1524 animis
1417 1462 1788 1561 inscribamus.

370 1582 509 1654 quod
533 1573 841 1633 memoriam
858 1578 963 1623 tam
987 1563 1231 1618 acerbam
1253 1572 1357 1611 non
1380 1558 1575 1623 patitur
1591 1550 1790 1613 anima;

217 1641 315 1733 sed
342 1641 458 1729 eam
489 1680 760 1738 cogamus,
799 1667 855 1714 et
879 1658 983 1711 vim
1010 1654 1058 1707 ei
1084 1650 1388 1704 aderamus.
1418 1641 1603 1698 Melius
1625 1648 1707 1740 est
1736 1645 1796 1692 ut

220 1780 365 1822 nunc
393 1736 726 1830 peccatorum
744 1748 1048 1805 mordeatur
1067 1740 1343 1831 memoria,
1377 1748 1533 1803 quam
1559 1736 1792 1831 cruciatu

218 1857 312 1929 qui
341 1827 550 1909 iuturus
569 1855 651 1902 est
676 1844 768 1897 illo
798 1850 1059 1907 tempore.
1092 1831 1262 1894 Nunc,
1304 1827 1347 1881 si
1373 1839 1557 1929 eorum
1601 1827 1793 1875 memi-

220 1915 388 2011 tieris,
420 1952 474 1998 et
502 1955 563 1996 ea
593 1935 806 1993 assidue
836 1932 946 1985 Deo
975 1922 1173 1981 oﬂ'eras
1192 1963 1206 1986 ,
1236 1928 1291 1974 et
1335 1930 1429 1986 pro
1476 1915 1555 2011 eis
1594 1925 1757 2011 roges
1776 1951 1792 1977 ,

219 2042 328 2097 cito
460 2029 662 2087 delebis
691 2044 705 2081 :
736 2026 817 2079 sin
848 2029 1025 2075 autem
1055 2028 1196 2070 nunc
1240 2022 1428 2066 eorum
1457 2007 1533 2061 sis
1556 2005 1753 2097 oblitus
1777 2041 1794 2069 ,

379 2123 463 2179 vel
492 2121 684 2175 invitus
710 2108 1099 2170 recordaberis,
1126 2118 1245 2159 cum
1273 2102 1324 2154 in
1353 2097 1585 2153 medium
1615 2091 1795 2164 profe-

223 2228 431 2282 rentur,
460 2222 515 2269 et
544 2220 808 2278 tamquam
854 2204 905 2256 in
955 2209 1199 2269 pompam
1234 2191 1795 2282 producenturcoram

224 2273 491 2364 omnibus,
507 2310 560 2356 et
576 2273 760 2351 amicis
778 2302 831 2349 ct
847 2289 1074 2345 inimicis
1091 2294 1145 2340 et.
1163 2280 1388 2352 angelis.
1402 2278 1516 2333 Non
1535 2274 1676 2330 enim
1695 2273 1796 2328 soli

224 2397 437 2459 dicebat
461 2390 670 2455 Davidi,
703 2385 828 2453 Qua
850 2393 902 2437 tu
930 2379 1088 2452 fecisti
1116 2379 1168 2430 in
1193 2374 1388 2429 occulto
1409 2413 1425 2438 ,
1452 2386 1544 2441 ego
1565 2368 1795 2421 omnibus

219 2494 409 2567 faciam
427 2490 691 2560 manifesta
713 2487 789 2556 (ἓ.
804 2479 1140 2554 Regilli),
1160 2477 1254 2532 sed
1271 2476 1429 2529 etiam
1450 2472 1601 2567 nobis
1616 2466 1787 2567 omni-

216 2559 630 2644 buleomines,
662 2576 850 2644 inquit,
882 2572 1123 2635 timuisti,
1147 2577 1201 2624 et
1222 2580 1317 2622 eos
1345 2566 1513 2632 magis
1533 2559 1797 2616 reveritus

215 2691 278 2732 es
303 2690 459 2745 quam
510 2672 674 2726 Deum
699 2685 715 2733 ;
743 2677 795 2721 et
829 2666 937 2720 Deo
961 2663 1175 2718 vidente
1202 2673 1307 2713 non
1336 2654 1557 2719 curasti,
1589 2652 1681 2706 sed
1709 2650 1794 2704 vi-

218 2743 470 2823 den—tibus
510 2759 814 2818 hominibus
843 2756 1045 2827 pudore
1072 2768 1132 2808 es
1156 2750 1379 2805 aiiectus
1410 2763 1426 2803 :
1457 2744 1607 2801 Oculi
1626 2743 1792 2807 enim,

220 2857 415 2928 lnquit,
433 2854 713 2916 hominum,
727 2859 799 2903 est
824 2863 995 2901 eorum
1018 2845 1185 2897 timor.
1200 2841 1486 2907 Propterea
1508 2848 1687 2889 coram
1710 2830 1798 2928 bis

220 2920 354 3020 ipsis
374 2946 525 3001 dabis
544 2957 756 3013 pmnas:
780 2951 833 2993 te
850 2953 989 2993 entm
1018 2946 1257 3002 arguam,
1272 2941 1359 2983 tua
1386 2935 1601 2995 peccata
1628 2920 1794 3020 oculis

220 3011 460 3092 omnium
490 3011 797 3102 subiiciens.
828 3027 958 3083 Nam
981 3023 1120 3089 quod
1165 3022 1267 3076 hoc
1301 3020 1369 3073 sit
1394 3030 1600 3075 verum,
1629 3021 1682 3066 et
1708 3011 1796 3064 ille

220 3128 313 3184 die
338 3125 573 3178 omnium
601 3130 837 3175 nostrum
887 3123 1100 3187 peccata
1151 3121 1419 3177 tamquam
1453 3107 1504 3159 in
1549 3115 1799 3174 pompam

222 3216 620 3286 producentur,
654 3209 754 3265 nisi
791 3221 932 3262 nunc
955 3219 1017 3259 ea
1046 3201 1253 3257 assidua
1282 3194 1651 3252 recordatione
1700 3190 1797 3247 dea

227 3282 454 3369 ieamns,
476 3298 600 3357 audi
620 3298 887 3371 quomodo
918 3298 968 3350 in
996 3307 1241 3363 pompam
1276 3288 1583 3360 producitur
1610 3282 1802 3339 crude-

224 3398 348 3452 litas
368 3406 420 3451 et
448 3392 808 3449 inhumanitas
832 3403 1018 3443 eorum
1047 3385 1135 3454 qui
1169 3383 1254 3436 hic
1283 3397 1385 3434 non
1411 3376 1614 3431 miserti
1637 3382 1761 3430 sunt
1785 3389 1801 3427 :

226 3490 452 3552 Esnrivi,
486 3486 674 3556 inquit,
701 3495 748 3539 et
777 3499 877 3536 non
921 3480 1129 3533 dedistis
1165 3476 1286 3529 mihi
1330 3472 1465 3542 quod
1490 3468 1801 3524 comederens

225 3581 439 3653 (.llatth.
460 3578 549 3633 25.
575 3576 667 3645 ιξ)
711 3573 1058 3642 Quandonam
1088 3571 1201 3623 itch
1225 3563 1519 3621 dicuntur?
1544 3560 1801 3653 numquid

226 3649 278 3725 in
311 3669 551 3740 angulo?
600 3662 854 3732 numquid
901 3663 954 3715 in
1002 3658 1251 3713 occulto?
1290 3656 1673 3726 Nequaquam;
1706 3649 1802 3706 sed

225 3758 477 3830 quando?
504 3755 725 3821 Quando
746 3750 951 3807 venerit
972 3748 1137 3803 Filius
1161 3746 1389 3801 hominis
1410 3746 1461 3796 in
1486 3742 1652 3813 gloria
1680 3753 1799 3806 sua,

227 3860 281 3905 et
306 3846 705 3916 congregaverit
750 3855 937 3895 mnnes
980 3850 1186 3909 gentes,
1217 3835 1425 3907 quando
1461 3833 1559 3887 ltos
1598 3842 1652 3887 et
1681 3832 1803 3886 illus

228 3941 575 4009 separaverit,
607 3945 729 3989 tunc
751 3935 998 3987 omnibus
1014 3928 1350 3985 audientibus
1375 3926 1536 3989 dicet,
1567 3936 1804 3978 Statuens

228 4046 257 4084 a
296 4027 497 4084 dextris
547 4036 599 4079 et
624 4025 854 4079 sinistris
890 4040 903 4077 :
939 4020 1160 4083 Esuriui,
1186 4030 1232 4073 et
1284 4034 1381 4071 non
1427 4017 1634 4069 dedistis
1681 4015 1805 4068 mihi

227 4122 507 4176 comedere.
545 4117 672 4168 \‘ide
701 4126 885 4167 rursus
918 4113 1032 4163 illas
1076 4110 1309 4179 quinque
1353 4108 1581 4176 virgines
1624 4120 1803 4159 coram

228 4212 476 4267 omnibus
516 4207 789 4262 amiieutes
836 4221 851 4253 :
897 4202 1079 4256 Nescio
1117 4217 1221 4253 vos.
1276 4200 1519 4267 Quinque
1569 4198 1708 4250 enim
1753 4206 1805 4250 et

228 4306 467 4374 quinque
512 4315 614 4353 non
664 4298 961 4365 sigttilicant
1008 4300 1211 4345 tantum
1268 4304 1541 4343 numerutt
1596 4288 1803 4367 illarum

229 4396 488 4463 quinque,
522 4391 610 4442 sed
642 4401 826 4440 omnes
856 4384 1018 4436 malas
1047 4394 1096 4435 et
1124 4381 1365 4435 crudeles
1396 4389 1448 4431 et
1491 4377 1806 4429 inhumanas

230 4486 485 4553 virgines,
509 4490 562 4533 et
589 4494 678 4532 eas
704 4493 818 4546 qum
849 4490 952 4528 non
980 4485 1097 4525 sunt
1126 4469 1445 4536 huiusmodi.
1467 4468 1553 4521 Sic
1581 4470 1737 4520 etiam
1762 4468 1806 4520 is

232 4590 445 4645 quoque
475 4572 561 4636 qui
587 4586 744 4621 unum
768 4566 1241 4623 inittdtttalcxttttttt,
1270 4561 1465 4611 :uulévit
1486 4574 1664 4611 eorum
1685 4572 1804 4611 om-

234 4667 413 4719 nibus.
444 4672 491 4715 el
522 4661 583 4712 iis
601 4660 759 4711 etiam
823 4656 869 4705 ui
895 4656 1122 4721 quinque
1147 4662 1199 4705 et
1224 4653 1307 4715 qui
1333 4650 1437 4702 duo
1469 4652 1758 4701 attulerant
1789 4664 1803 4701 :

234 4754 392 4809 Serve
433 4767 645 4812 nequam
680 4757 723 4800 ιιι
767 4750 943 4816 ignave
973 4744 1188 4811 (Matth.
1222 4742 1310 4795 9.5.
1342 4741 1456 4809 9.6).
1490 4739 1602 4793 Non
1630 4740 1805 4794 verbis

232 4846 427 4898 solum.
454 4842 544 4894 Sed
574 4840 731 4893 etiam
760 4839 917 4890 rebus
942 4846 996 4889 et
1022 4834 1281 4887 factiseos
1309 4842 1431 4885 tunc
1460 4834 1669 4898 arguit:
1702 4832 1809 4885 sic-

236 4948 294 4991 ut
321 4938 480 4989 etiam
511 4933 635 4987 dicit
663 4930 1008 4999 evangelista,
1048 4925 1292 4979 Videbunt
1325 4926 1375 4976 in
1413 4940 1556 4989 quem
1587 4926 1807 4991 conﬁxe-

994 363 1057 418 ΙΝ
1099 361 1309 418 EPIST.
1352 360 1441 416 AD
1482 354 1847 413 ilEBli/EUS.
1891 357 2042 416 CAP.
2086 357 2199 413 Xll.
2248 359 2475 415 HOillL.
2520 358 2710 413 XXXL
2772 370 2792 417 \

3344 361 3448 418 ω

1897 475 2013 518 runt
2040 464 2216 534 (loca.
2248 466 2335 522 l9.
2368 467 2482 537 37).
2517 467 2686 522 Simul
2727 466 2869 523 enim
2898 468 3000 524 erit
3026 472 3261 524 omnium
3294 488 3465 528 resur-

1896 556 2087 624 rectio,
2114 566 2453 628 peccatorum
2482 567 2533 614 et
2558 558 2821 629 juStorum
2847 576 2862 625 ;
2894 559 3050 615 simul
3076 560 3250 617 aderit
3284 578 3467 620 tuane.

1900 664 2159 736 indicans.
2189 661 2370 730 Cogita
2413 675 2539 728 ergo
2568 657 2754 728 quales
2784 667 2908 711 tunc
2935 661 3089 711 erunt
3117 655 3208 725 qui
3237 666 3393 710 erunt
3419 658 3467 709 ir

1900 755 2063 815 luctu,
2097 753 2149 805 in
2182 764 2445 812 most-ore,
2475 748 2563 817 qui
2592 746 2871 801 trahentur
2907 746 2958 798 iu
2988 747 3185 815 ignem,
3218 744 3344 798 dum
3377 757 3465 799 co-

1898 853 2153 899 ronantur
2178 843 2286 895 alii.
2325 840 2512 900 Venite,
2541 839 2729 907 inquit,
2753 836 3001 890 benedicti
3018 834 3199 895 Patris
3216 836 3333 902 mei,
3356 852 3449 902 pos

1896 936 2053 987 sidrte
2091 943 2321 1001 paratum
2367 930 2502 983 vobis
2544 944 2753 998 regnum
2794 943 2825 980 o
2866 926 3220 981 constitutione
3261 924 3470 990 mundi,

1898 1033 1952 1080 et
1977 1038 2178 1087 rursus,
2211 1021 2464 1075 Discedite
2491 1038 2523 1073 a
2550 1036 2628 1073 me
2667 1021 2718 1073 in
2747 1020 2914 1090 ignem
2943 1027 3177 1088 paratum
3207 1017 3409 1071 diabolo
3430 1030 3472 1069 et

1896 1114 2087 1187 angelis
2105 1116 2212 1179 ejus
2246 1111 2454 1183 (Matth.
2480 1110 2572 1165 25.
2603 1110 2694 1164 54.
2722 1110 2833 1179 41).

1970 1204 2145 1257 Aliena
2181 1204 2312 1257 bona
2353 1202 2657 1272 rapientium
2704 1200 3026 1271 supplicium.
3054 1228 3128 1241 -—-
3154 1198 3268 1254 Non
3300 1200 3471 1253 snlunt

1900 1297 2060 1349 verba
2093 1297 2389 1358 audiamus,
2409 1294 2502 1348 sed
2532 1293 2702 1346 oculis
2740 1296 2898 1347 etiam
2926 1292 3187 1360 descripta
3225 1291 3475 1359 subjicia-

1896 1402 2016 1442 ntus
2041 1395 2093 1440 et
2114 1386 2477 1440 existimemus
2503 1400 2623 1437 eum
2653 1397 2793 1437 nunc
2816 1382 3024 1437 adesse.
3053 1390 3107 1435 et
3137 1380 3250 1435 btec
3272 1381 3472 1447 dicere,

1897 1488 1948 1532 et
1974 1491 2071 1531 nos
2098 1476 2151 1530 in
2178 1476 2324 1530 illum
2357 1476 2530 1544 ignem
2561 1474 2847 1528 abducere.
2880 1473 3100 1541 Qualem
3149 1481 3275 1527 tunc
3314 1472 3476 1528 habe-

1898 1568 2071 1622 bimus
2118 1567 2394 1621 animam?
2441 1566 2650 1635 qualem
2699 1562 3329 1629 cousolationemiQuid
3386 1578 3476 1619 ve-

1897 1674 1977 1725 ro,
2023 1659 2235 1728 quando
2290 1659 2341 1711 in
2392 1657 2523 1712 duas
2572 1666 2753 1729 partes
2796 1656 3131 1713 dividemur?
3176 1655 3300 1725 quid
3348 1670 3475 1711 vero

1896 1751 2108 1820 quando
2160 1750 2226 1806 de
2264 1751 2446 1819 rapina
2501 1749 3223 1819 accusabimur?quaumam
3272 1748 3477 1816 poteri-

1897 1858 2013 1896 mus
2062 1840 2255 1896 aii'erre
2297 1840 2731 1896 excusationem?
2770 1855 3053 1909 quamnam
3104 1839 3472 1909 probationem

1896 1946 1947 1989 et
1984 1935 2161 2005 specie
2198 1950 2300 1988 non
2339 1934 2671 1986 inhonestam
2724 1933 3017 1986 orationem
3040 1932 3065 1983 7
3093 1930 3303 1985 Nullam
3335 1949 3349 1985 :
3380 1932 3473 1985 sed

1896 2040 2116 2080 necesse
2146 2027 2248 2079 crit
2275 2035 2328 2077 ιιι
2362 2025 2521 2078 vineti
2548 2035 2603 2078 et
2628 2023 2878 2077 deorsum
2908 2023 3166 2077 incurvati
3201 2021 3476 2077 trahatnur

1894 2118 1956 2170 ad
1988 2116 2122 2171 osﬁa
2152 2116 2508 2178 Camillorum,
2538 2114 2601 2167 ad
2631 2112 2851 2168 ﬂuvium
2899 2114 3067 2184 ignis.
3102 2114 3153 2167 in
3186 2113 3436 2167 tenebras
3458 2152 3474 2177 ,

1895 2208 1959 2260 ad
1986 2204 2240 2275 supplicia
2274 2204 2614 2266 immortalia,
2643 2214 2697 2257 et
2724 2204 2991 2258 neminem
3020 2204 3085 2257 ad
3115 2218 3211 2256 nos
3240 2201 3476 2277 liberan-

1894 2298 2019 2351 dum
2051 2311 2241 2365 rogare
2272 2296 2583 2365 poterimus.
2612 2294 2725 2348 Non
2758 2303 2932 2363 potest
2961 2294 3123 2359 enim,
3155 2294 3345 2363 inquit,
3369 2308 3472 2349 non

1897 2400 2070 2461 potest
2097 2389 2219 2443 hinc
2263 2388 2386 2442 illuc
2418 2386 2667 2441 transiri:
2699 2392 2781 2440 est
2806 2387 2953 2440 enim
2986 2384 3125 2441 inter
3155 2399 3254 2440 nos
3291 2395 3347 2440 et
3381 2398 3477 2439 vos

1895 2498 2141 2553 magnum
2171 2481 2332 2536 chaos
2358 2479 2508 2552 (Luc.
2544 2477 2630 2533 16.
2654 2477 2747 2548 26)
2778 2495 2789 2530 :
2824 2487 2877 2532 et
2906 2492 3002 2531 nec
3027 2477 3331 2532 volentibus
3352 2476 3478 2532 licet

1897 2576 2141 2638 transire,
2176 2581 2229 2627 et
2259 2587 2473 2627 manum
2502 2571 2761 2640 prmberc,
2792 2567 2888 2625 sed
2920 2582 3141 2623 necesse
3167 2577 3250 2623 est
3280 2583 3476 2638 perpe.

1895 2678 1985 2721 tuo
2011 2662 2222 2729 ardere,
2266 2662 2480 2717 nemine
2507 2661 2660 2716 nobis
2690 2674 2844 2729 opem
2891 2658 3114 2722 ferente,
3143 2659 3257 2713 sive
3288 2660 3356 2713 sit
3387 2674 3478 2727 pa-

1896 2766 1996 2823 ter,
2025 2755 2140 2812 sive
2162 2763 2353 2819 mater,
2380 2752 2493 2807 sive
2517 2750 2763 2822 quilibet,
2791 2748 2998 2805 etiamsi
3034 2748 3230 2802 habeat
3254 2750 3475 2803 multam

1900 2851 1966 2906 ad
2000 2852 2163 2906 Deum
2196 2849 2439 2903 ﬁduciam
2475 2865 2489 2903 :
2524 2846 2701 2900 Frater
2723 2847 2888 2913 enim,
2920 2847 3112 2915 inquit,
3129 2862 3231 2900 non
3258 2848 3481 2911 redimit,

1899 2942 2107 2996 redimet
2146 2942 2297 2995 homo
2326 2938 2497 3010 (Psal.
2518 2939 2609 2994 48.
2638 2938 2738 3009 8)?
2763 2939 2893 2993 Cum
2922 2951 3050 3006 ergo
3094 2952 3201 2991 non
3240 2936 3399 2990 liceat
3428 2931 3479 2985 i.t

1901 3032 2007 3086 alio
2044 3030 2245 3085 habere
2274 3043 2423 3098 spem
2456 3028 2664 3094 salutis,
2694 3041 2853 3098 quam
2898 3028 2949 3081 in
2995 3026 3194 3095 seipso,
3240 3034 3362 3095 post
3392 3024 3484 3081 Dei

1905 3121 2282 3188 benignitatem
2329 3129 2385 3173 et
2412 3118 2775 3181 clementiam,
2806 3131 2938 3188 rogo
2980 3115 3158 3169 omnia
3186 3114 3444 3169 faciamus
3470 3161 3484 3179 ,

1903 3221 1962 3266 ut
1992 3212 2097 3265 vita
2120 3212 2189 3264 sit
2216 3208 2368 3264 nobis
2409 3209 2605 3264 munda
2635 3218 2883 3278 recteque
2910 3207 3171 3274 instituta,
3199 3217 3253 3262 ct
3293 3221 3391 3262 nec
3422 3212 3484 3261 att

1905 3303 2057 3356 initio
2087 3301 2251 3356 ullam
2281 3301 2635 3369 suscipiamus
2679 3299 2939 3353 maculam
2969 3316 2983 3352 :
3016 3299 3097 3353 sin
3139 3299 3336 3363 minus,
3371 3308 3489 3368 post

1904 3402 2207 3461 susceptam
2235 3390 2448 3461 quidem
2482 3390 2738 3443 maculam
2771 3404 2840 3443 ne
2865 3389 3213 3452 dormiamus,
3237 3390 3334 3443 sed
3364 3404 3487 3457 per-

1904 3497 2214 3538 severemus
2244 3496 2456 3551 semper
2495 3480 2682 3535 sordes
2711 3480 2929 3534 abluere
2957 3494 3050 3549 per
3080 3482 3445 3548 penitentiam
3470 3524 3487 3548 ,

1904 3591 2003 3648 per
2033 3576 2319 3647 lacrymas,
2350 3590 2442 3644 per
2464 3577 2754 3638 orationes,
2784 3590 2881 3646 per
2900 3576 3322 3649 eleenmsyoam.
3351 3576 3487 3642 Quid

1906 3683 2056 3731 vero,
2087 3668 2276 3733 inquit,
2306 3667 2351 3721 si
2382 3682 2486 3721 non
2534 3667 2757 3721 habeam
2788 3653 2926 3722 unde
2972 3667 3162 3722 faciam
3193 3670 3495 3741 eleemosy~

1910 3776 2029 3813 nam
2054 3761 2077 3813 7
2104 3759 2206 3814 Sed
2239 3759 2404 3813 habes
2449 3760 2697 3828 poculum
2748 3774 2898 3828 aqua:
2932 3758 3137 3829 frigida:
3159 3801 3172 3822 ,
3205 3770 3492 3829 quantum~

1908 3866 2134 3919 cumque
2154 3849 2227 3903 sis
2247 3864 2479 3917 pauper;
2498 3849 2589 3902 sed
2609 3848 2713 3902 duo
2726 3850 2929 3902 minuta
2948 3848 3135 3913 habes,
3153 3850 3315 3919 pedes
3330 3851 3488 3905 habet

1912 3950 1967 3993 ut
1984 3942 2162 3993 \‘isites
2182 3949 2430 4008 aegrotos,
2450 3948 2505 3991 ttt
2524 3939 2836 4007 ingrediaris
2854 3954 3122 3993 carcerem
3144 3956 3158 4005 ;
3180 3942 3271 3995 sed
3296 3951 3490 3995 tectum

1910 4031 2095 4091 babes,
2115 4041 2169 4084 ut
2197 4032 2433 4100 excipias
2463 4031 2717 4099 hospites.
2733 4030 2850 4084 Non
2876 4041 2958 4084 est
2984 4032 3147 4095 enim,
3169 4044 3373 4086 nonest
3405 4049 3492 4087 ve-

1910 4120 1995 4173 nia
2022 4120 2085 4172 iis
2108 4120 2195 4185 qui
2229 4135 2333 4172 non
2354 4119 2988 4189 faciunteleemosynam,
3016 4136 3113 4176 nec
3143 4131 3365 4177 utmttur
3395 4127 3493 4176 mi-

1910 4210 2220 4264 sericordia.
2242 4210 2363 4263 llaec
2379 4224 2475 4263 nos
2488 4211 2637 4263 vobis
2657 4211 2870 4265 aSsidue
2886 4212 3131 4278 dicinms,
3155 4222 3207 4265 ut
3232 4215 3311 4266 vel
3326 4209 3387 4267 es
3406 4231 3490 4268 au-

1909 4302 2160 4354 siduitate
2188 4317 2369 4368 parum
2390 4301 2512 4372 quid
2534 4302 2842 4355 eiliciamus.
2861 4302 2984 4358 Πειεο
3000 4304 3246 4370 dicimus,
3264 4321 3367 4359 nou
3386 4317 3488 4360 tam

1910 4410 2093 4449 eorum
2124 4396 2316 4462 quibus
2339 4395 2473 4449 bene
2499 4398 2576 4459 tit,
2610 4411 2765 4464 quam
2788 4398 2948 4449 vestri
2989 4412 3170 4451 curam
3200 4410 3448 4467 gerentes
3479 4421 3489 4451 :

1912 4502 2031 4538 nam
2058 4486 2160 4539 Illis
2183 4487 2394 4553 quidem
2415 4502 2473 4539 ea
2494 4502 2612 4555 quae
2637 4487 2719 4539 hic
2736 4497 2862 4540 sunt
2880 4488 3046 4551 datis;
3065 4488 3296 4543 caziestia
3315 4498 3493 4543 autem

1910 4577 2179 4644 accipitis:
2205 4592 2322 4644 qua:
2345 4579 2497 4632 nobis
2518 4579 2765 4631 omnibus
2786 4577 2940 4631 detur
2959 4580 3233 4648 consequi,
3252 4582 3416 4649 gratia
3442 4592 3495 4636 et

1911 4668 2238 4736 benignitate
2257 4669 2465 4722 Domini
2491 4672 2655 4722 nostri
2678 4668 2804 4723 Jesu
2833 4670 3186 4731 Christi,cum
3216 4684 3320 4739 quo
3350 4669 3492 4724 Patri

1913 4774 2014 4813 una
2039 4776 2157 4812 eum
2171 4771 2357 4814 sancto
2373 4761 2573 4828 Spiritu
2591 4761 2780 4830 gloria,
2798 4762 2987 4827 honor,
3007 4763 3282 4830 imperimu
3298 4772 3350 4817 et
3366 4763 3495 4817 ado-

1915 4852 2070 4918 ratio,
2093 4865 2234 4907 nunc
2252 4861 2304 4907 et
2328 4866 2559 4923 semper,
2575 4860 2628 4906 et
2656 4852 2708 4905 in
2730 4851 2921 4907 saecula
2946 4852 3284 4907 swcuiorum.
3306 4858 3490 4908 Arnen.
