4062 6422
645 334 746 388 219

1385 329 1440 385 S.
1478 323 1751 382 JO.\NNlS
1779 321 2241 379 ClillYSOSTOMl
2278 321 2592 378 ARClllEP.
2632 274 3159 380 CONSTAN'YISOP.

2724 456 2844 466 ..ι-ο

1910 515 2252 577 HOMILIA
2290 513 2559 576 XXXII.

654 669 783 725 Cn.
821 668 905 723 12.
953 683 1002 721 v.
1048 667 1135 721 18.
1162 664 1283 719 Non
1321 666 1451 718 enim
1487 653 1758 718 accessistis
1792 661 1860 714 ad
1893 659 2199 713 tractabilem

724 766 957 817 montem,
975 764 1022 809 et
1040 752 1382 807 accensibilem
1406 753 1590 821 ignem,
1614 760 1659 804 et
1685 750 1929 804 turbinem
1950 757 1996 801 et
2016 746 2197 817 caligi-

726 854 897 899 uemet
916 842 1206 912 procellam,
1233 841 1317 895 19.
1341 851 1388 895 et
1408 841 1537 893 lubt:
1554 855 1751 901 sonum,
1775 847 1821 891 et
1844 853 2007 891 vocem
2025 834 2199 889 uerbo-

722 953 856 1000 rum,
870 951 1017 1005 quam
1038 935 1123 1003 qui
1141 932 1428 997 audierunt,
1445 938 1796 985 accusaverunt
1816 945 1868 982 se
1888 943 1950 980 ne
1971 927 2041 981 eis
2059 927 2198 995 fieret

719 1028 939 1078 uerbum.
961 1024 1050 1080 20.
1067 1021 1182 1077 Non
1198 1023 1324 1075 enim
1341 1019 1603 1091 portabant
1621 1018 1753 1088 quod
1768 1016 2023 1071 dicebatur
2039 1033 2057 1070 :
2077 1015 2199 1071 Etsi

724 1114 874 1168 bestia
890 1111 1098 1183 tetigerit
1113 1120 1350 1177 montem,
1373 1108 1694 1177 lapidabitur.
1741 1106 1833 1160 21.
1853 1106 1919 1159 Et
1940 1107 2035 1172 (ita
2055 1106 2198 1159 terri-

720 1203 816 1258 bile
828 1211 933 1255 erat
943 1200 1078 1269 quod
1086 1198 1361 1268 ridebatur)
1376 1197 1573 1267 Moyses
1584 1197 1730 1261 dixit,
1740 1195 2018 1249 Exterritus
2031 1211 2141 1249 sum
2152 1204 2198 1249 et

722 1289 1067 1345 tremebundus
1099 1286 1220 1344 :22.
1238 1291 1328 1342 sed
1343 1286 1615 1340 accessistis
1644 1286 1712 1338 ad
1745 1284 1872 1339 Sion
1901 1294 2118 1338 montem
2150 1294 2197 1339 et

718 1384 962 1437 civitatem
973 1380 1067 1435 Dei
1082 1375 1587 1443 cibartisJerusalem
1598 1376 1861 1438 cteleslem,
1872 1385 1918 1429 et
1933 1375 2197 1428 multarum

719 1472 934 1525 millium
950 1470 1237 1539 angelorum
1253 1465 1741 1535 frequentiam,‘i5.et
1754 1462 2034 1517 Ecclesiam
2044 1465 2199 1532 primi

718 1566 927 1617 tirorum
938 1560 1022 1631 qui
1034 1558 1301 1627 conscripti
1314 1567 1429 1611 sunt
1443 1558 1495 1609 in
1508 1556 1662 1617 ctclis,
1678 1564 1723 1607 et
1732 1554 1955 1624 judicent
1973 1554 2195 1607 omnium

720 1654 899 1716 Deum,
918 1660 963 1704 et
982 1648 1186 1717 spiritus
1200 1649 1457 1718 justorum
1480 1649 1831 1714 perfecturum,
1855 1635 1946 1699 24.
1961 1652 2009 1698 et
2025 1643 2194 1697 Testa-

719 1742 869 1796 menti
896 1740 1010 1794 noui
1036 1738 1354 1793 mediatorem
1371 1735 1571 1798 Iesum,
1597 1742 1641 1787 et
1669 1732 1932 1803 sanguinis
1948 1732 2195 1801 aspersio-

719 1850 830 1887 nem
854 1832 1027 1887 melius
1054 1830 1331 1899 loquentem
1355 1841 1503 1896 quam
1528 1823 1667 1877 Abel.

730 1994 778 2045 l.
819 1995 979 2043 urant
1018 1986 1231 2055 quidem
1271 1984 1322 2037 in
1368 1981 1566 2050 templo
1612 1978 1973 2043 admirabilia,
2023 1985 2203 2034 sancta

656 2086 995 2139 sanctorum;
1025 2081 1180 2129 erant
1224 2084 1407 2126 rursus
1451 2069 1704 2124 terribilia
1734 2069 1891 2123 etiam
1932 2069 2045 2124 haec
2086 2083 2205 2137 qua:

659 2172 792 2223 facta
836 2174 959 2221 sunt
1003 2164 1055 2217 in
1098 2170 1277 2217 monte
1318 2160 1484 2221 Sinai,
1529 2159 1684 2228 ignis,
1729 2159 1978 2223 tenebrae,
2012 2158 2200 2229 caligo,

658 2257 884 2328 procella
936 2270 951 2307 :
980 2252 1139 2308 Visus
1166 2260 1251 2307 est
1271 2250 1436 2314 enim,
1464 2249 1651 2318 inquit,
1678 2248 1814 2302 Deus
1844 2246 1895 2301 in
1926 2246 2067 2301 Sinai
2110 2260 2201 2315 per

659 2355 851 2419 ignem,
895 2342 1180 2416 procellam
1222 2338 1585 2409 et‘caliginem
1623 2334 2201 2407 (Exod.c.19;etDcut.

657 2441 708 2493 5.
737 2438 853 2507 22).
880 2435 1081 2489 Novum
1112 2424 1288 2486 autem
1317 2429 1709 2484 Testamentum
1753 2440 1873 2480 cum
1914 2426 2059 2481 nullo
2104 2426 2203 2480 hoc

659 2545 773 2584 rum
803 2527 981 2582 datum
1006 2530 1109 2589 est,
1149 2519 1244 2576 sed
1270 2519 1448 2573 datum
1482 2516 1578 2570 fuit
1612 2530 1641 2568 a
1667 2511 1877 2569 Christo
1902 2514 1954 2569 in
1980 2515 2204 2583 simplici

655 2629 921 2674 sermone.
950 2610 1083 2667 Vide
1121 2622 1248 2679 ergo
1283 2604 1551 2676 quomodo
1579 2603 1768 2658 horum
1812 2618 2020 2673 quoque
2049 2602 2206 2657 faciat

653 2703 1103 2776 comparationem
1148 2713 1166 2763 ;
1213 2704 1271 2752 et
1317 2710 1379 2750 ea
1430 2694 1618 2749 merito
1665 2693 1841 2762 posuit
1889 2693 2201 2760 posteriora.

655 2799 786 2855 Nam
812 2790 1022 2865 quando
1046 2788 1125 2844 eis
1145 2784 1407 2858 persuasit
1431 2797 1524 2852 per
1546 2781 1973 2845 innumerabilia,
1995 2781 2205 2849 quando

656 2891 813 2945 etiam
863 2880 1094 2938 ostendit
1139 2876 1263 2948 quid
1305 2874 1514 2930 intersit
1540 2873 1676 2927 inter
1704 2883 1985 2941 utrumque
2017 2873 2204 2927 Testa--

656 2986 891 3032 mentum
916 2988 929 3023 :
956 2982 1077 3024 tunc
1106 2980 1171 3022 eo
1199 2965 1345 3035 prius
1371 2962 1676 3031 reprobato,
1701 2960 1891 3015 deinde
1920 2961 2065 3015 facile
2092 2960 2205 3015 bare

656 3079 865 3136 quoque
890 3058 1190 3133 aggreditur
1218 3073 1231 3108 :
1261 3062 1315 3109 et
1352 3052 1476 3122 quid
1500 3051 1667 3105 dicit?
1695 3048 1812 3103 Non
1838 3051 1965 3104 enim
1989 3051 2201 3104 accessi-

654 3158 743 3209 stis
770 3154 837 3206 ad
862 3146 1165 3204 tractabilem
1190 3151 1403 3197 montem
1446 3150 1492 3194 et
1520 3155 1777 3193 accensum
1806 3140 1990 3206 ignem,
2019 3148 2065 3191 et
2096 3149 2204 3191 lur-

654 3246 813 3297 binem
832 3280 845 3305 ,
887 3246 933 3292 et
968 3233 1265 3305 caliginem,
1287 3239 1333 3284 et
1361 3229 1666 3298 procellam,
1696 3235 1743 3280 et
1770 3226 1899 3281 tuba:
1920 3243 2127 3293 sonum,
2157 3237 2203 3279 et

654 3347 819 3387 uocent
840 3325 1093 3382 uerborum
1118 3361 1133 3387 ,
1159 3334 1309 3392 qutun
1332 3318 1418 3387 qui
1442 3316 1739 3380 audierunt,
1768 3326 2114 3369 recusaverunt
2139 3333 2199 3370 ne

656 3426 727 3462 eis
758 3416 1027 3462 adderetur
1052 3409 1269 3462 verbum.
1301 3405 1419 3460 Non
1447 3409 1576 3461 enim
1610 3411 1876 3477 portabant
1900 3410 2036 3476 quod
2079 3406 2210 3460 dice-

659 3501 803 3550 batur
833 3513 851 3551 :
884 3503 949 3549 ιιι
976 3498 1020 3549 si
1044 3496 1199 3549 bestia
1225 3497 1436 3566 tetigerit
1462 3505 1695 3557 montem,
1732 3495 2057 3565 lapidabitur.
2091 3495 2210 3548 lltec

661 3596 803 3649 sunt,
835 3586 1019 3653 inquit,
1053 3584 1395 3651 terribilia,ct
1415 3584 1546 3638 adeo
1570 3584 1823 3637 terribilia
1844 3594 2081 3652 utneque
2109 3582 2211 3637 ler-

662 3684 782 3728 rent
800 3674 1146 3739 auditionem,
1168 3688 1336 3741 neque
1361 3673 1526 3727 bestia
1546 3673 1761 3726 auderet
1783 3674 2085 3727 ascendere.
2107 3672 2210 3726 Sed

666 3780 769 3817 non
790 3772 939 3818 erant
952 3764 1062 3817 tunc
1076 3763 1217 3828 talia,
1231 3764 1401 3831 qualia
1420 3778 1536 3832 quae
1552 3772 1728 3832 postea
1741 3773 1859 3817 sunt
1873 3774 2207 3832 consequuta:

664 3855 786 3923 quid
808 3855 946 3907 enim
964 3853 1109 3908 Sinai
1130 3853 1194 3906 ad
1210 3856 1393 3908 czelum
1414 3854 1438 3904 τ
1456 3855 1576 3923 quid
1599 3856 1733 3923 ignis
1748 3855 2133 3909 contrectabilis
2147 3856 2211 3908 ad

667 3946 830 3999 Deum
875 3944 960 4012 qui
993 3959 1094 3998 non
1121 3952 1291 4012 potest
1316 3946 1628 3998 contrectari
1651 3944 1673 3997 ?
1701 3943 1833 3997 Deus
1856 3946 1996 3998 enim
2025 3954 2209 4008 noster,

668 4036 852 4102 inquit,
876 4046 945 4088 est
973 4036 1100 4105 ignis
1120 4050 1411 4088 consumens
1432 4034 1611 4102 (Hebr.
1638 4034 1723 4088 12.
1748 4036 1856 4105 ﬂ).
1882 4035 2106 4090 Terrore
2122 4052 2214 4089 au-

668 4136 773 4180 tem
805 4127 959 4180 fuisse
984 4127 1135 4195 plena
1153 4142 1265 4193 qua:
1295 4125 1347 4179 in
1378 4136 1555 4179 monte
1569 4135 1714 4195 gesta
1730 4135 1871 4187 sunt,
1896 4140 1959 4178 ex
1984 4127 2048 4179 iis
2074 4136 2213 4194 patet

666 4228 784 4283 qua:
802 4214 1076 4267 dicebant:
1096 4212 1177 4266 Ne
1200 4214 1430 4283 loquatur
1455 4214 1592 4266 nobis
1611 4213 1762 4273 Deus.
1778 4214 1862 4267 sed
1886 4214 2112 4283 loquatur
2129 4232 2213 4267 no-

668 4305 741 4357 bis
776 4303 976 4374 Moyses
1005 4302 1195 4372 (Exod.
1225 4303 1313 4358 20‘.
1344 4304 1451 4370 19).
1515 4303 1634 4357 Non
1663 4308 1923 4373 portabant
1948 4307 2074 4358 enim
2094 4348 2106 4369 ,
2140 4307 2216 4358 in-

668 4394 798 4460 quit,
844 4394 976 4461 quod
1019 4393 1275 4446 dicebatur
1317 4408 1334 4445 :
1376 4392 1440 4446 Et
1478 4395 1522 4446 si
1561 4394 1712 4446 bestia
1742 4394 1952 4464 tetigerit
1982 4405 2213 4461 montem,

671 4481 993 4551 lapidabitur.
1045 4481 1109 4533 Et
1157 4482 1271 4548 (ita
1319 4483 1533 4537 terribile
1584 4494 1687 4537 erat
1729 4486 1861 4555 quod
1910 4485 2211 4555 dicebatur)

670 4570 869 4639 Moyses
913 4572 1058 4636 dixit,
1106 4569 1386 4625 Exterritus
1428 4591 1535 4626 sunt
1584 4584 1629 4627 et
1675 4576 2037 4631 tremebundus.
2084 4578 2217 4645 Quid

672 4660 858 4713 mirum
916 4675 1011 4729 pro
1063 4663 1260 4731 populo
1311 4662 1434 4716 talia
1482 4678 1601 4717 eum
1657 4679 1867 4732 passum
1922 4681 2040 4721 esse
2082 4668 2214 4732 dici,

671 4750 881 4817 quando
928 4751 1038 4819 ipse
1081 4752 1171 4819 qui
1218 4752 1483 4821 ingressus
1513 4764 1621 4807 erat
1650 4756 1923 4825 caliginem
1944 4798 1957 4821 ,
1992 4760 2075 4813 ubi
2106 4776 2218 4814 erat

677 4841 834 4903 Deus,
879 4839 1072 4907 inquit,
1118 4839 1400 4895 Exterritus
1443 4858 1553 4896 sum
1598 4855 1644 4897 et
1685 4848 2076 4901 tremebundus?
2118 4850 2221 4903 Sed

673 4927 945 4981 accessistis
970 4929 1036 4981 ad
1060 4938 1277 4983 montem
1304 4931 1451 4995 Sion,
1488 4942 1533 4986 et
1571 4934 1812 4989 civitatem
1846 4935 1941 4989 Dei
1984 4940 2186 4994 viventis
2205 4982 2219 5006 ,

673 5016 952 5070 Jerusalem
993 5018 1254 5082 ctulestem,
1296 5027 1342 5072 et
1387 5020 1658 5075 multorum
1694 5024 1907 5078 millium
1931 5028 2223 5097 angelorum

678 5108 1027 5177 frequentiam,
1069 5120 1116 5163 et
1142 5106 1413 5165 Ecclesiam
1440 5116 1801 5181 primitiuorum
1841 5119 1925 5186 qui
1957 5121 2224 5189 conscripti

684 5208 799 5252 sunt
819 5200 870 5251 in
892 5200 1043 5263 aclis,
1075 5210 1119 5253 et
1136 5202 1361 5270 judicem
1386 5207 1604 5259 omnium
1630 5206 1809 5273 Deum,
1838 5219 1883 5260 et
1912 5212 2115 5277 spiritus
2132 5214 2222 5281 ju-

679 5300 870 5341 storum
896 5288 1247 5358 perfectorum,
1263 5302 1311 5345 et
1329 5292 1621 5348 Testamenti
1648 5299 1760 5350 noui
1785 5300 2107 5353 mediatorem
2139 5301 2227 5355 .le-

679 5394 819 5443 sum,
849 5386 894 5429 et
919 5380 1178 5448 sanguinis
1205 5385 1541 5449 aspersionem
1570 5386 1746 5441 melius
1776 5388 2053 5455 loquentem
2078 5407 2227 5460 quam

681 5468 821 5521 Abel.
854 5468 1057 5523 Videsis
1089 5486 1186 5538 per
1208 5482 1428 5541 quantas
1466 5489 1551 5529 res
1575 5477 1938 5531 excellentiam
1976 5481 2095 5533 novi
2130 5480 2227 5534 Te-

681 5560 925 5613 stamenti
951 5575 1105 5629 supra
1128 5571 1277 5617 vetus
1298 5566 1545 5617 ostendit.
1563 5566 1798 5636 Namque
1821 5585 1914 5638 pro
1936 5571 2226 5625 Jerusalem

684 5656 939 5717 terrestri,
978 5658 1130 5711 datur
1168 5658 1457 5715 Jerusalem
1484 5662 1711 5717 caelestis
1738 5680 1751 5727 ;
1780 5665 2061 5720 Accessistis
2090 5669 2229 5720 enim

686 5743 749 5795 ιλιι
796 5744 1040 5801 civitatem
1089 5746 1184 5803 Dei
1233 5750 1451 5817 virentis,
1500 5752 1779 5811 Jerusalem
1823 5757 2063 5813 ca'lesteut
2094 5775 2110 5811 .'
2138 5776 2231 5829 pro

2294 655 2476 726 Moyse
2502 665 2583 711 est
2603 655 2789 717 .lesus;
2814 651 2878 705 Et
2899 650 3211 715 Testamenti,
3239 647 3408 718 inquit
3426 684 3441 709 ,
3468 640 3585 697 nari
3609 638 3859 695 mediato-

2300 762 2406 799 rem
2430 745 2607 800 Iesum
2632 760 2649 798 :
2674 759 2769 813 pro
2809 742 2999 811 populo
3024 741 3195 811 angeli
3223 752 3408 793 omnes
3432 753 3447 802 ;
3480 733 3545 787 Et
3579 730 3861 785 multorum

2301 834 2590 906 angelorum
2615 832 2971 905 frequentiam,
3016 830 3204 900 inquit.
3250 827 3516 894 Quasnam
3563 819 3864 891 primitivos

2299 935 2557 1001 intelligit,
2585 947 2706 986 cum
2737 933 2884 996 dicit,
2907 933 2969 985 Et
2990 930 3260 983 lfcclcsiam
3290 925 3697 995 primitiuorum?
3732 922 3859 977 Otu-

2298 1038 2391 1076 nes
2420 1022 2646 1076 lideiium
2678 1021 2889 1075 choros.
2919 1016 3145 1072 Eosdem
3166 1018 3325 1070 etiam
3354 1016 3568 1083 spiritus
3590 1014 3857 1081 justurum

2299 1112 2653 1184 perfectorem
2684 1120 2857 1165 vocat.
2887 1109 2961 1162 Ne
2987 1108 3162 1177 itaque
3190 1120 3329 1174 aegre
3358 1105 3539 1159 feratis
3570 1124 3582 1157 :
3616 1101 3751 1155 Cum
3775 1099 3859 1154 his

2297 1202 2465 1268 eritis,
2496 1201 2681 1270 inquit.
2702 1198 2837 1265 Quid
2860 1206 2940 1251 est
2966 1194 3103 1265 quod
3125 1194 3253 1248 dicit
3276 1211 3290 1248 :
3319 1191 3382 1246 Et
3396 1192 3657 1262 sanguinis
3675 1205 3857 1258 asper-

2297 1292 2487 1344 siutem
2532 1290 2711 1343 melius
2756 1286 3037 1357 loquentem
3080 1299 3228 1352 quam
3268 1280 3435 1335 Abel?
3475 1279 3688 1348 sanguis
3728 1291 3859 1346 ergo

2298 1381 2477 1436 Abelis
2504 1380 2752 1449 loquutus
2790 1376 2911 1431 est?
2937 1374 3129 1438 Certe;
3158 1381 3209 1427 et
3235 1369 3522 1441 quomodo,
3551 1367 3674 1421 audi
3715 1366 3857 1420 Pau-

2299 1470 2407 1525 lum
2448 1468 2708 1524 dicentem
2742 1483 2756 1519 :
2791 1463 2922 1519 Fide
2959 1463 3230 1533 plurimam
3277 1460 3489 1513 hostiam
3534 1456 3658 1510 Abel
3705 1470 3858 1525 quant

2300 1558 2424 1615 Cain
2449 1557 2645 1621 obtulit,
2676 1572 2765 1626 per
2781 1570 2929 1623 quam
2956 1550 3288 1606 testimonium
3312 1556 3640 1616 consequutus
3658 1554 3735 1598 est
3756 1560 3863 1599 esse

2291 1650 2503 1719 justus;
2536 1655 2585 1699 et
2628 1661 2715 1715 per
2751 1645 2891 1696 illaut
2928 1641 3196 1712 defunctus
3223 1640 3390 1691 adhuc
3416 1638 3633 1707 loquitur
3668 1632 3859 1705 (Hebr.

2301 1736 2387 1792 11.
2413 1734 2511 1808 4);
2534 1743 2589 1791 et
2614 1746 2799 1788 rursus
2817 1730 2945 1786 dicit
2970 1730 3106 1783 Deus
3132 1745 3145 1779 :
3181 1726 3289 1780 Vox
3310 1726 3567 1795 sanguinis
3586 1724 3763 1793 fratris
3788 1724 3863 1777 tui

2300 1830 2485 1881 clamat
2523 1825 2591 1880 ad
2615 1841 2695 1880 me
2720 1824 2869 1896 (Gen.
2897 1823 2951 1877 4.
2990 1819 3101 1892 10).
3130 1820 3236 1875 Aut
3262 1817 3362 1872 hoc
3387 1831 3513 1886 ergo
3538 1814 3860 1878 dicendum;

2300 1925 2392 1970 aut
2417 1914 2565 1983 illud,
2591 1915 2730 1985 quod
2757 1913 2929 1968 adhuc
2957 1925 3096 1966 nunc
3122 1908 3467 1973 decantatur;
3507 1905 3599 1961 sed
3644 1918 3751 1958 non
3790 1905 3863 1957 ita

2302 2014 2365 2061 ut
2404 2005 2616 2075 sanguis
2658 2003 2893 2059 Christi:
2938 2003 3028 2056 bic
3070 2001 3213 2056 enim
3241 2013 3430 2053 omnes
3470 1994 3766 2057 mandavit,
3806 2003 3865 2048 et

2300 2093 2715 2167 splendidiorem
2738 2092 3129 2146 emittitvoeem
3144 2094 3199 2140 et
3214 2086 3681 2158 significantiorem
3706 2126 3722 2149 ,
3755 2099 3863 2153 quo

2295 2185 2474 2252 majus
2497 2181 2657 2237 habet
2674 2180 2814 2251 quod
2838 2195 2931 2249 per
2953 2193 3037 2232 res
3064 2177 3231 2231 fertur
3253 2175 3633 2231 testimonium.
3658 2173 3750 2227 25.
3783 2172 3867 2226 Vi-

2302 2283 2413 2329 dete
2439 2290 2501 2329 ne
2524 2273 2758 2328 recusetis
2778 2271 3076 2339 loquentem.
3099 2264 3161 2322 Si
3180 2267 3311 2320 enim
3335 2266 3412 2319 illi
3434 2280 3534 2318 non
3555 2262 3863 2334 efugerunt,

2302 2371 2584 2419 recusantes
2606 2378 2719 2417 eum
2745 2361 2830 2431 qui
2858 2374 3014 2427 supra
3051 2365 3234 2411 terram
3274 2355 3479 2409 oracula
3524 2352 3816 2422 loquebatur
3842 2368 3866 2407 :
3898 2348 3903 2351 “

2302 2453 2459 2506 multo
2484 2451 2641 2521 magis
2653 2465 2779 2513 -nos,
2818 2448 2903 2517 qui
2941 2446 3004 2500 de
3041 2446 3179 2500 ctelis
3207 2444 3485 2514 loquentem
3513 2443 3654 2496 nobis
3680 2442 3867 2495 auerti-

2301 2558 2431 2595 mus.
2476 2540 2568 2595 26.
2614 2536 2770 2607 Cujus
2810 2553 2906 2591 vos;
2939 2536 3089 2589 mouit
3116 2545 3301 2588 terram
3328 2543 3444 2587 tunc
3475 2548 3495 2587 :
3528 2548 3664 2586 nunc
3699 2543 3870 2587 autem

2303 2629 2602 2699 repromittit
2626 2669 2642 2693 ,
2670 2629 2837 2681 dicens
2860 2643 2879 2680 :
2922 2626 3102 2679 Adhuc
3144 2626 3312 2690 semel,
3345 2634 3391 2677 et
3414 2639 3504 2693 ego
3534 2624 3736 2677 movebo
3765 2640 3871 2679 non

2303 2720 2465 2776 solum
2506 2730 2710 2783 terram,
2736 2717 2822 2771 sed
2860 2726 2907 2770 et
2934 2716 3129 2771 catlum.
3160 2715 3248 2768 27.
3281 2713 3428 2782 Quod
3469 2724 3661 2779 autem,
3684 2714 3869 2769 Adhuc

2303 2809 2474 2873 sentel,
2502 2810 2640 2871 dicit,
2661 2808 2882 2862 declarat
2915 2806 3171 2860 mobilium
3198 2804 3578 2858 translationem
3607 2813 3866 2873 tamquam

2304 2900 2570 2968 factorum,
2598 2909 2653 2951 ut
2678 2907 2911 2951 maneant
2949 2912 3006 2950 ea
3028 2912 3140 2963 qua
3164 2906 3282 2949 sunt
3309 2896 3603 2948 immobilia.
3636 2895 3728 2951 28.
3758 2895 3873 2948 Ita-

2303 3006 2401 3061 que
2440 3006 2649 3059 regnum
2675 2988 2923 3042 immobile
2946 2987 3265 3055 suscipientes
3283 3028 3298 3051 ,
3329 2987 3599 3040 habeamus
3628 2987 3867 3055 gratiam,

2308 3097 2397 3151 per
2418 3095 2564 3149 quam
2595 3079 2869 3133 serviamus
2892 3079 3145 3146 placentes
3185 3075 3292 3131 Deo
3321 3092 3436 3128 cum
3475 3086 3607 3128 metu
3648 3086 3695 3129 et
3732 3092 3874 3130 reue-

2306 3170 2488 3222 rentia.
2516 3167 2609 3223 29.
2645 3165 2843 3221 Etenim
2879 3163 3007 3220 Deus
3051 3176 3221 3220 noster
3265 3165 3398 3235 ignis
3427 3180 3727 3219 consumens
3770 3175 3867 3218 est.

2306 3255 2585 3314 Terribilia
2611 3264 2734 3311 sunt
2763 3256 2885 3320 illa;
2932 3254 3024 3309 sed
3055 3255 3221 3308 multo
3251 3253 3365 3308 lucc
3394 3251 3790 3308 admirabiliora
3818 3263 3873 3308 et

2309 3348 2643 3421 pmclariora
2676 3366 2688 3401 :
2721 3362 2823 3400 non
2850 3356 2973 3400 sunt
3001 3347 3142 3400 enim
3178 3344 3411 3399 tenebra:
3441 3344 3547 3411 hic,
3582 3360 3757 3414 neque
3783 3360 3873 3399 ca-

2309 3442 2433 3511 ligo,
2456 3455 2629 3510 neque
2668 3439 2923 3509 procella,
2956 3446 3013 3491 ut
3042 3438 3169 3490 illic.
3204 3437 3269 3490 Et
3298 3452 3395 3491 cur
3426 3446 3550 3491 tunc
3597 3437 3738 3491 Deus
3776 3452 3873 3507 per

2308 3533 2480 3602 ignem
2509 3530 2655 3584 visus
2683 3529 2801 3584 est?
2828 3529 2927 3583 Per
2957 3528 3041 3582 illa
3076 3527 3205 3581 mihi
3244 3527 3454 3581 videtur
3480 3527 3636 3580 tacite
3664 3528 3872 3597 signifi-

2308 3635 2431 3676 care
2448 3620 2643 3674 veteris
2668 3618 2989 3673 Testameuti
3018 3618 3415 3681 obscuritatem,
3441 3615 3721 3685 legemque
3752 3630 3874 3674 esse

2312 3710 2670 3765 adumbratam
2694 3717 2747 3762 et
2773 3717 3046 3777 opertam:
3077 3715 3332 3776 praeterea
3361 3706 3519 3761 etiam
3548 3714 3604 3759 ut
3626 3707 3875 3763 ostendat

2310 3798 2451 3870 quod
2475 3798 2750 3868 legislator
2774 3811 2893 3852 esse
2921 3796 3113 3851 debeat
3140 3796 3413 3862 terribilis,
3443 3806 3497 3849 et
3521 3811 3647 3851 acer
3677 3799 3727 3850 in
3774 3814 3871 3867 pu-

2318 3889 2524 3943 niendis
2555 3889 2619 3941 iis
2647 3889 2734 3957 qui
2762 3886 3092 3956 delinquunt.

2382 3980 2434 4033 2.
2453 3982 2583 4044 Quid
2606 3996 2730 4035 vero
2755 3984 2891 4037 tubte
2909 3984 3150 4039 sonitus?
3172 3984 3378 4050 Merito,
3400 3994 3577 4052 utpote
3605 4002 3725 4039 cum
3754 3989 3871 4057 qui-

2314 4071 2432 4123 dum
2457 4086 2543 4124 rex
2566 4071 2720 4125 adsit.
2742 4074 2852 4125 tloc
2866 4073 3075 4141 quidem
3095 4082 3240 4128 certe
3262 4076 3363 4128 erit
3389 4074 3618 4128 etiamin
3638 4076 3875 4130 secundo

2315 4158 2587 4212 adventu:
2627 4159 2768 4212 Tuba
2795 4170 2956 4225 canet,
2987 4162 3186 4230 inquit,
3236 4172 3283 4216 et
3329 4179 3499 4215 omnes
3542 4164 3873 4217 excitabimur

2318 4245 2392 4315 (ἱ.
2416 4247 2537 4325 (ἴον.
2568 4249 2650 4302 15.
2681 4249 2794 4319 52).
2826 4250 3003 4319 Itaque
3030 4267 3094 4305 ex
3122 4253 3316 4307 virtute
3359 4251 3450 4307 Dei
3491 4253 3591 4306 erit
3630 4257 3872 4309 omnium

2316 4340 2655 4392 resurrectio.
2700 4339 2811 4393 Vox
2860 4350 3033 4394 autem
3068 4341 3204 4395 tub:e
3247 4342 3378 4396 nihil
3408 4343 3548 4395 aliud
3588 4344 3875 4413 signiﬁcat,

2316 4440 2472 4494 quam
2500 4427 2637 4495 quod
2659 4442 2847 4482 omnes
2878 4438 3119 4497 Oporteat
3150 4445 3445 4499 resurgere.
3468 4431 3572 4486 Sed
3605 4441 3732 4486 tunc
3759 4449 3879 4487 om-

2318 4514 2403 4567 nia
2432 4515 2518 4567 illa
2543 4527 2693 4569 erant
2720 4517 2956 4577 sensilia.
2982 4528 3034 4573 et
3064 4520 3385 4587 spectacula,
3417 4530 3473 4575 et
3496 4537 3653 4577 voces
3679 4523 3876 4593 (Exod.

2312 4619 2355 4657 c.
2374 4602 2460 4671 19)
2483 4621 2631 4675 :quee
2645 4625 2771 4663 vero
2792 4617 2998 4676 postea,
3031 4609 3208 4663 omnia
3236 4611 3585 4684 intelligibilia
3614 4625 3667 4668 et
3696 4615 3881 4670 invisi-

2316 4696 2458 4753 bilia.
2485 4701 2653 4766 Atque
2679 4700 2941 4768 signiﬁcat
2968 4701 3102 4769 ignis
3131 4703 3249 4770 quia
3274 4703 3410 4757 Deus
3434 4704 3565 4772 ignis
3590 4717 3668 4759 est
3692 4723 3704 4759 :
3732 4704 3878 4761 Deus

2316 4788 2445 4839 enim
2472 4797 2662 4855 noster,
2684 4789 2871 4857 inquit,
2898 4790 3027 4860 ignis
3052 4807 3345 4845 consumens
3366 4803 3435 4847 est
3458 4808 3476 4846 :
3499 4796 3670 4862 caligo
3698 4807 3884 4855 autent

2316 4884 2369 4930 et
2399 4877 2633 4932 tenebrae
2676 4888 2729 4933 et
2759 4877 2931 4932 fumus
2957 4895 3141 4935 rursus
3170 4881 3455 4936 ostendunt
3478 4896 3593 4937 rem
3623 4898 3742 4939 esse
3772 4894 3881 4941 ter-

2317 4967 2546 5022 ribilem.
2574 4968 2662 5023 Sic
2683 4970 2841 5023 etiam
2872 4968 2999 5024 dicit
3027 4970 3189 5025 Isaias
3220 4988 3231 5024 :
3264 4970 3334 5026 Et
3358 4974 3535 5027 domus
3568 4974 3777 5045 irnpleta
3808 4989 3881 5031 est

2318 5059 2455 5127 fumo
2471 5056 2617 5125 (lsai.
2638 5057 2691 5112 6.
2710 5059 2785 5125 4).
2802 5058 2866 5111 Ει
2886 5057 3010 5127 quid
3033 5060 3131 5113 sibi
3172 5059 3278 5113 Vult
3299 5061 3529 5129 procella
3546 5061 3571 5113 7
3590 5061 3805 5132 Pigrum
3829 5076 3885 5120 et

2318 5151 2559 5218 ignavum
2582 5163 2700 5202 esse
2722 5163 2888 5216 genus
2915 5150 3198 5204 humanum
3220 5151 3527 5220 :oportebat
3547 5166 3674 5221 ergo
3702 5153 3880 5223 ipsum

2318 5238 2401 5291 his
2430 5236 2666 5290 excitari.
2688 5236 2872 5291 Nullus
2896 5238 3037 5291 enim
3060 5247 3176 5293 erat
3216 5238 3350 5294 adeo
3384 5240 3548 5295 hebes
3572 5251 3626 5295 et
3665 5244 3874 5306 tardus,

2336 5328 2404 5395 iui
2437 5342 2541 5381 non
2566 5335 2796 5380 mentem
2825 5341 3032 5381 sursum
3074 5328 3340 5383 attolleret
3368 5343 3486 5382 cum
3518 5329 3633 5384 hac
3665 5332 3878 5396 fierent,

2318 5429 2435 5469 cum
2462 5414 2604 5484 leges
2626 5414 2906 5469 ferrentur.
2923 5415 3131 5487 Moyses
3157 5417 3503 5487 loquebatur;
3530 5419 3673 5474 Deus
3688 5421 3737 5475 ei
3753 5437 3885 5477 voce

2321 5507 2667 5574 respondebat
2686 5524 2698 5559 :
2715 5508 2990 5577 oportebat
3005 5509 3145 5563 enim
3169 5510 3258 5565 Dei
3278 5510 3498 5579 proferri
3514 5525 3721 5564 vocem.
3737 5512 3889 5580 Quo-

2320 5596 2457 5648 niam
2484 5610 2575 5663 per
2599 5596 2831 5666 Moysem
2859 5607 2975 5651 erat
3000 5597 3169 5667 legem
3196 5597 3416 5661 laturus,
3446 5610 3727 5667 propterea
3757 5617 3880 5653 eum

2322 5684 2444 5737 facit
2498 5684 2600 5738 ﬁde
2652 5686 2889 5755 dignum.
2951 5686 3064 5740 Non
3118 5687 3368 5741 videbant
3422 5690 3589 5757 ipsum
3663 5702 3885 5758 propter

2322 5774 2635 5842 caliginem,
2686 5791 2787 5831 non
2847 5776 3129 5833 audiebant
3185 5779 3353 5849 ipsum
3418 5789 3627 5849 propter
3696 5798 3880 5841 \‘ucczn
