4062 6438
243 378 353 433 Ξὲί

235 476 517 546 gracilem.
560 473 698 541 Quid
741 474 904 544 ergo?
950 474 1089 529 Deus
1140 475 1435 545 respondit,
1482 491 1610 531 voce
1659 478 1810 546 quasi

239 567 495 637 populum
523 558 801 636 alloquens
830 576 886 621 et
925 565 1166 620 efﬁciens
1192 576 1248 621 ut
1277 566 1424 636 leges
1453 567 1679 623 audiret.
1707 567 1809 623 Sed

242 659 422 726 priora
463 644 809 728 repetamus:
842 656 959 709 Non
1006 657 1139 710 enim
1179 660 1456 713 accessistis
1501 660 1569 711 ad
1595 672 1812 714 montem

237 748 571 812 tractabilem,
585 757 631 800 et
651 763 914 800 accensum
929 750 1115 816 ignem,
1132 757 1176 801 et
1195 749 1324 803 tuba:
1336 751 1551 802 sonitum
1586 760 1632 803 et
1648 766 1812 805 vocem

242 839 522 894 rerbarum.
552 854 701 908 quam
723 838 808 907 qui
845 838 1113 891 audierunt
1139 849 1497 893 excusaucrunt
1518 856 1590 903 se.
1620 841 1810 909 inquit.

238 944 306 981 ne
332 929 402 981 eis
430 929 567 995 ﬁeret
596 928 817 983 verbum.
847 927 951 996 Ipsi
978 943 1105 998 ergo
1131 942 1307 983 cauato
1335 929 1561 991 fuerunt,
1588 937 1643 982 ut
1676 929 1815 983 Deus

240 1033 343 1086 per
370 1033 582 1072 carnem
613 1018 937 1086 apparuerit.
970 1017 1105 1086 Quid
1131 1033 1257 1073 vero
1294 1018 1581 1075 dicebant?
1608 1018 1815 1089 Loqua—

238 1120 347 1174 tur,
374 1109 563 1177 inquit,
595 1109 736 1163 nobis
764 1107 985 1179 Moyses.
1014 1118 1060 1162 et
1084 1126 1183 1164 non
1211 1110 1443 1179 loquatur
1468 1110 1611 1165 nobis
1645 1108 1809 1167 Deus.

314 1198 544 1252 Ecclesia
571 1215 789 1267 praesens
807 1201 958 1253 veteri
981 1201 1417 1269 praecum—Qui
1440 1201 1637 1257 faciunt
1654 1217 1806 1258 com-

241 1287 568 1355 parationes,
586 1287 672 1342 illa
696 1290 863 1358 magis
877 1288 1109 1353 elevant.
1127 1300 1183 1343 ut
1200 1289 1316 1345 hzec
1331 1289 1614 1346 ostendant
1640 1292 1815 1347 multo

239 1392 365 1432 esse
390 1376 586 1446 majora
614 1396 626 1427 :
659 1392 758 1447 ego
784 1387 963 1433 autem
997 1380 1257 1434 mirabilia
1287 1391 1340 1434 et
1380 1380 1468 1434 illa
1514 1394 1635 1437 esse
1663 1391 1810 1451 puto,

241 1480 429 1537 utpote
470 1469 563 1523 Dei
591 1484 774 1538 opera,
807 1485 927 1537 qum
971 1478 1287 1539 potestatem
1332 1473 1448 1540 ejus
1491 1471 1809 1539 ostendant;

240 1571 425 1613 tamen
477 1557 557 1611 vel
603 1559 682 1611 sic
743 1567 923 1613 nostra
972 1559 1339 1628 praestantiora
1378 1568 1433 1615 et
1483 1559 1810 1617 mirabiliora

240 1658 495 1718 05lendo.
530 1657 667 1712 Sunt
712 1657 857 1712 enim
903 1655 1190 1723 dupliciter
1239 1669 1428 1725 magna
1463 1674 1477 1710 :
1510 1656 1653 1725 quod
1697 1670 1818 1711 cum

234 1752 351 1807 sint
399 1758 455 1805 et
485 1748 739 1820 pra-clara
791 1757 845 1803 et
896 1748 1120 1817 majora.
1150 1747 1216 1800 ad
1262 1761 1325 1801 ea
1358 1763 1568 1817 quoque
1616 1748 1822 1801 facilior

239 1848 422 1911 pateat
451 1838 648 1894 aditus.
683 1839 795 1894 Hoc
838 1838 997 1893 etiam
1043 1838 1173 1892 dicit
1200 1837 1442 1892 scribens
1490 1838 1542 1891 in
1583 1836 1821 1907 Epistula

239 1933 307 1987 ad
358 1930 689 1993 Corinthios.
739 1928 851 1982 Nos
896 1928 1116 1982 revelata
1158 1928 1289 1995 facie
1342 1926 1559 1998 gloriam
1614 1927 1822 1981 Domini

236 2023 563 2095 speculamur
595 2021 670 2093 (2.
699 2018 818 2076 Cor.
850 2021 902 2075 5.
922 2021 1064 2089 '18);
1097 2029 1153 2075 et
1178 2035 1285 2073 non
1315 2019 1456 2074 sicut
1496 2020 1705 2092 Moyses
1727 2034 1821 2088 po-

238 2117 402 2172 nebat
428 2115 669 2171 velatncn
693 2128 858 2182 super
885 2113 1072 2166 faciem
1104 2126 1278 2166 suam.
1309 2109 1424 2166 Non
1454 2112 1651 2183 dignati
1674 2123 1818 2178 sunt.

238 2208 434 2277 inquit,
459 2206 534 2260 illi
561 2206 625 2260 iis
646 2204 837 2274 quibus
861 2219 958 2256 nos
980 2202 1177 2272 dignati
1196 2216 1402 2256 sumus.
1422 2202 1663 2268 Quanam
1679 2202 1820 2256 enim

238 2316 299 2355 re
311 2308 436 2355 sunt
448 2298 646 2368 dignati
659 2296 681 2349 ?
696 2296 941 2351 tenebras
953 2295 1193 2350 viderunt
1204 2294 1527 2363 ,caliginem,
1542 2295 1825 2349 audierunt

237 2405 425 2445 vocem
436 2428 449 2441 .
463 2388 567 2444 Sed
583 2399 635 2441 tu
649 2401 859 2456 quoque
874 2401 1056 2440 vocem
1069 2385 1398 2449 audisti.non
1414 2400 1509 2453 per
1519 2385 1795 2455 caliginem
1806 2427 1820 2450 .

239 2481 334 2538 sed
357 2495 452 2548 per
468 2493 683 2534 carnem
703 2495 717 2529 :
737 2493 843 2532 non
868 2476 1010 2533 fuisti
1036 2476 1373 2545 perturbatus
1397 2492 1571 2546 neque
1598 2476 1822 2532 ttttnulttt

237 2572 495 2641 agitatus.
525 2568 619 2624 sed
646 2578 701 2623 et
728 2568 921 2622 stetisti
953 2576 1006 2622 et
1042 2566 1296 2636 loquutus
1321 2582 1380 2621 es
1405 2582 1525 2622 cum
1559 2568 1821 2622 interces-

237 2676 385 2717 sore.
434 2660 643 2730 Alioqui
693 2666 748 2713 ct
790 2658 840 2713 id
889 2659 1030 2729 quod
1076 2674 1183 2713 non
1224 2659 1369 2713 cadit
1411 2660 1512 2715 sub
1550 2670 1821 2729 aspectum

238 2752 477 2823 ostendit
506 2767 601 2821 per
631 2750 883 2806 tenebras
908 2768 921 2803 :
956 2749 1023 2804 Et
1052 2751 1241 2823 caligo,
1276 2751 1466 2821 inquit.
1491 2751 1583 2805 sub
1614 2750 1823 2819 pedibus

237 2843 351 2914 ejus
386 2840 559 2912 (Psnl.
596 2841 682 2895 17.
717 2840 830 2911 10).
860 2838 1013 2895 Tunc
1040 2841 1199 2894 etiam
1229 2840 1403 2894 timuit
1430 2840 1656 2912 Moyses.
1685 2855 1825 2895 nunc

237 2924 419 2988 autem
451 2930 671 2985 nullus:
714 2940 842 2984 tunc
870 2930 1096 3000 populus
1126 2930 1276 2984 stetit
1320 2930 1455 2983 infra
1479 2946 1494 2994 ;
1522 2945 1620 2984 nos
1644 2944 1822 2984 autem

238 3038 347 3077 non
378 3019 537 3082 infra,
562 3021 656 3075 sed
684 3019 817 3073 czulo
861 3018 1189 3087 superiores,
1222 3032 1388 3087 prope
1411 3018 1577 3074 Deum
1610 3029 1665 3072 ut
1694 3016 1820 3083 ﬁlii;

240 3112 335 3167 sed
359 3127 467 3165 non
495 3110 631 3165 sicut
658 3109 886 3180 Moyses.
916 3108 1029 3163 lllic
1050 3118 1167 3163 erat
1187 3108 1479 3172 desertum.
1502 3108 1590 3163 hic
1611 3110 1820 3172 civitas.
1854 3128 1857 3143 ν

241 3214 291 3258 et
324 3202 611 3257 multarunt
642 3199 869 3254 millium
898 3200 1208 3269 angelorum
1237 3209 1448 3254 cattus:
1486 3199 1569 3254 hic
1590 3198 1825 3253 ostendit

240 3294 489 3366 gaudium
516 3303 570 3348 et
596 3292 835 3361 betitiam
868 3306 964 3362 pro
989 3292 1215 3362 caligine
1245 3301 1300 3347 et
1343 3292 1575 3347 tenebris
1599 3302 1654 3350 et
1698 3307 1823 3361 pro-

240 3385 399 3441 cella.
424 3379 785 3437 EtEcrlesiam
816 3383 1269 3451 primogenitorum
1292 3383 1378 3453 qui
1416 3384 1688 3451 conscripti
1707 3390 1823 3436 sunt

242 3479 298 3530 in
324 3475 480 3538 ca’lis,
507 3484 553 3528 et
566 3474 801 3543 judicem
826 3474 1050 3527 omnium
1096 3472 1282 3526 Deum.
1319 3474 1396 3527 Illi
1434 3489 1539 3528 non
1575 3488 1819 3529 accesse-

243 3577 400 3631 runt.
443 3566 537 3621 sed
572 3566 756 3635 procul
802 3572 1088 3631 steterunt,
1119 3574 1173 3619 et
1216 3565 1427 3636 Moyses
1459 3583 1472 3618 :
1521 3581 1615 3620 vos
1643 3575 1821 3620 autem

240 3658 565 3715 accessistis.
596 3657 693 3711 llic
719 3672 813 3711 eos
844 3666 1027 3720 terret,
1051 3656 1267 3712 dicens:
1293 3656 1357 3709 Et
1378 3657 1445 3709 ad
1462 3657 1690 3727 judicem
1713 3673 1822 3710 om-

240 3754 380 3805 m'um
416 3752 580 3806 Deum
601 3768 622 3800 :
664 3769 767 3806 non
795 3753 1100 3806 Iudaeorum
1148 3755 1319 3805 Solum
1347 3763 1400 3806 et
1440 3755 1697 3817 fidelium.
1727 3757 1817 3810 sed

240 3856 293 3899 et
323 3844 481 3897 tutius
514 3842 657 3897 orbis
689 3852 845 3898 terra:
876 3844 1080 3899 sedebit
1105 3843 1294 3899 Judex.
1328 3842 1393 3897 Et
1435 3846 1692 3915 spiritibus
1727 3851 1818 3918 ju-

240 3945 433 3989 storum
480 3935 837 4004 perfectornm.
872 3938 1093 3988 Animas
1125 3935 1252 3990 dicit
1284 3937 1595 4005 proborum.
1638 3936 1701 3989 Et
1726 3936 1818 3991 Te-

242 4026 475 4079 stamenti
514 4025 629 4078 novi
660 4025 986 4078 mediatorem
1032 4023 1242 4091 Iesum,
1272 4038 1316 4079 et
1344 4027 1606 4097 sanguinis
1645 4045 1819 4095 asper-

241 4117 474 4179 sionem;
506 4116 608 4169 boc
627 4126 710 4171 est
743 4117 1133 4186 purgationem.
1160 4117 1346 4172 Melius
1372 4118 1651 4189 loquentem
1672 4136 1821 4187 quam

242 4208 386 4264 Abel.
414 4206 471 4262 Si
509 4209 730 4277 sanguis
775 4208 1027 4277 loquitur.
1054 4208 1222 4263 multo
1265 4215 1431 4279 magis
1474 4212 1596 4264 vivit
1645 4213 1687 4267 is
1732 4212 1820 4281 qui

243 4300 341 4353 luit
363 4300 592 4353 occisus.
615 4300 750 4365 Quid
776 4310 952 4354 autem
978 4301 1251 4369 loquitur?
1282 4300 1351 4354 Et
1372 4303 1602 4371 spiritus,
1629 4302 1822 4373 inquit,

245 4393 468 4459 loquitur
497 4392 761 4459 gemitibus
799 4393 1218 4445 inenarrabilibus
1248 4393 1424 4464 (Rom.
1452 4395 1503 4447 8.
1535 4392 1651 4463 26).
1684 4397 1825 4461 Quo-

245 4482 407 4541 modo
439 4484 710 4553 loquitur?
763 4483 891 4536 Nam
926 4484 1014 4537 ubi
1044 4485 1288 4538 inciderit
1318 4486 1367 4539 in
1396 4496 1626 4539 mentem
1653 4488 1825 4540 since-

246 4591 384 4636 ram.
413 4589 528 4629 eam
557 4576 777 4639 exvitat,
808 4584 859 4630 et
897 4574 1023 4629 facit
1069 4586 1124 4628 ul
1154 4576 1420 4644 loquatur.
1461 4574 1635 4629 Videte
1662 4594 1724 4630 ne
1750 4593 1819 4631 ne-

246 4666 432 4719 cusetis
478 4666 795 4733 loquentem;
824 4667 923 4718 hoc
948 4674 1053 4728 est,
1084 4681 1151 4720 ne
1196 4666 1463 4735 rejiciatis.
1499 4666 1558 4721 Si
1590 4670 1720 4720 enim
1752 4664 1834 4720 illi

248 4772 348 4807 non
376 4753 679 4823 effugerunt.
712 4766 1003 4807 recusantes
1050 4772 1159 4807 eum
1192 4756 1275 4817 qui
1320 4772 1471 4821 super
1515 4767 1699 4809 terram
1743 4762 1823 4813 lo-

247 4845 509 4913 quebatur.
543 4844 838 4909 Quemnam
872 4844 1037 4900 dicit?
1084 4846 1209 4899 Mihi
1240 4847 1445 4900 videtur
1474 4848 1652 4902 dicere
1676 4848 1826 4919 Moy—

250 4950 388 4990 scm.
446 4936 553 4989 lloc
582 4946 663 4988 est
707 4945 883 4990 autem
932 4938 1068 5005 quod
1102 4938 1229 4991 dicit
1258 4957 1270 4990 :
1304 4939 1359 4993 Si
1401 4954 1503 4991 non
1532 4939 1829 5008 effugerunt

248 5025 339 5094 qui
370 5036 685 5078 recusarunt
710 5043 829 5079 eum
874 5028 960 5092 qui
994 5028 1164 5095 legem
1200 5028 1401 5082 ferebat
1432 5030 1483 5081 in
1517 5040 1679 5087 terra,
1706 5044 1825 5082 cum

251 5118 339 5187 qui
368 5132 399 5171 e
438 5117 570 5171 ett-lo
618 5117 719 5171 fert
752 5118 921 5187 legem
972 5120 1242 5185 qllttlllmlo
1288 5121 1689 5174 recusabintus?
1732 5122 1828 5177 llic

252 5218 431 5261 autem
466 5208 698 5261 Ostendit
742 5224 846 5261 1.(111
888 5208 1028 5276 quod
1064 5209 1150 5261 ille
1200 5211 1268 5261 sit
1304 5210 1480 5274 alius;
1512 5211 1689 5265 absit:
1722 5226 1827 5264 non

253 5299 415 5352 alium
465 5310 515 5351 et
541 5299 700 5351 alium
733 5299 984 5360 ostendit,
1006 5299 1096 5353 sed
1126 5300 1265 5368 QUUd
1293 5300 1532 5355 videatur
1559 5304 1828 5362 terribilis,

256 5406 438 5445 vorem
489 5392 740 5444 eminens
783 5407 813 5444 e
849 5392 999 5445 caelo.
1052 5392 1192 5446 ldem
1220 5394 1432 5462 quidem
1461 5403 1540 5446 est
1570 5404 1623 5447 et
1671 5392 1753 5446 hic
1779 5403 1833 5449 et

256 5485 380 5544 ille;
440 5484 525 5537 hic
570 5493 743 5538 autem
776 5494 857 5537 est
890 5485 1142 5539 terribilis
1175 5504 1187 5539 :
1222 5501 1325 5538 non
1351 5486 1490 5540 enim
1525 5486 1653 5541 dicit
1684 5487 1838 5541 diffe-

256 5574 481 5628 rentiam
534 5589 905 5641 personarum.
938 5576 1028 5628 sed
1060 5577 1344 5629 donorum.
1392 5574 1547 5631 Unde
1578 5575 1679 5629 hoc
1707 5594 1836 5633 con—

255 5664 401 5718 stat?
450 5663 525 5716 Ex
570 5664 634 5717 iis
664 5680 781 5732 qua:
822 5664 1096 5734 subjnngit
1126 5683 1137 5717 :
1174 5666 1232 5720 Si
1256 5669 1387 5719 enim
1414 5666 1489 5719 illi
1520 5683 1619 5719 non
1648 5666 1835 5732 elfuge-

261 5767 397 5825 runt,
452 5765 740 5811 recusantes
791 5772 903 5809 eum
934 5758 1019 5828 qui
1074 5774 1222 5826 super
1268 5766 1450 5813 terram
1506 5748 1837 5828 loquebatur;

1026 368 1089 424 ΙΝ
1129 358 1345 425 EPIST.
1389 366 1478 421 AD
1519 363 1878 419 llEBlleOS.
1922 361 2071 417 CAP.
2113 362 2228 419 Xll.
2272 361 2501 417 11011111...
2544 360 2739 416 XXXII

3390 356 3496 416 Si!

1912 465 2072 520 multo
2098 461 2258 532 magis
2299 475 2389 513 nos
2424 460 2510 527 qui
2551 456 2692 510 nobis
2718 456 2782 508 de
2805 454 2942 508 ca'lis
2969 454 3247 520 loquemur:
3290 468 3491 505 aversa-

1914 570 2048 608 ntur.
2087 550 2223 617 Quid
2263 548 2431 619 ergo?
2475 558 2629 601 estne
2658 545 2742 599 hic
2766 544 2905 599 alius
2945 542 3013 596 ab
3044 541 3174 596 illo?
3224 549 3495 610 quomodo

1913 658 2043 713 ergo
2068 640 2228 703 dicit.
2259 638 2417 710 Cujus
2441 653 2539 691 vos:
2582 638 2734 690 movit
2783 644 2969 687 terram
2997 632 3159 687 tunc?
3205 648 3303 687 vox
3348 633 3492 687 cnim

1924 737 2032 800 eius
2057 734 2147 802 qui
2176 732 2323 786 dedit
2354 731 2548 800 legem,
2580 737 2782 781 terram
2820 725 3005 778 movit.
3041 721 3196 777 Nunc
3226 732 3390 776 autem
3414 737 3495 776 rs-

1912 826 2181 897 promittit.
2226 824 2398 877 dicens
2425 838 2443 875 :
2475 821 2654 875 Adhuc
2698 818 2872 883 semel.
2915 827 2961 870 et
3007 832 3100 885 ego
3142 814 3344 868 movebo
3394 829 3495 867 non

1913 920 2079 971 solum
2119 926 2323 975 terram.
2356 914 2443 968 sed
2486 913 2637 966 etiam
2671 909 2875 966 mlum.
2920 906 3275 975 Quodautem,
3319 904 3498 957 Adhuc

1914 1009 2087 1074 semel.
2116 1008 2260 1066 dicit.
2294 1007 2520 1061 declarat
2541 1004 2809 1058 mobilium
2837 1000 3222 1054 translationem
3242 1008 3497 1065 tamquam

1914 1104 2189 1171 factorum.
2204 1097 2484 1161 Tollentur
2504 1110 2633 1164 ergo
2650 1092 2827 1148 omnia
2851 1091 2919 1146 de
2937 1088 3134 1153 medio.
3155 1079 3500 1157 compingen-

1916 1202 2111 1260 turque
2156 1189 2333 1242 omnia
2361 1202 2430 1241 ex
2459 1186 2568 1239 alto
2595 1185 2647 1239 in
2693 1183 2744 1237 id
2789 1180 2931 1251 quod
2961 1189 3045 1235 est
3069 1178 3326 1247 optimum
3356 1194 3369 1230 :
3395 1175 3497 1229 hoc

1915 1281 2056 1333 enim
2086 1274 2168 1331 bis
2191 1278 2349 1332 tacite
2368 1273 2799 1346 significat.Quid
2823 1288 2951 1343 ergo
2971 1271 3143 1335 doles,
3158 1284 3277 1323 cum
3304 1267 3500 1335 pateris

1916 1371 1967 1423 in
2014 1374 2213 1423 mundo
2241 1383 2348 1422 non
2393 1365 2650 1433 manenti.
2678 1380 2799 1419 cum
2822 1362 3077 1432 amiseris
3106 1361 3158 1414 in
3189 1356 3388 1412 mundo
3409 1357 3499 1425 qui

1916 1460 2073 1530 paulo
2097 1468 2216 1529 post
2242 1458 2431 1512 transit
2447 1456 2471 1511 1
2486 1455 2542 1511 Si
2568 1456 2620 1510 in
2640 1453 2921 1525 posteriori
2942 1464 3185 1521 tempore
3203 1448 3385 1503 mundi
3414 1447 3501 1501 fu-

1917 1561 2036 1607 tura
2054 1560 2195 1607 esset
2212 1549 2423 1620 requies
2435 1558 2489 1603 et
2509 1546 2779 1613 remissio,
2808 1555 2935 1599 tunc
2954 1543 3117 1613 afﬂigi
3143 1548 3417 1611 oporteret
3432 1536 3501 1592 ad

1916 1644 2077 1698 linem
2114 1641 2484 1711 aspicientem.
2520 1636 2589 1694 Ut
2620 1644 2879 1700 maneant.
2911 1635 3104 1705 inquit.
3126 1648 3240 1704 quae
3263 1640 3381 1685 sunt
3405 1631 3500 1683 im-

1914 1734 2145 1791 mobilia.
2174 1735 2431 1799 Quaenam
2458 1741 2635 1787 autem
2661 1738 2786 1784 sunt
2814 1726 3147 1783 immobilia?
3180 1725 3401 1781 Futura.

1987 1828 2039 1883 3.
2071 1825 2266 1881 Omnia
2294 1838 2424 1893 ergo
2442 1838 2537 1892 pro
2560 1824 2661 1876 hoc
2685 1828 2997 1890 agatnus.ut
3020 1817 3107 1871 illa
3130 1830 3497 1885 assequamur.

1916 1917 2022 1972 illis
2051 1924 2109 1971 ut
2134 1914 2375 1969 fruamur
2402 1912 2575 1967 bonis.
2609 1911 2790 1976 Certe,
2816 1924 2945 1979 rogo
2976 1918 3031 1963 et
3054 1908 3300 1971 obsecro.
3327 1907 3379 1961 in
3402 1904 3503 1961 hoc

1917 2012 2153 2065 studium
2201 2020 2479 2079 ponamus.
2510 2005 2565 2060 In
2588 2005 2802 2060 civitate
2827 2017 2945 2071 qua:
2986 2012 3070 2056 est
3114 2000 3315 2054 ruitura
3349 2013 3503 2052 nemo

1918 2100 2169 2156 tediflcat.
2200 2099 2293 2153 Dic
2321 2096 2472 2162 mibi.
2500 2110 2648 2165 rogo.
2679 2095 2722 2148 si
2768 2094 2884 2161 quis
2913 2092 3116 2146 diceret
3144 2090 3257 2145 fore
3304 2100 3361 2143 ut
3390 2088 3511 2142 hmo

1916 2195 2105 2250 civitas
2129 2202 2457 2262 postannum
2480 2198 2728 2251 corruat;
2756 2186 2839 2240 illa
2866 2201 2992 2239 vero
3012 2198 3322 2253 numquam,
3340 2182 3503 2236 :edifi-

1918 2299 2142 2342 caresne
2165 2284 2217 2338 in
2241 2298 2302 2339 ea
2329 2298 2445 2353 quzr
2467 2290 2549 2337 est
2564 2282 2767 2335 ruitura
2782 2278 2806 2319 ν
2825 2278 3184 2345 Quamobrem
3205 2291 3346 2330 nunc
3368 2290 3503 2346 quo-

1920 2393 2026 2449 que
2041 2378 2195 2432 dico:
2225 2375 2300 2431 Ne
2322 2374 2647 2429 tedificemus
2674 2372 2724 2424 in
2749 2370 2850 2424 hoc
2871 2368 3071 2424 mundo
3096 2387 3107 2419 :
3138 2367 3332 2422 cadent
3352 2367 3504 2433 paulo

1920 2480 2043 2542 post
2063 2479 2116 2526 et
2147 2470 2394 2539 peribunt
2414 2467 2612 2520 omnia.
2632 2464 2769 2532 Quid
2796 2478 2925 2517 vero
2950 2462 3093 2521 dico.
3123 2461 3353 2517 casura?
3382 2470 3509 2513 ante

1924 2564 2043 2631 ejus
2085 2561 2293 2615 ruinam
2327 2573 2424 2612 nos
2460 2557 2753 2627 peribimus
2805 2562 2860 2608 et
2880 2554 3061 2624 gravia
3092 2554 3379 2623 patiemur.
3410 2564 3509 2607 nos

1921 2668 1986 2709 ex
2034 2652 2163 2721 ipsis
2192 2649 2535 2705 excedemus.
2565 2647 2672 2702 Cur
2698 2646 3023 2700 tedilicamns
3054 2658 3215 2712 super
3243 2643 3505 2697 arenam?

1997 2744 2165 2799 Terra:
2182 2754 2348 2798 motus
2393 2739 2837 2810 condagrationes.
2857 2737 3079 2790 hostium
3106 2735 3497 2798 irruptiones.—

1924 2835 2277 2892 Edificentus
2303 2849 2465 2901 supra
2496 2846 2702 2904 petram
2726 2834 2939 2907 (Matth.
2958 2836 3013 2890 7.
3047 2832 3176 2905 27):
3204 2850 3325 2890 nam
3353 2831 3509 2903 quid-

1923 2926 2048 2997 quid
2078 2926 2313 2991 irruerit.
2339 2925 2477 2979 dirui
2520 2940 2624 2979 non
2655 2926 2849 2994 poterit
2876 2924 3005 2980 illud
3035 2924 3341 2992 aedilicium.
3375 2924 3505 2980 nihil

1921 3018 1975 3073 id
2005 3027 2179 3088 potest
2203 3032 2542 3087 expugnare;
2590 3028 2645 3072 et
2666 3016 2859 3072 merito
2892 3036 2905 3071 :
2939 3034 3063 3072 nam
3110 3018 3175 3074 ad
3229 3019 3377 3074 illum
3431 3020 3504 3074 lo-

1921 3124 2041 3164 cum
2091 3109 2253 3164 nullis
2302 3107 2511 3163 insidiis
2559 3116 2705 3178 patet
2752 3109 2947 3176 aditus.
2996 3110 3135 3165 sicut
3178 3118 3363 3163 contra
3421 3109 3506 3163 hic

1924 3209 2068 3269 patet
2094 3198 2364 3254 invadenti
2397 3218 2410 3253 :
2456 3214 2579 3253 nam
2620 3208 2675 3254 et
2714 3208 2871 3254 terra:
2914 3210 3092 3255 motus
3119 3211 3172 3256 et
3210 3200 3501 3272 conflagra-

1920 3291 2099 3347 tiones
2121 3300 2173 3344 et
2203 3290 2436 3346 hostium
2479 3292 2826 3358 irruptiones.
2872 3290 2987 3345 hate
3023 3293 3182 3346 etiam
3225 3306 3321 3347 nes
3351 3291 3504 3347 vivos

1923 3384 2135 3453 privant
2160 3384 2261 3437 isto
2288 3383 2541 3448 aedilicio,
2570 3398 2713 3452 smpe
2741 3398 2919 3438 autem
2953 3384 3114 3438 etiam
3161 3400 3282 3437 eum
3309 3400 3374 3438 eo
3406 3400 3503 3439 nos

1920 3474 2171 3543 perdunt.
2219 3474 2443 3541 Quando
2483 3484 2659 3528 autem
2704 3475 2877 3543 ipsum
2911 3477 3071 3529 etiam
3118 3475 3347 3538 steterit.
3380 3486 3505 3529 tunc

1920 3583 2020 3624 nos
2045 3579 2137 3622 aut
2166 3571 2384 3622 morbus
2407 3569 2515 3624 cito
2543 3569 2779 3628 abducit.
2813 3580 2902 3623 aut
2931 3580 3213 3625 tumentes
3244 3587 3349 3623 non
3379 3570 3505 3625 sinit

1921 3676 1987 3715 eo
2015 3671 2160 3715 recte
2190 3660 2289 3715 frui
2320 3678 2335 3714 :
2366 3676 2610 3730 quamam
2643 3664 2785 3717 enim
2814 3674 2899 3716 cst
2934 3662 3204 3730 Voluptas.
3244 3662 3335 3718 ubi
3381 3674 3502 3716 sunt

1921 3751 2115 3810 morbi.
2144 3759 2199 3805 et
2225 3751 2531 3814 ealutnnite.
2563 3760 2618 3806 et
2662 3752 2883 3815 invidia.
2932 3762 2986 3805 ct
3036 3752 3285 3806 insidiaz?
3327 3755 3431 3807 Aut
3461 3753 3505 3807 si

1922 3842 2024 3897 hoc
2065 3858 2169 3895 non
2211 3841 2319 3908 sit,
2352 3858 2495 3910 smpe
2535 3842 2778 3897 dolemus
2825 3856 2879 3898 et
2924 3860 3065 3914 a‘grc
3096 3844 3315 3899 ferimus
3364 3847 3505 3917 quod

1921 3933 2122 3987 liberos
2166 3947 2271 3987 non
2320 3933 2717 4002 susceperimus
2746 3976 2761 3998 .
2817 3950 2920 3988 non
2974 3934 3237 3989 habentes
3286 3937 3370 3990 cui
3410 3952 3506 3992 no-

1920 4035 2061 4079 stras
2088 4023 2280 4077 domos
2309 4033 2610 4092 (δίεισι-11111111
2640 4024 2942 4087 tradamus;
2983 4035 3037 4077 ct
3074 4025 3269 4080 deinde
3300 4025 3513 4080 crucia-

1920 4132 2040 4170 mur
2063 4116 2203 4185 qund
2239 4116 2542 4169 laboremus
2568 4117 2710 4171 aliis.
2730 4118 2883 4186 Sa'pc
2904 4125 3083 4171 autem
3116 4120 3276 4172 etiam
3308 4118 3373 4171 ad
3406 4134 3504 4173 no-

1920 4218 2062 4263 stros
2094 4208 2338 4262 inimicos
2367 4220 2545 4262 nostra
2580 4210 2819 4278 pervenit
2872 4209 3162 4279 hereditas,
3198 4226 3301 4263 non
3332 4210 3505 4265 solum

1921 4314 2041 4353 cum
2076 4313 2173 4352 nos
2198 4300 2613 4365 excesserimus.
2634 4299 2727 4354 sed
2749 4299 2909 4354 etiam
2936 4301 3090 4355 nobis
3117 4302 3291 4355 adhuc
3322 4302 3505 4356 viven-

1923 4393 2081 4447 tibus.
2106 4392 2241 4459 Quid
2270 4408 2398 4462 crgo
2416 4403 2499 4447 est
2521 4394 2766 4448 miserius
2786 4410 2943 4464 quam
2973 4394 3219 4449 laborare
3248 4396 3502 4461 inimicis.

1917 4493 1969 4539 et
2012 4492 2069 4537 ut
2100 4484 2174 4537 illi
2206 4484 2257 4537 in
2286 4486 2465 4552 quiete
2491 4485 2720 4555 degant,
2750 4486 2852 4540 sibi
2905 4497 3122 4555 peccata
3176 4490 3505 4557 cottgerere?

1921 4578 2089 4645 llujus
2117 4579 2190 4632 rei
2220 4578 2382 4631 multa
2415 4579 2653 4647 exempla
2684 4588 2976 4633 cernuntur
3006 4581 3057 4634 in
3086 4581 3429 4647 civitatibus;
3453 4590 3505 4635 et

1921 4678 2095 4731 taceo.
2151 4684 2217 4723 ne
2278 4668 2520 4723 molestia
2566 4671 2793 4724 alliciam
2835 4686 2927 4724 cos
2954 4676 3041 4740 qui
3095 4685 3219 4727 sunt
3277 4672 3505 4739 privati;

1918 4760 2179 4829 quosdam
2210 4775 2273 4814 ex
2307 4760 2384 4813 eis
2417 4761 3001 4823 nominatimdicerem.
3026 4774 3081 4817 et
3110 4764 3270 4817 multa
3298 4780 3505 4833 possem

1922 4866 2158 4911 narrare.
2184 4861 2234 4904 et
2264 4850 2457 4904 multas
2483 4852 2632 4904 vobis
2658 4850 2846 4906 domos
2876 4854 3181 4912 ostendere.
3207 4870 3324 4923 quin
3346 4870 3503 4909 acce-

1922 4952 2113 5011 perunt
2145 4942 2387 4996 dominos
2424 4945 2671 4998 inimicos
2696 4960 2881 4998 eorum
2911 4947 3000 5014 qui
3044 4946 3174 5000 iuiis
3192 4945 3511 5001 fabricandis

1919 5043 1972 5087 et
2003 5034 2257 5088 ornandis
2286 5034 2809 5089 laboraverantznou
2831 5037 3003 5090 solum
3034 5049 3211 5092 autem
3230 5040 3392 5103 mdes,
3413 5045 3502 5092 sed

1919 5134 1973 5177 ct
2004 5125 2264 5191 mancipia
2293 5134 2346 5179 et
2376 5134 2485 5179 tota
2510 5141 2651 5195 smpe
2681 5128 2947 5180 hereditas
2978 5131 3302 5196 pert-enitad
3334 5131 3505 5182 inimi-

1924 5240 2037 5281 cos.
2069 5224 2224 5278 Tales
2247 5235 2371 5277 sunt
2392 5239 2478 5277 res
2504 5227 2768 5277 humante.
2798 5224 2853 5277 ln
2880 5224 3026 5277 ctelis
3059 5232 3236 5276 autem
3270 5223 3399 5275 nihil
3424 5234 3507 5276 est

1921 5318 2110 5372 1111111111
2145 5316 2286 5385 quod
2318 5316 2586 5379 verearis;
2629 5332 2821 5383 nempe
2871 5331 2939 5369 ne
2966 5330 3088 5368 cum
3132 5315 3230 5368 iste
3257 5314 3504 5368 decesse-

1920 5409 2019 5471 rit.
2066 5406 2205 5461 alius
2255 5407 2433 5459 veniat
2478 5406 2744 5470 inimicus.
2794 5418 2847 5459 et
2897 5405 3150 5459 succedat
3194 5404 3501 5482 ltereditati.

1918 5496 2051 5552 Nam
2085 5512 2257 5566 neque
2286 5513 2430 5551 mors
2459 5506 2541 5551 est
2574 5497 2701 5562 illic,
2734 5513 2831 5552 nec
2864 5496 3192 5561 initnicitim;
3226 5498 3338 5551 511111
3382 5510 3510 5551 sunt

1922 5597 2233 5643 sanctorum
2282 5587 2670 5641 tabernacula:
2706 5589 2757 5641 in
2806 5588 2911 5641 illis
2960 5597 3139 5641 autem
3186 5587 3383 5640 sanctis
3426 5596 3501 5640 est

1919 5680 2227 5746 exsultatio,
2259 5680 2537 5750 gaudium,
2571 5680 2754 5733 laetitia
2786 5696 2799 5735 :
2842 5678 2953 5732 Vox
2997 5680 3164 5744 enim,
3198 5679 3369 5747 inquit
3419 5694 3503 5730 rx-

1914 5772 2208 5827 :aftationis
2262 5780 2331 5825 est
2380 5772 2429 5825 li:
2473 5771 2809 5825 tabcrnacutis
2856 5771 3107 5832 iustorum
3156 5769 3324 5841 (Paul.
3383 5771 3502 5825 117.
