4062 6438
221 448 287 503 οὐ
316 445 426 514 γάρ
463 443 579 496 ἐστι
610 459 663 494 τι
706 440 945 513 φθαρτὸν
977 438 1098 492 ούδέ
1155 437 1421 509 ἐπίκηρον
1471 437 1605 499 ἐκεῖ,
1664 432 1801 487 ἀλλά

222 528 409 582 πάντα
428 525 674 579 ἀθάνατα
699 526 793 577 καὶ
813 523 1086 593 ἀκήρατα.
1124 518 1334 573 Οὐκοῦν
1366 516 1695 586 κενώσωμεν
1718 515 1800 576 είς

215 608 429 679 ταύτην
457 608 555 678 τήν
587 606 878 676 οἰκοδομὴν
904 604 974 657 τὰ
1012 602 1273 673 χρήματα
1297 614 1310 628 ·
1348 600 1411 654 ού
1466 599 1548 652 δεῖ
1607 597 1800 651 τεκτό-

217 708 335 745 νων
390 684 545 759 ἡμῖν,
600 687 721 740 ούδέ
775 684 1025 756 ἐργατῶν
1057 701 1071 714 ο
1109 684 1166 736 αί
1188 681 1295 735 τῶν
1343 683 1592 746 πενήτων
1620 680 1801 751 χεῖρες

216 772 326 835 τάς
375 770 633 831 τοιαύτας
672 765 1049 837 οἰκοδομοῦσιν
1103 764 1304 827 οίκίας,
1330 763 1381 815 οί
1409 761 1595 832 χωλοὶ,
1624 760 1676 812 οί
1702 775 1801 811 τυ-

221 852 376 923 φλοὶ,
411 854 461 905 οί
491 851 766 920 ἀνάπηροι
792 864 805 878 '
836 843 983 903 οὗτοι
1039 846 1256 907 ἐκείνας
1286 846 1385 907 τὰς
1440 843 1617 906 οἰκίας
1646 843 1795 895 οίκο-

220 933 475 1006 δομοῦσι.
510 933 622 987 Καὶ
652 932 728 1001 μὴ
760 929 1073 999 θαυμάσῃς,
1126 928 1263 980 ὅπου
1289 943 1353 993 γε
1377 926 1471 980 καὶ
1520 923 1801 1006 βασιλείαν

218 1005 360 1089 ἡμῖν
388 1009 536 1069 οῦτοι
566 1011 911 1082 προξενοῦσι,
937 1011 1034 1064 καὶ
1061 1008 1375 1079 παρρησίαν
1426 1008 1560 1078 ἡμῖν
1590 1005 1800 1061 διδόασι

222 1099 365 1171 πρὸς
389 1097 481 1150 τὸν
509 1094 665 1150 Θεόν.

307 1180 375 1232 'Il
400 1177 509 1249 γὰρ
552 1173 892 1247 ἐλεημοσύνη
925 1174 1089 1244 τέχνη
1120 1171 1205 1236 τίς
1231 1173 1379 1226 ἐστιν
1432 1170 1653 1244 ἀρίστη,
1703 1168 1801 1223 καὶ

222 1263 527 1335 προστάτις
554 1260 663 1312 τῶν
693 1257 1078 1329 ἐργαζομένων
1100 1256 1271 1325 αὑτήν
1290 1272 1303 1285 ’
1334 1250 1801 1335 φαηγάρτῷοεῷ

227 1330 384 1417 [Ξ99]
397 1345 534 1406 ἐστι,
552 1342 648 1396 καὶ
668 1340 894 1409 πλησίον
913 1338 1143 1406 ἕστηκεν
1157 1336 1343 1401 αὐτοῦ,
1361 1336 1502 1405 ὑπὲρ
1514 1330 1588 1389 ὧν
1601 1334 1668 1389 ἂν
1684 1332 1801 1403 βού-

220 1424 409 1493 ληται,
438 1422 677 1484 εὐκόλως
700 1420 926 1473 αίτοῦσα
949 1420 1130 1488 χάριν,
1151 1418 1317 1489 μόνον
1342 1418 1409 1472 ἀν
1441 1417 1517 1487 μὴ
1541 1417 1799 1485 ἀδικῆται

223 1509 359 1576 παρ’
384 1505 540 1576 ήμῶν
564 1522 578 1534 ο
602 1503 869 1557 ἀδικεῖται
887 1502 967 1567 δέ,
989 1501 1119 1554 ὅταν
1139 1499 1201 1563 ἐξ
1222 1498 1483 1569 ἁρπαγῆς
1504 1498 1676 1567 αὑτήν
1702 1500 1799 1570 ἐρ-

222 1587 528 1657 γαζώμεθα
552 1601 567 1615 ο
589 1584 667 1647 ῶς
710 1584 806 1637 ἐὰν
902 1580 1140 1651 καθαρὰ,
1175 1579 1376 1651 πολλὴν
1404 1581 1519 1643 τοῖς
1547 1579 1800 1649 ἀναπέμ-

225 1686 427 1724 πουσιν
453 1667 623 1736 αὐτὴν
654 1664 839 1718 δίδωσι
864 1662 964 1732 τὴν
994 1662 1333 1735 παρρησίαν.
1357 1661 1607 1729 Τοσαύτη
1628 1662 1799 1729 αὐτῆς

224 1753 261 1822 ή
294 1752 472 1820 ἰσχὺς,
496 1749 579 1802 δτι
607 1747 701 1800 καὶ
741 1746 882 1816 ὺπέρ
917 1743 1443 1816 προσκεκρουκότων
1477 1740 1672 1806 δεῖται,
1706 1744 1799 1794 καὶ

226 1832 372 1904 ὑπὲρ
421 1828 844 1903 ἡμαρτηκότων.
900 1826 1053 1896 Αὕτη
1098 1825 1462 1897 διαρῤήγνυσι
1489 1824 1558 1877 τά
1586 1823 1796 1894 δεσμά,

225 1913 346 1967 λύει
366 1912 427 1967 τὸ
460 1913 674 1977 σκότος,
716 1910 969 1964 σϐέννυσι
990 1908 1055 1963 τὸ
1086 1906 1221 1979 πῦρ,
1253 1908 1480 1962 θανατοῖ
1508 1906 1600 1959 τὸν
1654 1907 1799 1959 σκώ-

225 1996 395 2065 ληκα,
449 1993 745 2047 ἀπελαύνει
776 1993 868 2045 τδν
896 1990 1006 2045 τῶν
1058 1990 1286 2045 ὀδόντων
1320 1988 1565 2059 βρυγμόν
1589 2005 1603 2019 ο
1628 1987 1801 2059 ταύτῃ

228 2078 371 2146 μετά
399 2074 600 2145 πολλῆς
638 2075 819 2137 ἀδείας
850 2073 1158 2141 ἀνοίγονται
1194 2071 1302 2124 τῶν
1336 2070 1581 2141 οὐρανῶν
1610 2070 1667 2124 αί
1693 2070 1799 2121 πύ-

224 2158 340 2213 λαι.
363 2158 475 2213 Καὶ
497 2156 685 2226 ὥσπερ
719 2155 987 2227 βασιλίδος
1011 2154 1288 2223 εἰσιούσης
1330 2152 1504 2217 οὐδεὶς
1538 2151 1801 2223 τολμήσει

224 2241 339 2295 τῶν
364 2239 618 2308 φυλάκων
644 2238 754 2291 τῶν
773 2240 867 2291 ἐπὶ
894 2240 1013 2302 ταῖς
1035 2237 1227 2308 θύραις
1241 2237 1594 2306 τεταγμένων
1610 2233 1798 2299 ἐξετά-

228 2340 323 2377 σαι
348 2324 434 2386 τίς
449 2323 534 2391 εῖη
558 2322 652 2374 καὶ
684 2321 869 2384 πόθεν,
902 2319 1041 2373 ἀλλά
1065 2318 1265 2382 πάντες
1293 2317 1497 2382 εὐθέως
1514 2317 1803 2387 ὑποδέχονο

224 2420 318 2457 ται
334 2419 349 2435 ο
380 2401 525 2457 οὕτω
538 2402 602 2473 δή
626 2402 723 2455 καὶ
734 2401 832 2471 τὴν
849 2399 1220 2472 ἐλεημοσύνην
1237 2416 1250 2429 ⁸
1271 2399 1483 2470 βασιλὶς
1519 2400 1630 2469 γάρ
1652 2399 1800 2452 ἐστιν

225 2488 422 2549 δντως,
461 2486 681 2556 ὁμοίους
726 2482 1048 2553 ἀνθρώπους
1108 2481 1341 2537 ποιοῦσα
1381 2481 1520 2551 Θεῷ.
1542 2483 1802 2536 Ἔσεσθε

226 2569 361 2638 γὰρ,
397 2570 581 2636 φησιν,
603 2567 992 2635 οἰκτίρμονες.
1030 2566 1112 2633 ὡς
1139 2568 1174 2620 δ
1202 2564 1407 2634 Πατὴρ
1432 2562 1603 2634 ὑμῶν
1629 2568 1662 2619 ό
1696 2566 1801 2618 οὐ·

219 2649 441 2720 ράνιος
501 2650 816 2715 οἰκτίρμων
866 2649 1063 2703 ἐστίν.
1120 2648 1455 2719 ’Υπόπτερός
1519 2650 1637 2703 ἐστι
1707 2648 1802 2701 καὶ

229 2732 435 2801 κούφη,
492 2732 773 2799 πτέρυγας
818 2731 1016 2801 ἔχουσα
1070 2733 1299 2802 χρυσᾶς,
1348 2731 1550 2800 πτῆσιν
1604 2731 1801 2801 ἔχουσα

230 2817 377 2869 πάνυ
432 2814 741 2887 τέρπουσαν
771 2815 893 2876 τοὺς
925 2814 1209 2883 ἀγγέλους.
1248 2814 1417 2879 Ἐκεῖ,
1465 2814 1598 2883 φησὶ
1618 2852 1634 2878 ,
1658 2813 1802 2868 Πτέ-

220 2914 410 2966 ρυγες
438 2894 791 2973 τςεριστερᾶς
858 2896 1419 2966 περιηργιορωμέναι,
1470 2896 1570 2949 καὶ
1603 2895 1675 2949 τά
1698 2914 1801 2965 μευ

230 2979 497 3048 τάφρενα
532 2979 722 3046 αὐτῆς
747 2980 819 3032 ἐν
844 2981 1171 3048 χλωρότητι
1216 2982 1495 3048 χρυσίου.
1532 2980 1801 3052 Καθάπερ

233 3065 346 3131 γὰρ
403 3063 708 3131 περιστερά
754 3079 841 3124 τις
904 3062 1080 3133 χρυσῆ
1141 3062 1235 3114 καὶ
1294 3060 1483 3125 ζῶσα,
1540 3062 1801 3127 πέταται,

230 3145 389 3215 ϐμμα
447 3143 719 3214 προσηνὲς
778 3144 1009 3213 ἔχουσα,
1058 3144 1338 3215 ὀφθαλμὸν
1398 3145 1625 3214 ἥμερον.
1700 3146 1806 3197 UO-

229 3229 323 3281 δέν
379 3225 475 3279 τοῦ
526 3224 807 3295 ὀφθαλμοῦ
867 3226 1078 3278 ἐκείνου
1144 3226 1369 3296 βέλτιον.
1443 3226 1623 3289 Καλός
1689 3228 1803 3280 ἐστι

239 3310 333 3362 καὶ
369 3309 400 3360 ὀ
449 3306 638 3369 ταὼς,
699 3307 837 3360 ἀλλά
892 3308 1028 3379 πρὸς
1089 3308 1305 3378 ἐκείνην
1365 3308 1572 3371 κολοιός
1624 3311 1801 3361 ἐστιν·

237 3392 411 3453 οὕτως
455 3392 488 3458 ή
544 3389 692 3460 ὅρνις
751 3389 891 3459 αῦτη
945 3390 1085 3461 καλή
1145 3391 1229 3452 τίς
1276 3392 1391 3443 ἐστι
1448 3391 1541 3442 καὶ
1595 3390 1806 3459 θαυμα-

238 3474 359 3542 στή.
401 3473 545 3525 ’Δνω
578 3473 664 3525 διὰ
701 3473 899 3537 παντὸς
923 3474 1049 3543 ὁρᾷ,
1072 3472 1238 3543 πολλῇ
1284 3471 1380 3524 τοῦ
1413 3471 1546 3525 Θεοῧ
1582 3475 1649 3543 τῇ
1679 3472 1803 3544 δόξῃ

238 3555 717 3626 περιστοιχίζεταιο
736 3555 1003 3625 παρθένος
1026 3556 1142 3609 ἐστὶ
1158 3557 1436 3626 πτέρυγας
1453 3554 1651 3624 ἔχουσα
1676 3573 1805 3625 χρυ-

240 3641 361 3701 σᾶς,
390 3638 848 3709 περιεσταλμένη,
876 3639 1066 3692 λευκὸν
1096 3640 1387 3710 πρόσωπον
1450 3638 1650 3709 ἔχουσα
1708 3638 1805 3691 καὶ

237 3722 445 3790 ἥμερον
463 3736 477 3749 ·
508 3721 812 3790 ύπόπτερός
835 3724 950 3774 ἐστι
978 3721 1068 3774 καὶ
1104 3720 1303 3791 κούφη,
1330 3722 1481 3791 παρά
1505 3722 1597 3775 τὸν
1616 3721 1804 3791 θρόνον

238 3804 453 3856 ἑστῶσα
476 3802 565 3855 τὸν
599 3802 897 3872 βασιλικόν.
936 3804 1103 3856 Ὅταν
1156 3804 1489 3873 κρινώμεθα,
1518 3805 1671 3873 ἄφνω
1710 3806 1804 3873 ἐφ-

243 3886 468 3937 ίπταται
498 3886 593 3938 καὶ
632 3887 903 3953 φαίνεται,
934 3886 1028 3939 καὶ
1066 3884 1361 3955 ἐξαιρεῖται
1385 3886 1485 3954 τῆς
1532 3886 1805 3949 κολάσεως

236 3970 407 4036 ἡμᾶς,
436 3970 556 4031 ταῖς
608 3968 778 4037 αὐτῆς
829 3968 1056 4037 πτέρυξι
1101 3967 1523 4039 περιϐάλλουσα.
1586 3969 1801 4037 Ταύτην

237 4050 382 4100 θέλει
410 4051 438 4101 ό
467 4048 599 4113 Θεὸς
632 4039 863 4118 μᾶλλον,
901 4049 933 4119 ἦ
970 4049 1164 4113 θυσίας
1194 4067 1207 4081 ο
1237 4050 1407 4103 πολλὰ
1457 4053 1587 4120 περὶ
1632 4051 1802 4119 αὐτῆς

236 4132 545 4199 διαλέγεται
562 4147 578 4161 ·
601 4130 774 4194 οὕτως
798 4132 969 4200 αὐτὴν
987 4131 1151 4199 φιλεῖ.
1184 4132 1387 4199 Χήραν
1411 4133 1508 4186 καὶ
1537 4133 1803 4199 ὀρφανὸν

240 4214 338 4266 καὶ
387 4213 636 4279 πένητα,
668 4216 852 4282 φησὶν,
890 4213 1289 4281 ἀναλήψεται.
1325 4215 1445 4265 Ἀπ’
1480 4214 1652 4283 αὐτῆς
1710 4232 1799 4281 φι-

241 4296 325 4346 λεῖ
341 4293 618 4346 καλεῖσθαι
636 4297 664 4347 ὀ
678 4295 809 4357 Θεός
832 4312 844 4324 ο
880 4297 1205 4364 Οικτίρμων
1224 4297 1323 4350 καί
1348 4296 1618 4363 ἐλεήμων
1638 4299 1671 4350 ό
1689 4298 1802 4349 Κύ-

234 4392 385 4443 ρθος,
433 4377 647 4442 φησὶνό
678 4376 860 4437 Δαυῒδ,
902 4379 1283 4447 μακρόθυμος
1328 4379 1425 4430 καί
1464 4378 1801 4443 πολυέλεος

240 4459 337 4511 καὶ
355 4458 670 4523 ἀληθινός·
692 4460 785 4512 καὶ
813 4459 971 4513 πάλιν
1003 4460 1206 4529 ἕτερος,
1230 4462 1442 4526 Ἔλεος
1488 4460 1595 4514 τοῦ
1652 4461 1807 4515 Θεοῦ

238 4540 336 4593 ἐπὶ
363 4536 571 4595 πᾶσαν
606 4539 722 4607 τὴν
760 4540 896 4610 γῆν.
949 4542 1095 4613 Αὕτη
1138 4544 1198 4595 τὸ
1229 4544 1338 4595 τῶν
1385 4542 1683 4613 ἀνθρώπων
1711 4546 1802 4611 γέ-

237 4630 326 4683 νος
378 4620 676 4673 διέσωσεν·
710 4624 759 4675 εί
815 4623 922 4693 γὰρ
978 4623 1052 4694 μὴ
1104 4625 1336 4695 ήλέησεν
1393 4628 1595 4694 ήμᾶςό
1630 4628 1800 4691 Θεὸς,

241 4706 420 4758 πάντα
434 4704 500 4757 ἂν
526 4704 800 4757 ἀπόλωλεν
833 4723 846 4735 ·
881 4704 1018 4775 αὓτη
1052 4706 1277 4775 ἐχθροὺς
1300 4709 1447 4777 ἡμᾶς
1471 4708 1630 4771 ὄντας
1671 4727 1804 4761 κατ-

239 4784 489 4857 ήλλαξεν,
540 4785 677 4854 αῦτη
700 4787 767 4839 τά
794 4789 960 4858 μυρία
998 4788 1179 4856 ἀγαθὰ
1212 4791 1523 4857 εἰργάσατο,
1550 4791 1688 4860 αῦτη
1710 4792 1803 4845 τὸν

241 4860 368 4928 Υίδν
401 4866 495 4922 τοῦ
520 4867 655 4921 Θεοῦ
688 4869 871 4923 ἔπεισε
915 4870 1099 4922 δοῦλον
1147 4873 1405 4938 γενέσθαι
1436 4874 1529 4925 καὶ
1562 4874 1800 4927 κενῶσαι

928 328 997 384 IN
1034 325 1256 384 EPIST.
1301 326 1391 381 AD
1428 322 1787 381 HEBREOS.
1827 321 1980 376 CAP.
2021 319 2141 375 XII.
2181 317 2435 377 IIOMIL.‘
2463 319 2683 377 XXXII.

3371 320 3484 379 22ιέ

1903 431 2116 485 ἐαυτόν.
2144 430 2362 502 Ταύτην
2379 432 2739 503 ζηλώσωμεν,
2762 432 3058 502 ἀγαπητοὶ,
3081 432 3149 485 δι’
3178 427 3248 503 ἧς
3268 431 3483 503 ἐσώθη-

1915 530 2015 583 μεν
2036 529 2050 544 ·
2072 512 2222 585 [500]
2255 514 2462 585 ταύτην
2507 515 2905 584 ἀγαπήσωμεν,
2944 514 3150 585 ταύτην
3183 515 3485 586 χρημάτων

1913 596 2470 666 προτιμήσωμεν,καὶ
2498 596 2667 666 γωρὶς
2682 595 2984 665 χρημάτων
3014 594 3193 666 ψυχήν
3212 596 3485 665 ἐλεήμονα

1904 675 2139 747 ἐχωμεν.
2177 678 2346 730 Οὺδέν
2374 676 2519 730 οὕτω
2570 676 3076 747 χαρακτηριστικδν
3125 677 3481 747 Χριστιανοῦ,

1902 761 1979 823 ὼς
2020 758 2359 830 ἐλεημοσύνη
2378 776 2393 791 ·
2426 758 2579 814 ούδέν
2608 758 2753 812 οὕτω
2776 761 2870 812 καὶ
2904 758 3128 813 ἀπιστοι
3148 760 3243 813 καὶ
3275 761 3484 825 πάντες

1902 842 2294 913 θαυμάζουσιν,
2313 844 2389 906 ὡς
2408 844 2536 896 ὅταν
2565 842 2828 911 ἐλεῶμεν.
2886 841 3164 912 Πολλαχοῦ
3232 843 3342 913 γάρ
3389 844 3485 897 καὶ

1902 927 2064 996 ἡμεῖς
2095 925 2328 994 δεόμεθα
2359 924 2456 978 τοῦ
2484 924 2672 988 ἐλέους
2700 924 2917 988 τούτου,
2942 926 3039 978 καὶ
3068 925 3206 995 πρὸς
3231 926 3327 979 τὸν
3352 925 3485 979 Θεὸν

1902 1009 2025 1063 καθ’
2066 1009 2304 1077 ἐκάστην
2340 1009 2575 1077 λέγομεν
2596 1024 2610 1040 ·
2657 1006 2824 1061 Κατά
2856 1007 2926 1062 τό
2968 1008 3124 1077 μέγα
3160 1022 3278 1062 σου
3311 1008 3486 1074 ἕλεος

1903 1090 2164 1158 ἐλέησον
2179 1088 2359 1159 ἡμᾶς.
2380 1090 2653 1161 Πρότερον
2684 1090 2841 1144 αὐτοὶ
2860 1090 3159 1161 ἀρχώμεθα
3174 1109 3188 1121 ’
3214 1090 3413 1160 μᾶλλον
3428 1091 3485 1144 δέ

1900 1174 2002 1228 οὐκ
2015 1173 2299 1245 ἀρχόμεθα
2314 1174 2598 1245 πρότερονο
2620 1172 2718 1226 καὶ
2737 1172 2847 1243 γάρ
2867 1173 3027 1236 αὐτὸς
3043 1173 3143 1243 ήδη
3174 1173 3486 1240 ἐπεδείξατο

1900 1257 1992 1309 τὸν
2006 1256 2155 1309 ἔλεον
2183 1255 2347 1308 αὐτοῦ
2366 1255 2457 1308 τὸν
2486 1254 2618 1326 περὶ
2650 1255 2824 1325 ήμᾶς.
2863 1253 3027 1319 Ἀλλ’,
3054 1256 3352 1326 ἀγαπητοὶ,
3380 1254 3485 1309 κᾶν

1902 1338 2146 1410 δεύτεροι
2186 1336 2468 1407 ἐπώμεθα.
2502 1337 2565 1389 EI
2600 1337 2710 1405 γὰρ
2740 1335 3021 1407 ἄνθρωποι
3051 1337 3143 1390 τὸν
3176 1338 3444 1407 ἐλεήμονα
3466 1379 3480 1399 ,

1903 1421 2007 1474 κᾶν
2032 1422 2202 1491 μυρία
2228 1420 2531 1490 ἐργάσηται
2561 1420 2779 1491 άμαρτή
2790 1436 2955 1489 ματα,
3019 1419 3266 1474 ἐλεοῦσι·
3300 1420 3484 1489 πολλῷ

1912 1501 2113 1572 μᾶλλον
2129 1503 2159 1554 ὀ
2184 1501 2337 1563 Θεός.
2361 1502 2559 1553 ’Δκουε
2585 1500 2678 1554 τοῦ
2710 1502 2992 1571 προφήτου
3018 1500 3268 1569 λέγοντος
3289 1517 3305 1533 ο
3346 1502 3487 1570 Ἐγὼ

1902 1583 1972 1637 δὲ
2000 1583 2146 1638 ὡσεέ
2167 1584 2362 1648 ἐλαία,
2396 1586 2552 1651 φησι,
2591 1581 2976 1651 κατάκαρπος
3003 1583 3074 1636 ἐν
3101 1583 3183 1648 τῷ
3197 1583 3347 1647 οικῳ
3379 1584 3485 1638 τοῦ

1907 1664 2076 1718 Θεοῦ.
2096 1661 2343 1717 Τοιοῦτοι
2367 1662 2677 1732 γενώμεθα,
2698 1664 2775 1728 ὼς
2797 1664 2955 1719 ἐλαία
2990 1664 3282 1734 γενώμεθα
3300 1682 3315 1697 ’
3349 1665 3485 1718 πάν-

1903 1745 2061 1799 τοθεν
2122 1744 2437 1816 βριθὼμεθα
2487 1748 2609 1808 ταῖς
2664 1746 2905 1810 ἐντολαῖς
2933 1764 2949 1777 ·
2985 1748 3046 1800 οὐ
3076 1747 3183 1817 γὰρ
3227 1748 3388 1818 ἀρκεῖ
3409 1747 3487 1810 ὡς

1905 1828 2094 1882 ἐλαίαν
2120 1825 2283 1890 εῖναι,
2307 1826 2443 1880 ἀλλά
2464 1827 2559 1880 καὶ
2590 1828 2969 1897 κατάκαρπον.
3002 1828 3125 1881 Εἰσὶ
3159 1828 3270 1898 γὰρ
3297 1827 3346 1881 οῖ
3374 1828 3489 1881 ἐλε-

1904 1910 2093 1972 οῦντες
2154 1909 2312 1976 ὀλίγα
2354 1907 2611 1972 διδόασιν,
2643 1907 2791 1977 ἢδιὰ
2842 1908 3043 1971 παντὸς
3089 1908 3186 1962 τοῦ
3240 1909 3487 1963 ἐνιαυτοῦ

1908 1990 2078 2057 ἅπαξ,
2106 1990 2140 2061 ἢ
2169 1991 2293 2044 καθ’
2339 1990 2577 2061 ἐκάστην
2610 1989 2881 2061 ἑϐδομάδα
2900 2031 2915 2055 ,
2946 1990 2979 2061 ἢ
3007 1990 3070 2044 τὸ
3094 1990 3262 2062 τυχδν
3300 1992 3489 2062 προϊέ-

1909 2088 2061 2142 μενοι
2089 2089 2104 2104 ·
2129 2067 2277 2126 οῦτοι
2306 2072 2483 2125 ἐλαῖαι
2509 2072 2609 2142 μέν
2631 2073 2789 2136 είσιν,
2805 2072 2868 2125 οὐ
2889 2072 3237 2143 κατάκαρποι
3255 2072 3332 2140 δέ,
3352 2073 3488 2127 ἀλλά

1906 2153 2002 2206 καὶ
2020 2151 2214 2225 ξηραί.
2243 2153 2368 2206 Ὀτι
2386 2152 2488 2223 μέν
2516 2152 2625 2224 γὰρ
2652 2152 2918 2217 ἐλεοῦσιν,
2960 2152 3140 2206 ἐλαῖαι
3162 2170 3177 2184 ο
3224 2154 3307 2207 δτι
3335 2153 3393 2207 δέ
3424 2154 3487 2207 ού

1906 2235 2230 2306 φιλοτίμως,
2256 2235 2316 2289 οὐ
2345 2234 2692 2308 κατάκαρποι
2724 2234 2924 2289 ἐλαῖαι.
2968 2234 3111 2289 Ἀλλ’
3136 2236 3299 2306 ήμεῖς
3323 2236 3491 2290 κατά-
3602 2288 3605 2295 ρ

1908 2334 2116 2389 καρποι
2139 2316 2449 2387 γενώμεθα.
2494 2319 2558 2371 ’0
2585 2316 2849 2381 πολλάκις
2872 2314 3047 2383 εἷπον,
3078 2318 3174 2371 καὶ
3200 2316 3344 2386 λέγω
3369 2315 3485 2371 νῦν·

1905 2401 1966 2455 ού
1983 2400 2061 2472 τῷ
2087 2399 2272 2471 μέτρῳ
2292 2399 2401 2453 τῶν
2426 2400 2720 2469 διδομένων
2745 2399 2805 2453 τὺ
2829 2399 3060 2471 μέγεθος
3087 2400 3366 2454 δείκνυται
3387 2400 3489 2470 τῆς

1906 2480 2304 2553 ἐλεημοσύνης,
2333 2480 2475 2534 ἀλλά
2497 2484 2565 2552 τῇ
2594 2482 2915 2553 προαιρέσει
2938 2481 3033 2534 τοῦ
3060 2480 3315 2545 διδόντος.
3337 2482 3488 2535 Ἵστε

1904 2565 1975 2620 τά
2008 2564 2153 2620 κατά
2177 2565 2275 2634 τήν
2302 2565 2479 2635 χήραν
2508 2580 2522 2595 ο
2553 2564 2719 2618 καλὸν
2749 2563 2839 2617 ἀεὶ
2857 2562 3049 2634 φέρειν
3077 2564 3235 2618 τοῦτο
3262 2564 3322 2617 τὺ
3357 2565 3489 2618 ὑπό-

1905 2649 2131 2718 δειγμα,
2162 2647 2251 2701 ῖνα
2289 2647 2424 2717 μηδέ
2448 2647 2477 2699 ό
2506 2646 2673 2717 πένης
2696 2644 3050 2717 ἀπογινώσκῃ
3100 2645 3316 2710 ἐαυτοῦ,
3345 2644 3489 2715 ὀρῶν

1907 2733 1989 2793 είς
2012 2728 2112 2800 τὴν
2141 2728 2211 2781 τά
2231 2728 2327 2782 δύο
2370 2727 2544 2781 λεπτά
2569 2726 3007 2782 καταϐαλοῦσαν.
3044 2728 3323 2796 Ἦνεγκάν
3344 2743 3491 2790 τινες

1906 2813 2003 2867 καὶ
2034 2814 2231 2882 τρίχας
2258 2813 2317 2865 ἐν
2348 2814 2415 2883 τῇ
2433 2810 2528 2864 τοῦ
2552 2811 2679 2865 ναοῦ
2710 2814 3047 2879 κατασκευῇ,
3075 2811 3169 2865 καὶ
3192 2812 3313 2865 οὐδὲ
3343 2805 3487 2864 οὗτοι

1906 2896 2323 2966 ἀπεϐλήθησαν.
2367 2895 2510 2950 Ἀλλ’
2543 2897 2591 2948 εί
2632 2895 2730 2966 μὲν
2756 2896 2977 2965 χρυσίον
3010 2894 3245 2965 ἐχοντες,
3292 2897 3487 2964 τρίχας

1902 2978 2118 3049 ἔφερον,
2175 2978 2602 3049 ἐπικατάρατοι·
2642 2978 2769 3031 τίδὲ
2808 2978 2971 3031 τοῦτο
3021 2978 3235 3047 ἔχοντες
3289 2978 3486 3046 μόνον,

1901 3061 2060 3114 τοῦτο
2112 3062 2381 3131 ήνεγκαν,
2445 3062 2753 3115 ἀπόδεκτοι.
2800 3062 2898 3113 Διά
2950 3060 3109 3114 τοῦτο
3163 3060 3258 3114 καὶ
3286 3062 3315 3112 ό
3346 3061 3488 3114 Κάῖν

1903 3142 2188 3212 ἐμέμφθη,
2215 3143 2315 3196 οὐκ
2334 3143 2523 3214 ἐπειδὴ
2541 3143 2717 3212 φαῦλα
2739 3144 3138 3215 προσήνεγκεν,
3161 3142 3275 3196 ἀλλ’
3299 3140 3489 3210 ἐπειδὴ

1903 3219 1977 3279 ὧν
1998 3222 2109 3295 εἶχε
2123 3226 2189 3278 τά
2212 3226 2518 3298 φαυλότερα
2536 3245 2548 3257 ο
2570 3226 3053 3295 Ἐπικατάρατος,
3077 3225 3263 3295 φησὶν,
3281 3224 3349 3290 δς
3364 3223 3489 3291 ἔχει

1903 3307 2115 3376 ἄρσεν,
2136 3309 2232 3361 καὶ
2253 3309 2380 3363 θύει
2390 3308 2823 3378 διεφθαρμένον
2838 3305 2917 3377 τῷ
2934 3308 3076 3375 Θεῷ,
3095 3309 3208 3378 Οὐχ
3220 3306 3403 3370 ἁπλῶς
3418 3303 3489 3360 εἴ·
3518 3346 3529 3361 ς

1906 3408 2029 3455 πεν,
2064 3390 2400 3461 ἀλλ’ὀέχων,
2432 3392 2589 3461 φησὶ,
2621 3393 2717 3446 καὶ
2748 3393 3085 3462 φειδόμενος.
3116 3391 3180 3443 EI
3205 3390 3385 3443 τοίνυν
3402 3406 3488 3454 τις

1904 3472 2006 3527 οὐκ
2040 3472 2175 3543 ἔχει,
2209 3472 2556 3543 ἀπήλλακται
2596 3474 2691 3527 καὶ
2744 3473 3130 3545 ἐγκλημάτων,
3192 3473 3391 3542 μᾶλλον
3429 3472 3487 3525 δέ

1902 3554 2018 3625 ἔχει
2068 3555 2279 3625 μισθόν.
2313 3555 2378 3607 Τί
2406 3556 2515 3625 γὰρ
2548 3556 2641 3609 δύο
2699 3556 2902 3610 ὀϐολῶν
2958 3556 3361 3625 εὐτελέστερον,
3390 3556 3486 3609 καὶ

1901 3636 2105 3707 τριχῶν
2140 3637 2597 3709 οὐδαμινέστερον
2622 3657 2635 3706 ;
2671 3640 2723 3693 τί
2754 3638 2810 3691 δὲ
2840 3638 3170 3705 σεμιδάλεως
3200 3638 3433 3707 κοτύλης
3464 3655 3479 3703 ;

1904 3719 2019 3772 ἀλλ’
2030 3720 2179 3789 ὅμως
2188 3720 2364 3773 ταῦτα
2378 3720 2564 3791 ηὐδοκί
2571 3739 2643 3791 μη
2650 3739 2708 3775 σε
2715 3721 2785 3789 νξό
2792 3721 2956 3791 μοίως
2969 3723 3077 3783 τοῖς
3094 3717 3245 3791 [501]
3263 3720 3486 3789 μόσχοις

1903 3805 1998 3855 καὶ
2015 3801 2091 3873 τῷ
2109 3803 2338 3874 χρυσίῳ.
2374 3803 2514 3859 Καθ’
2532 3802 2563 3857 ὃ
2582 3805 2692 3872 γὰρ
2716 3803 2840 3871 ἔχει
2869 3820 2979 3867 τις,
3013 3802 3481 3870 εὐπρόσδεκτος,

1902 3886 1975 3939 οὑ
2022 3885 2198 3939 καθὸ
2216 3886 2328 3939 οὐκ
2362 3885 2487 3953 ἔχει
2508 3903 2520 3915 °
2564 3886 2792 3951 xa\,'0c
2814 3886 2889 3939 ἂν
2909 3885 3043 3953 ἔχῃ,
3076 3886 3262 3955 φησὶν,
3281 3887 3318 3951 ἡ
3351 3886 3482 3955 χείρ

1903 3983 2041 4033 σου,
2067 3963 2137 4022 εὖ
2156 3970 2315 4021 ποίει
2339 3985 2351 3998 ·
2367 3968 2468 4032 διὸ,
2498 3967 3167 4039 παρακαλῶ.κενώσωμεν
3185 3968 3481 4039 προθύμως

1901 4049 1972 4103 τὰ
1988 4050 2115 4102 ὄντα
2132 4052 2212 4112 εἰς
2226 4052 2354 4113 τοὺς
2372 4051 2631 4119 advntu:
2653 4050 2754 4104 κᾶν
2776 4050 2933 4118 ὀλίγα
2948 4044 3003 4123 ᾖ.
3021 4050 3111 4103 τὸν
3128 4050 3290 4104 αὑτὸν
3310 4050 3480 4119 ληψό-

1909 4134 2048 4203 μεθα
2076 4134 2266 4200 μισθὸν
2300 4136 2413 4197 τοῖς
2452 4134 2520 4186 τά
2548 4133 2771 4187 πλείονα
2803 4133 3223 4195 καταϐάλλουσι,
3280 4134 3480 4203 μᾶλλον

1906 4217 1965 4269 δὲ
1992 4215 2215 4268 πλείονα
2252 4216 2362 4267 τῶν
2394 4216 2565 4285 μυρία
2610 4216 2849 4269 τάλαντα
2881 4215 3350 4269 καταϐαλλόντων.
3382 4216 3480 4268 “Av

1900 4298 2076 4352 ταῦτα
2102 4297 2369 4368 ποιῶμεν,
2395 4297 2788 4366 ἐπιτευξόμεθα
2809 4298 2915 4351 τῶν
2942 4299 3164 4366 ἀφάτων
3189 4298 3479 4369 θησαυρῶν

1903 4380 1994 4433 τοῦ
2029 4380 2187 4443 Θεοῦ,
2220 4380 2288 4434 ἂν
2308 4380 2383 4451 μὴ
2414 4382 2705 4450 ἀκούωμεν
2732 4380 2915 4451 μόνον,
2940 4381 3076 4434 ἀλλά
3099 4382 3193 4435 καὶ
3220 4382 3477 4452 πράττω-

1908 4480 2028 4532 μεν,
2066 4463 2133 4516 ἂν
2157 4463 2231 4533 μὴ
2263 4463 2596 4531 ἐπαινῶμεν,
2628 4463 2762 4516 ἀλλά
2784 4463 2877 4515 καὶ
2906 4463 2993 4516 διὰ
3025 4464 3134 4517 τῶν
3156 4464 3333 4534 ἔργων
3362 4466 3480 4517 ἐπι-

1902 4547 2261 4613 δεικνύωμεν.
2309 4539 2408 4598 Ὦν
2462 4546 2671 4612 γένοιτο
2719 4546 2925 4609 πάντας
2972 4548 3119 4616 ἡμᾶς
3179 4548 3475 4615 ἐπιτυχεῖν,

1906 4630 2088 4699 χάριτι
2118 4629 2209 4679 καὶ
2240 4627 2617 4697 φιλανθρωπίᾳ
2631 4626 2723 4680 τοῦ
2742 4629 2947 4698 Κυρίου
2972 4628 3130 4697 ήμῶν
3158 4627 3331 4697 Ἰησοῦ
3353 4629 3479 4697 Χρι-

1905 4709 2053 4775 στοῦ,
2122 4709 2238 4779 μεθ’
2264 4704 2325 4763 οὗ
2356 4709 2433 4779 τῷ
2464 4710 2673 4780 Πατρὶ,
2718 4710 2834 4780 ἆμα
2865 4709 2943 4779 τῷ
2976 4710 3115 4779 ἁγίῳ
3171 4710 3474 4779 Πνεύματι,

1903 4792 2027 4855 δόξα
2057 4834 2072 4856 ,
2096 4793 2315 4862 κράτος,
2336 4792 2492 4862 τιμὴ,
2521 4791 2616 4847 νῦν
2642 4794 2734 4846 καὶ
2761 4793 2869 4859 ἀεὶ,
2897 4794 2991 4847 καὶ
3010 4795 3090 4859 είς
3109 4795 3236 4857 τοὺς
3272 4792 3475 4858 αἰῶνας

1902 4875 2012 4927 τῶν
2044 4875 2276 4928 αίώνων.
2309 4876 2503 4946 Ἀμήν.
