4062 6404
135 384 239 440 29.5

218 448 2388 512 __________________________.___.__.________________..._.

1440 516 1779 584 HOMILIA

142 682 277 735 Cu.
312 674 397 731 ιε.
432 688 482 725 v.
516 669 606 725 ξε.
637 666 818 734 Itaque
843 672 1051 726 regnum
1080 647 1333 706 immobile
1360 644 1685 712 suscipientes
1709 678 1724 701 ,

218 770 494 823 habeamus
512 729 746 831 gratiam,
772 767 859 819 per
883 762 1031 816 quam
1054 743 1326 797 serviamus
1348 735 1597 806 placentes
1621 729 1728 781 Deo

220 874 338 914 cum
361 864 493 908 metu
523 860 568 901 et
593 842 884 901 reverentia.
907 837 999 893 29.
1024 832 1221 887 Etenim
1249 827 1384 880 Deus
1408 833 1576 877 noster
1598 818 1731 890 ignis

219 959 520 1004 consumens
543 947 633 994 est.

227 1043 277 1095 Ι.
307 1034 459 1103 Quod
490 1030 613 1084 alibi
646 1025 793 1087 dicit,
820 1022 946 1088 Qua:
964 1018 1097 1071 enim
1124 1011 1373 1074 uidentur,
1398 1016 1515 1060 sunt
1541 1012 1735 1070 tempo-

150 1134 287 1187 ralia
312 1095 467 1198 qua
490 1135 653 1177 autem
674 1134 773 1172 non
798 1116 1047 1174 videnlur,
1070 1117 1253 1162 eterna
1281 1102 1354 1174 (2.
1380 1099 1496 1154 Cor.
1521 1097 1574 1152 4.
1606 1095 1731 1164 i8);

150 1236 205 1281 et
236 1239 304 1278 ex
336 1235 403 1274 eo
427 1215 643 1270 adhibet
670 1205 1089 1265 consolationem
1116 1199 1166 1252 in
1195 1194 1345 1248 malis
1369 1207 1488 1261 quae
1515 1187 1735 1243 ferimus

154 1319 204 1369 in
238 1315 345 1366 vita
380 1305 661 1379 praesenti;
695 1301 797 1355 hoc
824 1297 908 1352 hic
937 1306 1149 1362 quoque
1180 1287 1302 1341 facit
1326 1297 1379 1339 et
1408 1281 1533 1335 dicit
1568 1298 1581 1332 :
1616 1275 1732 1331 lla-

150 1411 365 1463 beamus
408 1401 661 1474 gratiam;
693 1395 792 1448 hoc
825 1399 927 1449 est.
955 1388 1061 1440 Deo
1098 1393 1317 1452 agamus
1352 1374 1549 1445 gratias
1571 1413 1586 1434 ,
1618 1385 1733 1423 ma-

153 1514 383 1556 neamus
412 1495 569 1549 firmi.
603 1490 718 1545 Non
754 1485 925 1540 solum
968 1478 1110 1535 enim
1152 1489 1255 1528 non
1296 1470 1555 1526 debemus
1595 1478 1737 1533 aegre

153 1593 298 1645 ferre
343 1582 625 1658 prazsentia
645 1619 660 1644 ,
694 1576 785 1630 sed
812 1573 970 1627 etiam
1002 1573 1216 1637 propter
1248 1561 1420 1615 futura
1454 1556 1735 1611 maximam

155 1681 362 1734 habere
402 1674 645 1745 gratiam.
690 1665 794 1719 Per
830 1678 979 1732 quam
1023 1657 1295 1712 serviamus
1328 1652 1450 1704 bene
1492 1649 1738 1718 placentes

158 1772 305 1831 Deo;
340 1768 390 1822 id
419 1775 534 1829 est,
563 1762 638 1815 sic
665 1759 807 1813 enim
837 1757 959 1808 licet
986 1749 1187 1804 servire
1221 1746 1327 1800 Deo
1359 1743 1493 1796 bene
1524 1740 1736 1807 placen-

156 1873 291 1926 tem,
320 1860 367 1914 si
399 1859 449 1910 in
478 1852 726 1909 onmihus
754 1847 860 1916 agit
886 1842 1103 1914 gratias.
1135 1836 1341 1899 Omnia,
1371 1832 1562 1901 inquit,
1593 1830 1742 1899 facile

154 1914 349 2018 absque
394 1914 872 1999 murmurationibus
911 1944 959 1987 et
998 1914 1744 1999 disceptationibus(Philipﬂ.

156 2011 271 2114 id):
301 2039 455 2109 Quod
487 2038 627 2092 enim
661 2032 844 2087 fecerit
871 2024 1131 2097 quispiam
1161 2030 1520 2076 murmurans,
1548 2011 1605 2068 id
1629 2026 1743 2064 am-

157 2144 310 2205 putat
336 2143 389 2186 et
414 2128 584 2199 perdit
612 2119 933 2182 mercedem,
958 2116 1093 2169 sicut
1123 2110 1407 2165 Israelitaz:
1432 2106 1581 2159 scitis
1599 2102 1743 2157 enim

156 2242 295 2298 quas
340 2235 526 2289 ιιωηιιε
554 2215 818 2271 dederunt
846 2208 916 2262 ob
957 2202 1422 2259 murmuratioues.
1454 2196 1742 2261 Propterea

158 2285 322 2371 dicit:
357 2311 535 2381 Neque
564 2302 902 2360 murmuretis.
923 2297 1037 2352 Non
1067 2303 1239 2364 pateat
1257 2305 1383 2359 ergo
1409 2287 1522 2342 fieri
1555 2295 1611 2338 ut
1637 2285 1745 2337 Deo

161 2410 234 2461 ita
262 2404 473 2460 servias
501 2408 555 2453 ut
582 2398 629 2452 ei
663 2395 874 2464 placeas
898 2431 912 2454 ,
938 2389 982 2441 si
1012 2400 1115 2439 non
1155 2384 1203 2436 ei
1236 2381 1433 2434 habeas
1457 2376 1654 2447 gratias
1677 2372 1747 2427 de

160 2497 418 2553 omnibus
436 2500 489 2545 et
518 2490 583 2544 de
612 2480 986 2540 tentationihus
1006 2487 1060 2532 et
1084 2475 1152 2529 de
1178 2472 1374 2541 quiete.
1394 2468 1521 2521 Cum
1543 2475 1674 2519 metu
1701 2472 1748 2516 et

162 2585 476 2647 reuerentia;
500 2581 602 2634 hoc
627 2588 729 2640 est,
753 2572 881 2628 nihil
905 2571 1183 2639 loquamur
1213 2559 1493 2630 impudens
1519 2566 1574 2611 et
1598 2568 1751 2610 arro-

163 2694 324 2751 gans,
344 2674 439 2731 sed
472 2686 569 2726 nos
594 2668 1069 2735 componamus,ut
1094 2656 1260 2711 simus
1282 2649 1569 2707 reverendi
1604 2666 1617 2701 :
1650 2646 1752 2701 hoc

164 2737 417 2824 cnim—est
444 2760 582 2831 quod
610 2758 738 2812 dicit
758 2753 909 2809 :Cum
937 2757 1068 2801 metu
1095 2756 1141 2799 et
1170 2742 1463 2797 reuerentia.
1489 2737 1750 2807 (διψῶ)

165 2866 217 2918 i.
235 2860 440 2916 Caritas
471 2850 798 2927 fraternitatis
825 2856 1026 2901 maneat
1052 2844 1106 2897 in
1126 2844 1283 2897 vobis.
1307 2839 1367 2892 Ξ.
1392 2835 1462 2890 Et
1488 2832 1751 2904 hospitali-

166 2962 322 3007 tatem
342 2925 493 3004 nolite
504 2944 727 3000 oblivisci
737 2958 756 2996 :
771 2958 859 3012 per
872 2945 1003 2992 hanc
1013 2936 1145 2990 enim
1157 2934 1409 2986 latuerunt
1428 2925 1630 2997 quidam
1639 2962 1653 2985 ,
1670 2937 1763 2975 an.

167 3043 300 3115 gelis
326 3039 543 3108 hospitio
564 3030 939 3103 meplil.Vide
960 3024 1229 3096 quomodo
1248 3021 1401 3091 jubet
1423 3031 1517 3071 eos
1539 3028 1689 3068 serva
1699 3027 1753 3064 re

171 3104 459 3204 prmscntia
494 3146 507 3181 :
539 3140 635 3180 nec
672 3122 819 3177 addit
862 3119 1003 3181 alia;
1044 3130 1149 3170 non
1189 3113 1331 3167 enim
1360 3108 1529 3163 dixit:
1572 3104 1757 3158 Estote

170 3231 448 3280 amatores
486 3218 739 3280 fratrum,
774 3210 901 3266 sed:
938 3206 1146 3261 Maneat
1180 3201 1366 3256 caritas
1405 3193 1755 3267 fraternitatis.

173 3316 245 3371 Et
268 3326 455 3369 rursus
483 3324 587 3363 non
615 3306 764 3369 dicit,
796 3302 981 3356 Estotc
1005 3296 1316 3365 hospitales,
1344 3305 1405 3345 ac
1427 3290 1471 3343 si
1500 3288 1633 3342 tales
1654 3298 1759 3340 non

174 3405 325 3467 sint;
352 3399 445 3455 sed
467 3439 483 3463 ,
517 3392 893 3466 Hospitalitatis
931 3388 1086 3443 nolite
1124 3382 1347 3439 oblivisci
1375 3395 1393 3434 :
1419 3386 1595 3448 potest
1620 3374 1760 3430 enim

177 3465 577 3552 hoc—accidere
619 3465 682 3542 ex
728 3479 1123 3538 afﬂictionibus.
1175 3473 1378 3530 Deinde
1427 3470 1479 3525 id
1527 3465 1750 3529 addidit,

180 3588 328 3660 quod
369 3583 539 3652 magis
569 3585 768 3649 poterat
800 3574 1062 3633 excitare,
1092 3567 1278 3623 dicens
1306 3582 1321 3618 :
1348 3561 1624 3617 lnscientcs
1652 3557 1766 3627 qui-

181 3650 308 3734 dam
328 3650 534 3744 angelos
555 3669 773 3738 hospitia
798 3670 1122 3729 exceperunt.
1145 3656 1310 3713 Vides
1325 3663 1555 3723 quantus
1576 3650 1765 3709 honor,

184 3738 444 3843 quantum
485 3765 687 3820 lucrum
732 3758 927 3813 fuerit?
966 3751 1104 3820 Quid
1141 3757 1256 3816 est,
1290 3741 1614 3801 Inscientcs?
1656 3738 1770 3794 Non

184 3835 578 3930 doguoseentes
626 3849 856 3919 hospitio
904 3847 1251 3910 exceperunt.
1294 3835 1418 3891 ldeo
1462 3844 1653 3901 magna
1691 3838 1775 3883 est

189 3948 501 4007 Abrahamo
529 3954 733 3997 merces
755 3980 771 4005 ,
799 3936 939 4007 quod
974 3933 1218 3989 nesciens
1243 3942 1338 3982 eos
1365 3939 1485 3981 esse
1511 3920 1729 3991 angelos
1754 3959 1770 3982 ,

190 4039 431 4113 ιιοερίιίο
457 4033 730 4103 exceperit
758 4048 773 4083 :
805 4043 925 4083 nam
953 4028 996 4081 si
1028 4022 1292 4079 seirisset.
1324 4030 1432 4071 non
1464 4014 1652 4067 fuisset
1676 4009 1777 4064 mi-

194 4100 448 4190 randum.
479 4100 705 4195 Quidam
734 4121 918 4175 dicunt
957 4129 1080 4171 eum
1119 4110 1207 4165 hic
1239 4108 1401 4165 etiam
1438 4100 1779 4159 subindicare

197 4229 413 4283 Lutum.
442 4191 837 4276 ﬁducmeutote
854 4210 1134 4263 vinctorum
1154 4213 1408 4269 tamquam
1427 4194 1577 4250 simul
1601 4191 1778 4255 vincti,

198 4328 247 4373 ct
279 4312 616 4371 laborantium
638 4318 892 4377 tamquam
920 4310 966 4355 et
987 4299 1086 4370 ipsi
1111 4297 1165 4350 in
1188 4306 1397 4360 corpore
1422 4294 1697 4341 morantes.
1724 4282 1780 4338 4.

204 4404 520 4466 Honorabile
546 4374 846 4455 cannabinas
878 4392 931 4446 in
958 4388 1218 4451 omnibus,
1241 4391 1287 4438 et
1315 4391 1454 4435 torus
1482 4374 1785 4431 immacula-

204 4465 288 4554 tus
320 4513 338 4551 :
366 4493 693 4566 fornicatores
721 4495 887 4539 autem
911 4491 956 4536 et
981 4477 1238 4533 adulteros
1261 4468 1510 4544 judicabit
1538 4466 1699 4521 Deus.
1729 4465 1784 4520 5.

207 4592 330 4647 Sint
373 4600 536 4640 mores
573 4583 680 4636 sine
723 4575 977 4638 auaritia;
1010 4566 1225 4625 contenti
1269 4560 1616 4635 precantibus.
1657 4555 1789 4610 Vide

209 4695 368 4753 quam
397 4677 559 4731 multa
586 4671 743 4727 verba
775 4667 933 4722 faciat
959 4664 1025 4718 de
1064 4655 1433 4729 temperantia.
1471 4651 1679 4712 Pacem,
1707 4648 1788 4701 in-

211 4773 348 4844 quit,
380 4762 633 4823 sectamini
657 4771 701 4817 et
728 4754 1212 4826 sanctiﬁcationem;
1245 4757 1321 4812 ει,
1352 4745 1517 4799 Nemo
1540 4744 1605 4797 sit
1635 4746 1795 4811 form-

214 4873 359 4919 cator
401 4868 488 4911 aut
532 4856 818 4924 profanus;
853 4856 906 4902 et
943 4858 1083 4899 nunc
1122 4853 1339 4903 rursus,
1371 4834 1727 4890 Fornicatares
1753 4850 1777 4882 α

217 4952 477 5009 adulteros
493 4920 743 5020 judicabit
766 4938 927 4995 Deus.
950 4935 1154 5006 Ubique
1171 4944 1294 4985 cum
1326 4942 1484 4997 plena
1512 4934 1593 4979 est
1613 4920 1797 4992 probi-

220 5044 373 5103 hitio.
396 5042 463 5097 Et
486 5009 773 5112 quomodo,
791 5035 917 5090 hinc
944 5029 1214 5103 perpende
1242 5041 1256 5078 :
1284 5034 1407 5076 cum
1435 5016 1678 5076 dixisset,
1697 5009 1805 5065 Pa-

221 5149 330 5189 cem
450 5104 720 5185 sectamini
799 5139 914 5180 cum
1008 5116 1306 5174 omnibuset
1333 5104 1801 5177 sanctiﬁcationem,

222 5220 529 5294 subiunxit:
558 5218 684 5275 Sine
705 5231 805 5287 qua
824 5226 971 5267 nemo
994 5207 1177 5265 ridebit
1202 5202 1478 5259 Dominum
1503 5194 1691 5267 (Hebr.
1714 5192 1802 5248 12.

224 5283 357 5385 κίε
390 5311 476 5367 hic
497 5324 646 5374 vero,
677 5283 1034 5362 Foruicatores
1060 5307 1225 5353 autem
1254 5302 1301 5348 et
1325 5290 1583 5345 adulteros
1604 5283 1807 5355 iudica-

226 5380 313 5461 bit'
332 5404 465 5458 Deus
488 5418 506 5468 ;
530 5411 585 5457 et
609 5414 731 5455 cum
756 5397 906 5469 prius
934 5392 1200 5465 posuisset
1224 5410 1237 5445 :
1270 5380 1586 5441 lionorabile
1609 5392 1808 5434 connuv

227 5498 364 5553 bium
390 5497 443 5550 in
472 5494 735 5556 omnibus,
766 5499 813 5545 et
841 5499 979 5543 torus
1014 5480 1369 5539 inmaculatus
1399 5492 1419 5529 :
1449 5487 1607 5545 paula
1633 5469 1810 5525 addita

229 5587 463 5643 ostendit
488 5600 547 5639 se
567 5584 686 5653 jure
709 5578 1051 5650 subjunxisse
1071 5588 1131 5629 ea
1156 5585 1275 5642 qua:
1302 5566 1557 5634 deinceps
1582 5576 1815 5632 sequun-

230 5688 342 5730 tur.
386 5674 441 5730 Si
491 5673 635 5728 cnim
676 5681 990 5725 concessum
1030 5672 1114 5719 est
1154 5657 1586 5718 matrimonium,
1622 5652 1815 5707 merito

235 5767 451 5835 punitur
484 5770 775 5825 scortator,
807 5758 996 5813 merito
1038 5752 1297 5823 supplicio
1328 5748 1559 5804 afﬁcitur
1583 5742 1811 5798 adulter.

855 356 919 415 ΙΝ
960 349 1171 413 ιιῐηετ.
1216 344 1306 402 hi)
1346 323 1703 397 llEBRJ’ZOS.
1744 317 1895 377 CAP.
1935 311 2076 371 ειη.
2136 306 2367 367 llOMlL.
2405 302 2648 361 XXXlll.

3292 299 3398 355 2:25

2391 424 3413 458 _______._______......__——-—-

1824 509 2123 575 xxxm.

1836 629 1932 682 llic
1953 641 2012 680 se
2041 629 2190 693 parat
2214 621 2278 673 ad
2313 615 2653 685 pugnandum
2681 609 2938 661 adversus
2968 599 3276 655 lnereticos.
3301 592 3420 649 Non

1833 718 1968 771 dixit
2010 729 2224 769 rursus:
2267 709 2454 764 Nullus
2493 704 2565 757 sit
2604 699 2936 759 fornicator;
2967 688 3062 745 sed
3093 703 3215 745 cum
3254 682 3422 740 semel

1834 808 2076 871 dixisset,
2107 815 2231 857 tunc
2256 810 2523 866 tamquam
2548 800 2887 846 communem
2918 779 3147 851 subjecit
3174 772 3423 831 admonlo

1838 899 2055 956 tionem,
2088 908 2194 946 non
2224 864 2492 957 tulitquam
2534 880 2602 935 ad
2646 881 2789 948 ipsos
2831 873 2991 928 verba
3020 869 3277 938 dirigens.
3309 864 3425 918 Sint

1838 1003 2001 1040 nmres
2041 985 2150 1039 sine
2191 980 2446 1040 avaritia;
2477 971 2693 1029 contenti
2736 963 3083 1031 prwsentibus.
3110 957 3226 1014 Non
3252 955 3425 1019 dixit,

1838 1078 1978 1133 Nihil
2007 1071 2343 1147 possidentis,
2368 1068 2483 1129 sed,
2511 1065 2628 1120 Sint
2649 1075 2813 1115 mores
2837 1057 2947 1112 sine
2970 1052 3223 1114 avaritia;
3250 1048 3298 1102 id
3322 1055 3429 1111 est,

1839 1170 1905 1223 sit
1944 1183 2095 1221 tuens
2150 1164 2338 1226 libera,
2382 1155 2631 1213 ostendat
2677 1157 2909 1204 mentem
2963 1139 3426 1215 philosophicam;

1840 1259 2086 1314 ostendet
2114 1265 2318 1314 autem,
2350 1250 2394 1304 si
2420 1247 2639 1301 minime
2660 1251 2963 1310 qua-ramus
2989 1249 3109 1305 quae
3156 1226 3429 1299 superflua

1841 1359 1987 1415 sunt,
2002 1350 2044 1402 si
2062 1346 2223 1402 rebus
2240 1343 2455 1395 utilibus
2472 1342 2749 1392 tantumet
2762 1325 3078 1386 necessariis
3098 1321 3433 1377 adhaeresco-

1845 1456 1981 1495 mus.
2005 1438 2135 1492 Nam
2163 1434 2407 1503 superius
2436 1432 2596 1485 etiam
2623 1426 2792 1480 dixit:
2821 1421 2883 1475 Et
2912 1420 3148 1487 rapinam
3182 1414 3427 1468 bonorum

1844 1544 2120 1589 vestrorum
2157 1502 2271 1581 cum
2298 1523 2485 1596 gaudio
2505 1517 2793 1586 suscepistis
2816 1512 2835 1585 (
2864 1511 3020 1564 Hebr.
3056 1507 3140 1562 10.
3163 1505 3279 1575 1M).
3305 1502 3432 1556 lla-t3

1846 1625 2237 1683 admonenlme
2266 1616 2370 1669 sint
2395 1612 2563 1666 avari.
2584 1605 2837 1666 Contenti,
2863 1603 3054 1669 inquit,
3084 1592 3430 1667 prtcsentibus.

1847 1713 2047 1770 Deinde
2069 1721 2150 1765 est
2171 1708 2327 1762 etiam
2364 1705 2449 1757 hic
2476 1698 2798 1757 consolatio.
2820 1703 2878 1747 ut
2906 1708 2971 1746 ne
2993 1690 3300 1756 desperent.
3321 1681 3437 1746 Ipsi:

1847 1805 1978 1860 enim
1998 1802 2123 1857 dixit
2140 1816 2157 1853 :
2172 1797 2292 1852 Non
2316 1806 2363 1849 te
2384 1795 2631 1854 deseram,
2647 1802 2802 1857 neque
2822 1781 3187 1849 derelinquam.
3202 1771 3356 1829 6.1m
3385 1779 3437 1821 nt

1847 1894 2159 1962 coaﬁdenler
2181 1890 2431 1948 dicamus,
2462 1883 2709 1937 Dominus
2734 1877 2857 1930 mihi
2878 1874 3084 1943 adjutor
3112 1877 3185 1923 est
3210 1881 3346 1921 :non
3370 1865 3436 1916 li-

1850 1987 1989 2041 ntcbo
2010 1983 2128 2054 quid
2158 1981 2312 2042 facint
2330 1977 2449 2029 mihi
2478 1976 2649 2026 homo.
2669 1969 2805 2023 Ecce
2830 1976 3017 2019 rursus
3033 1968 3117 2014 est
3143 1953 3440 2011 consolatio

1853 2078 1905 2132 in
1924 2068 2385 2131 tentationihus.7.
2406 2065 2707 2118 Mementote
2729 2054 3117 2129 prapositorum
3138 2055 3438 2101 uestrorum.

1856 2168 1967 2222 lloc
1991 2168 2104 2233 jam
2131 2160 2381 2231 superius
2403 2157 2583 2210 dicere
2609 2150 2823 2204 volebat
2853 2165 2865 2199 :
2897 2152 3179 2214 propterea
3210 2134 3439 2199 diccbat,

1854 2259 2043 2315 Pacem
2069 2250 2330 2309 sectamini
2358 2263 2477 2301 cum
2502 2242 2756 2299 omnibus.
2788 2237 2959 2305 llujus
2986 2234 3148 2288 etiam
3189 2228 3448 2283 sditione-

1854 2350 1944 2406 bat
1972 2342 2481 2403 Thessalonicenses
2503 2376 2520 2402 ,
2548 2342 2607 2390 ut
2630 2347 2725 2387 eos
2751 2330 3012 2384 baberent
3040 2325 3093 2379 in
3123 2326 3336 2378 summa
3357 2318 3447 2370 bo-

1860 2455 2012 2496 norc.
2040 2436 2363 2496 Mementote,
2394 2429 2585 2498 inquit,
2609 2422 3000 2495 prepositarum
3026 2425 3326 2478 uestrarum,
3358 2410 3448 2479 qui

1856 2530 1995 2584 vobis
2021 2526 2214 2594 (aquati
2252 2531 2369 2577 sunt
2394 2517 2598 2572 uerbum
2636 2513 2780 2567 Dei:
2815 2523 3031 2580 quarunt
3072 2506 3315 2558 intuentes
3347 2500 3448 2554 esi-

1854 2635 1958 2679 tum
1987 2616 2383 2675 conuersationis
2401 2654 2417 2679 ,
2440 2608 2715 2667 imitamini
2741 2606 2896 2676 ﬁdem
2922 2603 3001 2672 (l.
3031 2599 3208 2656 Thess.
3236 2597 3292 2653 Β.
3326 2594 3440 2665 15).

1852 2714 2111 2782 Quarnam
2163 2718 2245 2762 cst
2291 2708 2407 2760 haec
2445 2694 2873 2769 consequentia?
2915 2686 3128 2762 Optima
3176 2685 3392 2758 quidem
3420 2700 3439 2739 :

1854 2801 2274 2859 Considerantes
2301 2796 2471 2860 enim,
2502 2790 2694 2861 inquit,
2724 2800 2913 2844 eorum
2938 2779 3445 2841 conversationem,

1857 2908 2050 2962 nempe
2092 2890 2256 2945 vitam
2279 2928 2295 2954 ,
2325 2882 2608 2940 imitamini
2648 2880 2807 2934 tidem
2838 2893 2853 2930 :
2884 2890 2914 2929 a
2946 2871 3143 2929 munda
3172 2869 3316 2925 enim
3337 2867 3448 2921 vita

1857 2993 1942 3038 est
1972 2961 2125 3035 fides.
2156 2980 2262 3033 Aut
2289 2975 2450 3030 fidem
2479 2972 2610 3028 dicit
2649 2967 3000 3025 stabilitatem
3031 2972 3088 3018 et
3115 2961 3446 3015 firmitatem.

1858 3071 2186 3141 Quomodo?
2212 3067 2465 3125 Ostendit
2490 3065 2633 3119 enim
2656 3060 2797 3131 quod
2825 3056 3049 3113 llrmiter
3070 3054 3231 3110 rebus
3257 3049 3451 3106 futuris

1858 3165 2174 3227 credentes,
2220 3169 2426 3215 rectum
2467 3156 2591 3210 Viue
2635 3152 2935 3208 institutum
2978 3151 3286 3203 tenuerunt.
3336 3140 3453 3196 Non

1862 3257 2004 3310 enim
2037 3254 2195 3307 vitam
2218 3249 2577 3306 ostendissent
2602 3242 2855 3299 mundam
2884 3254 2947 3295 ac
2966 3252 3175 3311 puram.
3209 3237 3253 3289 si
3282 3232 3352 3289 de
3374 3232 3459 3287 fu-

1864 3346 1999 3401 turis
2050 3342 2417 3405 duhitassent,
2447 3338 2493 3391 si
2542 3334 2921 3403 ambegissent.
2957 3326 3315 3396 Quamobrem
3357 3322 3461 3377 hoc

1867 3435 2042 3503 ipsum
2074 3432 2160 3488 hic
2181 3444 2391 3501 quoque
2406 3436 2577 3483 curat.
2598 3427 2652 3480 8.
2677 3423 2828 3477 Jesus
2856 3420 3086 3476 Christus
3115 3416 3225 3470 heri
3248 3427 3292 3469 et
3311 3414 3462 3469 hodie

1868 3525 1999 3579 idem
2028 3525 2157 3593 ipse,
2186 3532 2233 3575 et
2258 3520 2311 3574 in
2337 3517 2540 3574 secula.
2567 3516 2618 3571 9.
2648 3513 2904 3568 Doctriuis
2929 3511 3081 3565 uariis
3105 3518 3152 3561 ct
3188 3505 3463 3578 peregrinis

1869 3619 2024 3674 nolite
2038 3615 2219 3671 abduci
2241 3630 2260 3669 :
2281 3613 2528 3683 optimum
2542 3594 2618 3664 est
2640 3608 2773 3662 enim
2797 3605 2965 3677 gratia
2989 3601 3204 3657 stabiliri
3228 3616 3335 3666 cor,
3362 3615 3465 3652 non

1871 3710 2018 3776 escis,
2040 3722 2155 3777 qua
2179 3722 2280 3759 non
2308 3706 2609 3774 profuerunt
2634 3697 3009 3752 ambulantibus
3039 3694 3091 3745 in
3118 3693 3211 3747 eis.

1943 3800 1999 3853 2.
2036 3798 2131 3852 llic
2160 3795 2311 3858 illud,
2346 3792 2494 3853 Heri,
2524 3789 2655 3845 dicit
2681 3802 2840 3843 omne
2872 3795 3084 3854 tempus
3114 3779 3466 3851 praeteritum,

1877 3904 1951 3958 et,
1988 3890 2172 3954 Hodie,
2189 3901 2428 3959 praesens
2454 3895 2665 3951 tempus
2690 3898 2705 3945 ;
2729 3876 2991 3941 παίωνι,
3013 3877 3246 3929 futurum
3273 3880 3327 3927 et
3355 3868 3474 3924 infi-

1878 3983 2071 4037 nitum.
2090 3979 2202 4034 Hoc
2229 3986 2336 4043 est,
2371 3972 2670 4031 Audivistis
2698 3967 3024 4040 pontificem,
3048 3964 3141 4019 sed
3168 3978 3273 4017 non
3300 3960 3476 4031 ponti-

1882 4074 2036 4129 ficem
2061 4072 2149 4142 qui
2172 4069 2382 4125 desinat
2404 4084 2419 4122 :
2440 4078 2652 4134 semper
2672 4061 2815 4117 enim
2844 4058 2984 4114 idem
3007 4066 3112 4112 est.
3139 4052 3371 4110 Perinde
3394 4060 3475 4107 at-

1881 4180 1988 4236 que
2016 4164 2059 4218 si
2082 4171 2262 4218 essent
2288 4158 2380 4229 qui
2405 4157 2647 4212 dicerent
2689 4167 2812 4208 eum
2862 4165 2970 4205 non
3016 4162 3139 4204 esse
3163 4142 3474 4202 crucifixum

1884 4258 1973 4331 qui
1996 4263 2360 4327 exspectatur,
2388 4252 2486 4308 sed
2514 4258 2795 4304 venturum
2828 4260 2950 4301 esse
2977 4243 3173 4297 alium:
3199 4240 3303 4296 hoc
3325 4238 3475 4303 dicit,

1885 4330 2028 4423 quod
2057 4349 2149 4421 qui
2176 4358 2260 4403 est
2290 4345 2420 4401 Heri
2430 4354 2477 4399 et
2509 4343 2681 4404 hodie,
2703 4339 2850 4393 Idem
2877 4347 2945 4392 est
2966 4333 3241 4391 inscecula.
3261 4332 3361 4386 Per
3379 4330 3481 4385 hoc

1887 4440 2083 4514 quippe
2107 4437 2390 4497 manifeste
2415 4436 2491 4491 ait
2512 4434 2657 4505 quod
2686 4433 2776 4503 qui
2804 4430 2972 4495 venit,
3012 4442 3199 4482 rursus
3222 4434 3480 4479 venturus

1889 4535 1992 4601 sit,
2022 4533 2273 4602 idemque
2302 4532 2417 4599 ipse
2446 4537 2501 4583 et
2529 4534 2653 4581 ante
2678 4531 2792 4580 erat
2814 4563 2828 4587 ,
2857 4530 2914 4576 ει
2938 4528 3053 4584 εει,
3086 4527 3141 4572 ει
3168 4515 3271 4573 erit
3296 4514 3351 4569 in
3375 4528 3483 4569 sa:-

1889 4624 2031 4679 eula.
2072 4621 2204 4678 Nam
2243 4634 2385 4676 nunc
2426 4630 2641 4688 quoque
2679 4615 2865 4669 dicunt
2901 4610 3071 4666 Judaei
3100 4609 3261 4663 alium
3293 4614 3483 4661 ventu-

1892 4730 2046 4781 rum;
2076 4723 2133 4769 et
2154 4728 2276 4769 cum
2302 4726 2368 4767 eo
2395 4709 2482 4780 qui
2522 4716 2606 4764 est
2638 4705 2848 4773 seipsos
2876 4701 3221 4773 privaverint,
3254 4698 3488 4754 incident

1896 4812 1948 4866 in
1996 4807 2407 4863 Antichristum.
2450 4800 2706 4855 Doctrinis
2736 4796 2889 4851 rariis
2930 4805 2979 4849 et
3020 4792 3294 4865 peregrinis
3337 4790 3490 4844 nolite

1896 4901 2098 4955 abduci.
2128 4898 2245 4954 Non
2276 4897 2449 4953 solum
2494 4891 2791 4964 peregrinis
2815 4931 2830 4957 ,
2862 4888 2954 4945 sed
3002 4886 3163 4942 etiam
3189 4884 3351 4939 variis
3380 4881 3491 4935 vult

1899 5006 1995 5047 eos
2021 4989 2212 5045 abduci
2241 5004 2256 5041 :
2288 4993 2509 5041 noverat
2538 4981 2682 5038 enim
2708 4996 2777 5035 ex
2800 4988 3027 5049 utraque
3064 4984 3213 5046 parte
3253 4972 3491 5027 nascitu-

1900 5099 2014 5139 ram
2042 5079 2331 5151 perniciem
2361 5076 2619 5134 seductis.
2653 5072 2914 5145 Optimum
2942 5080 3013 5124 cst
3042 5068 3172 5123 enim
3203 5066 3368 5137 gratia
3392 5076 3495 5118 sta-

1905 5176 2041 5233 biliri
2067 5191 2173 5238 cor,
2204 5188 2306 5227 non
2334 5171 2460 5226 escis
2480 5211 2493 5233 ,
2520 5182 2634 5240 qua
2661 5181 2764 5221 non
2798 5164 3098 5235 profuerunt
3126 5158 3497 5213 ambulantibus

1906 5268 1961 5323 in
1989 5267 2077 5322 eis.
2110 5265 2208 5321 llic
2238 5263 2491 5334 paulatim
2519 5258 2825 5315 subindicat
2852 5270 2947 5312 eos
2974 5254 3062 5324 qui
3090 5251 3499 5308 introducebant

1908 5357 2340 5414 observatioiiem
2366 5354 2610 5411 ciborum
2646 5368 2660 5406 :
2701 5349 2807 5405 lide
2834 5348 2977 5404 enim
3004 5344 3202 5403 munda
3228 5354 3353 5398 sunt
3381 5359 3499 5394 om-

1909 5458 1996 5514 nia
2023 5474 2037 5511 :
2066 5456 2167 5513 fide
2195 5470 2323 5526 ergo
2348 5469 2482 5524 opus
2504 5460 2606 5517 est,
2635 5464 2742 5506 non
2769 5450 2923 5504 cibis.
2950 5446 3041 5502 lo.
3074 5446 3330 5500 natam
3358 5446 3490 5498 enim

1909 5549 2095 5615 altare,
2117 5546 2180 5600 de
2199 5561 2297 5615 qua
2324 5546 2469 5599 cdere
2490 5559 2591 5597 non
2616 5539 2796 5595 habent
2826 5546 3115 5607 potestatem
3142 5536 3230 5605 qui
3254 5537 3487 5589 taberna-

1912 5637 2029 5692 culo
2052 5634 2358 5691 deserviunt.
2386 5633 2515 5701 Quae
2540 5638 2664 5686 sunt
2689 5628 2830 5699 apud
2860 5643 2979 5691 nos,
3013 5627 3203 5698 inquit,
3232 5641 3337 5682 non
3366 5633 3491 5678 sunt

1912 5726 2083 5798 qualia
2118 5724 2334 5787 Judaica
2356 5764 2372 5791 ,
2414 5723 2551 5778 adeo
2583 5730 2640 5777 ut
2678 5735 2780 5775 nec
2824 5718 3056 5790 pontiﬁci
3090 5719 3303 5789 quidem
3332 5716 3489 5775 lit-eat
