4062 6482
606 412 706 468 29.7

610 519 791 557 etn'um
824 517 941 559 esse
967 501 1287 573 participem.
1317 500 1690 569 Quamobrem,
1722 504 1964 569 quoniam
1988 498 2153 553 dixit:

610 593 686 648 Ne
711 595 1020 658 observetis,
1044 593 1319 655 videbatur
1340 600 1514 647 autem
1547 593 1647 646 hoc
1672 605 1789 647 esse
1811 591 1925 661 ejus
1948 590 2037 660 qui
2061 606 2155 645 sua

607 685 832 741 destruit
855 726 869 747 .
908 686 1006 739 hoc
1048 698 1230 738 rursus
1266 685 1495 737 invertit.
1527 683 1659 737 Num
1685 698 1781 737 nos
1808 697 2016 752 quoque
2049 699 2154 735 non

608 776 965 839 observamus,
990 774 1190 843 inquit?
1216 772 1568 829 Observamus
1588 775 1746 829 etiam
1769 773 2151 834 vehementius,

608 880 673 918 ne
712 867 834 933 ipsis
871 865 1081 934 quidem
1115 864 1477 917 sacerdotibus
1504 863 1618 917 hzec
1652 862 2032 930 impertientes.
2066 863 2151 915 11.

612 955 829 1019 Quorum
856 957 984 1007 enim
1010 954 1304 1005 animalium
1330 954 1547 1019 infertur
1577 953 1781 1021 sanguis
1822 968 1914 1019 pro
1951 962 2152 1021 peccato

603 1044 655 1096 in
679 1051 848 1097 sancta
876 1060 964 1111 per
988 1042 1288 1110 pontiﬁcem,
1317 1043 1494 1094 horum
1523 1057 1733 1107 corpora
1753 1051 2037 1094 cremantur
2066 1057 2152 1094 ea:-

605 1142 681 1182 tra
710 1140 890 1183 castra.
926 1129 1005 1183 12.
1041 1130 1254 1197 Propter
1286 1130 1418 1184 auod
1454 1139 1503 1182 et
1542 1129 1691 1183 Iesus
1728 1140 1780 1181 ut
1819 1130 2152 1197 sanctiﬁcaret

606 1236 688 1285 per
714 1236 854 1272 suum
878 1219 1169 1289 sanguinein
1190 1219 1449 1288 populum,
1474 1229 1612 1272 extra
1634 1228 1830 1287 portam
1859 1236 2034 1287 passus
2056 1230 2147 1272 est.

607 1307 788 1361 Vidisti
817 1307 1034 1375 ﬁguram
1069 1307 1527 1376 resplendentem?
1554 1305 1712 1361 Extra
1741 1318 1926 1375 castra,
1962 1309 2145 1377 inquit,

601 1406 671 1459 (ιι,
704 1394 862 1450 Extra
882 1406 1095 1465 portam.
1120 1397 1376 1463 Quoniam
1398 1411 1523 1466 ergo
1543 1412 1659 1467 qua:
1683 1397 2036 1451 oﬂ‘crebantur
2053 1413 2149 1467 pro

601 1495 814 1552 peccato
854 1496 1008 1556 typus
1046 1487 1255 1555 quidam
1297 1496 1447 1541 erant
1468 1527 1481 1550 ,
1512 1497 1564 1542 et
1597 1497 1740 1541 extra
1774 1496 1943 1542 castra
1971 1489 2022 1541 in
2049 1489 2146 1541 ho-

601 1580 887 1631 loraustum
920 1578 1365 1643 incendebantur,
1387 1579 1507 1647 jure
1542 1580 1729 1634 merito
1757 1590 1903 1635 extra
1941 1592 2144 1649 portam

600 1683 780 1735 passus
807 1678 883 1722 eSt
910 1668 1065 1723 Jesus
1090 1671 1176 1739 qui
1206 1685 1298 1738 pro
1321 1671 1550 1739 peccatis
1587 1672 1781 1725 nostris
1806 1672 2011 1726 oblatus
2042 1681 2143 1726 est.

595 1756 851 1822 Quocirca
877 1758 1034 1811 etiam
1065 1773 1160 1811 nos
1189 1768 1396 1825 oportet
1423 1774 1540 1814 eum
1566 1759 1654 1828 qui
1686 1775 1781 1828 pro
1811 1760 1962 1814 nobis
2000 1776 2145 1815 mor-

597 1854 703 1899 tem
732 1847 849 1899 tulit
890 1847 1110 1912 imitari,
1138 1848 1397 1917 longeque
1427 1864 1454 1900 a
1485 1851 1625 1902 curis
1653 1849 1807 1920 hujus
1840 1852 2021 1903 nnmdi
2056 1866 2145 1905 re-

598 1934 808 1999 cedere,
836 1934 937 1989 hoc
966 1947 1043 1989 est
1063 1976 1078 2001 ,
1112 1946 1256 1989 extra
1303 1938 1550 1992 mundum
1582 1939 1768 2005 simus,
1800 1949 1853 1995 et
1903 1956 2145 1997 seorsum

597 2037 625 2073 ε
668 2022 824 2076 rebus
864 2024 1104 2077 terrenis.
1149 2022 1297 2079 Unde
1345 2025 1445 2080 hoc
1495 2026 1881 2095 signiﬁcaturus
1926 2031 2144 2100 subjun-

595 2113 671 2164 xit
703 2131 713 2163 ε
746 2115 829 2168 i5.
865 2113 1115 2167 Exeamus
1145 2130 1259 2185 ergo
1286 2116 1353 2167 ad
1380 2131 1490 2168 eum
1515 2127 1657 2170 extra
1684 2129 1867 2183 castra,
1894 2120 2145 2190 imprope-

594 2202 723 2253 rimn
765 2203 871 2272 ejus
911 2214 1161 2270 portantes
1186 2245 1199 2268 ,
1235 2203 1335 2258 hoc
1372 2215 1482 2268 est,
1514 2206 1697 2259 eadem
1740 2209 2027 2275 patientes,
2053 2225 2144 2265 so-

596 2291 835 2344 cietatem
859 2307 977 2345 eum
1006 2308 1069 2346 co
1100 2292 1353 2347 habentes
1387 2295 1439 2347 in
1472 2295 1821 2364 passionibus.
1854 2298 2143 2369 Tamquam

597 2381 976 2434 condemnatus
995 2422 1008 2442 .
1041 2382 1180 2435 foras
1217 2392 1366 2437 actus
1394 2391 1474 2436 est
1499 2385 1550 2437 in
1575 2400 1781 2439 erucem
1813 2405 1826 2439 :
1856 2403 2026 2457 neque
2050 2405 2149 2447 nos

596 2484 722 2537 ergo
748 2469 937 2536 pudeat
960 2469 1097 2523 foras
1118 2480 1169 2524 et
1190 2481 1335 2524 extra
1355 2473 1603 2525 mundum
1625 2476 1788 2528 exire.
1806 2476 1936 2531 litnd
1954 2481 2146 2548 quippe

574 2558 763 2612 aiunuit
786 2574 877 2627 per
909 2558 959 2613 id
985 2558 1121 2628 quod
1149 2559 1305 2613 dicit:
1336 2560 1495 2614 Extra
1526 2572 1708 2627 castra,
1741 2573 1811 2629 et,
1846 2564 2003 2619 Extra
2033 2585 2146 2635 por-

596 2658 711 2699 tam.
746 2647 832 2702 η.
869 2646 987 2701 Non
1028 2651 1158 2702 enim
1200 2649 1435 2703 habemus
1473 2651 1586 2716 hic,
1625 2652 1823 2721 inquit,
1869 2669 2145 2713 manentem

595 2750 855 2813 civitatem,
886 2748 974 2802 sed
1001 2753 1218 2817 futuram
1246 2748 1557 2816 inquirimus.
1590 2736 1671 2804 l5.
1708 2748 1808 2802 Per
1833 2749 1997 2818 ipsum
2025 2765 2141 2818 ergo

594 2836 860 2901 oneramus
886 2838 1094 2890 hostiam
1129 2836 1291 2890 laudis
1320 2852 1513 2904 seraper
1535 2835 1643 2890 Deo
1664 2878 1677 2902 ,
1709 2837 1764 2890 id
1787 2847 1858 2890 est
1881 2875 1899 2903 ,
1926 2839 2142 2906 fructum

595 2926 933 2993 conﬁtentium
959 2926 1147 2978 nomini
1166 2926 1290 2992 ejus.
1322 2925 1420 2979 Per
1438 2925 1621 2993 ipsum,
1650 2926 1741 2988 ait,
1766 2935 2029 2996 tamquam
2051 2940 2144 2994 per

595 3016 893 3084 pontiﬁcem
921 3058 936 3081 ,
976 3016 1115 3085 quod
1155 3016 1221 3069 ad
1261 3030 1472 3069 carnem
1509 3017 1714 3071 attinet.
1756 3017 2141 3084 Conﬁtendum,

597 3108 783 3177 inquit,
809 3110 996 3161 nomini
1024 3109 1147 3177 ejus.
1184 3108 1291 3162 Hoc
1316 3117 1416 3172 est,
1443 3107 1583 3162 Nihil
1622 3108 1895 3177 loquamur
1923 3108 2143 3162 maledi-

594 3211 745 3261 cum,
771 3197 900 3250 nihil
925 3205 1229 3267 protervum
1250 3236 1265 3258 ,
1295 3196 1421 3250 nihil
1453 3196 1651 3263 audax,
1678 3197 1807 3251 nihil
1833 3197 2109 3267 impudens
2128 3240 2142 3263 ,

597 3286 724 3339 nihil
756 3300 1006 3353 arrogans
1030 3302 1044 3349 ;
1073 3286 1166 3340 sed
1193 3301 1310 3340 cum
1340 3286 1536 3353 pudore
1562 3295 1613 3340 et
1648 3288 1943 3341 reverentia
1972 3289 2144 3340 omnia

598 3374 847 3429 faciamus
870 3386 921 3428 et
950 3375 1203 3428 dicamus.
1235 3374 1383 3441 Quod
1412 3374 1619 3444 quidem
1641 3390 1746 3429 non
1781 3385 1978 3431 temere
1997 3375 2143 3442 dicit,

598 3465 690 3519 sed
719 3474 775 3519 ut
795 3466 882 3531 qui
906 3474 1087 3521 nosset
1108 3480 1199 3519 eos
1218 3479 1334 3519 esse
1358 3467 1407 3518 in
1436 3464 1757 3520 aﬂlictione:
1785 3467 1957 3520 anima
1973 3475 2144 3520 autem

598 3567 743 3621 spem
762 3554 937 3623 abiicit
958 3555 1007 3607 in
1030 3553 1415 3618 afﬂictionibus,
1434 3563 1489 3608 et
1510 3554 1762 3625 pudorem
1784 3557 1944 3611 exuit.
1961 3556 2064 3612 Sed
2083 3572 2147 3612 ne

600 3657 717 3706 nos,
748 3642 933 3711 inquit.
960 3643 1095 3697 Ecce
1125 3658 1303 3697 rursus
1326 3645 1425 3696 hoc
1446 3645 1617 3712 ipsum
1637 3642 1763 3699 dicit
1780 3646 1918 3715 quod
1943 3646 2150 3701 dicebat

601 3734 839 3801 superius
865 3750 878 3785 :
908 3732 1027 3786 Non
1052 3733 1327 3788 deserentes
1346 3776 1360 3800 ,
1389 3735 1585 3803 inquit,
1610 3736 2037 3804 congregationem
2061 3751 2149 3789 no-

600 3831 755 3874 stram
780 3821 958 3889 (Hebr.
979 3822 1062 3877 10.
1079 3823 1191 3890 25).
1212 3822 1298 3878 Sic
1317 3824 1456 3877 enim
1479 3826 1763 3892 poterimus
1780 3827 1952 3879 omnia
1981 3825 2151 3880 facere

601 3927 721 3966 cum
744 3911 940 3981 pudore
954 3921 1007 3967 et
1024 3920 1351 3967 reverenter:
1371 3928 1513 3980 sape
1531 3915 1669 3967 enim
1694 3913 1921 3983 ipsorum
1943 3930 2152 3984 quoque

604 4002 871 4057 hominum
919 4003 1118 4073 pudore
1167 4004 1359 4071 atl'eeti,
1388 4005 1549 4057 multa
1577 4020 1694 4075 qua:
1736 4014 1859 4059 sunt
1913 4006 2149 4075 improba

605 4107 708 4148 non
740 4093 976 4148 iacimus.
1011 4094 1096 4148 16.
1122 4092 1467 4162 Βεηεβεεηιὶω
1499 4104 1663 4149 autem
1710 4104 1756 4149 et
1792 4096 2151 4150 communionis

607 4182 756 4236 nolite
780 4182 1019 4243 oblivisci.

676 4275 728 4328 3.
774 4273 1102 4342 Hospitalitas
1122 4274 1507 4327 commendatur.
1536 4303 1605 4314 —-
1636 4274 1758 4329 llaec
1788 4282 1913 4329 tunc
1942 4274 2153 4343 quidem

608 4363 799 4417 Paulus
819 4362 1046 4427 dicebat,
1076 4378 1213 4416 nunc
1240 4379 1362 4418 vero
1389 4378 1484 4432 ego
1504 4363 1621 4417 dico
1647 4382 1660 4417 :
1694 4379 1799 4417 non
1825 4373 1997 4419 autem
2024 4379 2158 4432 prae-

607 4453 843 4505 sentibus
872 4460 1069 4505 tantum
1095 4452 1212 4506 dico
1239 4451 1613 4517 fratribus,scd
1643 4452 1798 4505 etiam
1830 4452 2153 4507 absentibus.

611 4543 772 4597 Nemo
800 4552 973 4596 vestra
1004 4544 1175 4609 rapuit
1205 4560 1218 4593 :
1250 4544 1293 4595 si
1326 4553 1499 4596 autem
1530 4544 1616 4597 alii
1649 4552 1853 4597 vestras
1883 4543 2158 4598 facultates

609 4641 916 4702 rapuerunt,
949 4631 1082 4684 unde
1103 4632 1219 4685 licet
1240 4632 1499 4686 ostendite
1521 4633 1942 4700 ltOSpitalitatem.
1961 4632 2154 4698 Quam-

611 4738 731 4777 nam
770 4737 894 4791 ergo
940 4737 1078 4775 nunc
1124 4722 1428 4776 habebimus
1461 4722 1872 4783 excusationem,
1916 4737 2033 4775 eum
2076 4722 2157 4773 isti

611 4814 766 4869 etiam
802 4822 918 4880 post
944 4827 1157 4866 suorum
1188 4813 1440 4866 honorum
1488 4814 1722 4881 rapinam
1772 4813 1883 4867 hmc
1908 4812 2159 4866 audient?

617 4907 673 4959 Et
705 4905 844 4969 vide,
879 4905 961 4958 hic
988 4905 1136 4967 dicit.
1180 4904 1520 4973 Bene/icentia:
1562 4906 1715 4959 nolite
1758 4905 1994 4967 obliuisci,
2042 4921 2159 4959 cum

618 4996 759 5061 prius
783 4994 1020 5057 dixisset,
1054 4993 1425 5061 Hospitalitatis
1444 5034 1459 5058 ,
1490 5009 1594 5046 non
1622 4994 1762 5047 aliud
1789 5004 1843 5048 et
1870 4994 2006 5047 aliud
2036 4995 2160 5047 sub-

617 5086 739 5139 inde
766 5085 1066 5145 ostcndens,
1089 5085 1181 5139 sed
1212 5100 1368 5137 unum
1399 5095 1449 5139 et
1476 5085 1612 5139 idem
1640 5101 1731 5151 per
1761 5087 1951 5138 variam
1978 5087 2160 5139 dictio-

620 5189 761 5227 nem.
790 5172 855 5224 Et
881 5188 982 5223 non
1006 5173 1527 5241 dixit,Susceptionis
1552 5175 1812 5240 hospitum
1838 5174 2001 5232 nolite
2029 5175 2160 5226 olili-

622 5264 772 5327 visci,
803 5263 915 5321 sed.
942 5263 1321 5333 Hospitalitatis,
1353 5264 1451 5319 hoc
1478 5275 1576 5327 est,
1608 5265 1718 5318 Non
1746 5264 1911 5317 solum
1944 5265 2164 5330 excipite

617 5367 868 5433 hospites.
901 5368 993 5418 sed
1025 5369 1178 5421 etiam
1208 5368 1443 5437 hospites
1470 5370 1690 5439 diligite.
1735 5369 1841 5424 Nec
1866 5369 1998 5423 dixit
2024 5369 2164 5423 futu-

613 5471 721 5506 ram
765 5465 816 5507 et
859 5456 1141 5522 reposiLam
1187 5459 1685 5524 remunerationem,
1739 5474 1806 5512 ne
1849 5474 1942 5514 eos
1985 5472 2165 5513 rursus

612 5545 793 5597 reddat
836 5546 1154 5613 supiniores,
1193 5548 1284 5601 sed
1311 5565 1425 5602 eam
1466 5566 1580 5619 qme
1604 5552 1711 5617 jam
1744 5549 1838 5603 fuit
1866 5551 1987 5603 data
2019 5568 2031 5604 :
2063 5548 2167 5603 Per

609 5633 737 5683 lianc
763 5635 915 5697 enim,
947 5636 1139 5699 intulit,
1167 5637 1370 5705 quidam
1415 5640 1672 5693 inscientes
1710 5641 1924 5707 hospitio
1957 5655 2162 5709 excepe-

610 5735 725 5775 runt
764 5727 987 5793 angelos.
1039 5725 1141 5781 Sed
1184 5731 1455 5798 superiora
1498 5731 1784 5800 videamus,
1828 5730 2155 5799 llonorabtle,

1358 405 1413 458 S.
1452 396 1724 456 JOANNIS
1757 387 2223 450 CllRYSOSTOMl
2264 386 2573 444 ARCHIEP.
2612 377 3138 439 CONSTANTINOP.

3728 373 3851 434 228

2239 495 2425 567 inquit,
2450 489 2748 547 connubium
2787 485 2839 537 in
2868 482 3115 542 omnibus,
3152 488 3196 530 et
3226 486 3363 528 torus
3403 461 3823 567 innuacutatui.‘

2235 550 2510 655 Quomodo
2540 580 2562 633 ἲ
2590 575 2849 646 Quoniam
2892 576 2942 626 in
2995 570 3257 629 castitate,
3308 561 3497 655 inquit,
3545 566 3603 613 et
3638 550 3827 655 PII-di-

2234 643 2355 732 citia
2405 643 2682 729 conservat
2736 666 2963 720 fidelem.
2992 660 3088 715 llic
3131 659 3291 713 etiam
3322 653 3478 707 tacite
3511 648 3681 717 tangit
3707 643 3815 700 Ju-

2234 768 2398 831 daeos,
2452 761 2591 832 quod
2644 753 3056 812 abominandum
3121 747 3486 803 existimarent
3540 734 3812 794 concubi-

2232 870 2344 913 tum
2375 874 2389 908 τ
2425 853 2487 908 Et
2514 852 2597 923 qui
2626 865 2688 904 ea:
2729 849 2864 901 coitu
2888 843 3123 913 resurgit,
3158 838 3345 908 inquit,
3379 850 3479 889 non
3518 839 3812 923 est‘pnrns.

2234 951 2347 1006 Non
2378 955 2502 1004 sunt
2527 921 2881 998 abominanda
2908 951 3027 1006 qum
3054 943 3179 987 sunt
3206 946 3269 984 ex
3292 935 3502 986 natura,
3533 938 3567 977 ο
3596 921 3813 990 ingrate

2234 1052 2287 1097 et
2313 1040 2456 1096 nullo
2484 1049 2643 1091 sensu
2681 1029 2900 1101 prardite
2944 1025 3128 1081 Iudice
3152 1062 3167 1087 ,
3196 1019 3289 1075 sed
3319 1032 3438 1088 qua:
3467 1023 3593 1069 sunt
3615 1026 3681 1066 ex
3713 1026 3811 1101 vn.

2234 1136 2434 1189 luntate
2462 1138 2516 1182 et
2554 1100 2720 1180 libero
2762 1119 2921 1173 animi
2951 1114 3170 1170 arbitrio
3193 1128 3209 1166 :
3232 1125 3351 1163 nam
3398 1106 3451 1161 si
3493 1100 3812 1189 honorabiles.

2232 1185 2563 1273 etmundum
2590 1218 2672 1264 est
2696 1201 3112 1261 matrimonium,
3141 1210 3237 1250 cur
3262 1193 3422 1247 etiam
3452 1204 3520 1244 ex
3546 1202 3613 1241 eo
3640 1185 3810 1255 pollui

2233 1305 2541 1362 existimas?
2568 1300 2682 1354 Sint
2713 1308 2895 1355 mores,
2924 1288 3116 1357 inquit,
3146 1285 3255 1339 sine
3277 1281 3509 1335 avaritia.
3538 1275 3812 1344 Quoniam

2235 1397 2406 1460 multi,
2433 1402 2707 1463 postquam
2727 1400 2821 1441 sua
2850 1383 2986 1437 bona
3011 1375 3316 1438 etl‘uderint,
3339 1370 3524 1425 volunt
3542 1377 3812 1463 praetextu

2234 1458 2586 1556 eleeniosynte
2633 1496 2696 1535 ea
2741 1490 2922 1532 rursus
2969 1470 3266 1540 acquirere,
3322 1470 3601 1534 propterea
3648 1458 3809 1519 dicit,

2235 1580 2351 1635 Sint
2380 1555 2536 1630 mores
2564 1573 2670 1625 sine
2703 1566 2949 1621 avaritia:
2979 1562 3080 1616 hoc
3109 1568 3211 1621 est,
3245 1555 3319 1611 Ea
3361 1562 3560 1606 tantum
3587 1564 3812 1618 (puera-

2234 1683 2351 1725 mus
2380 1666 2569 1737 quibus
2603 1669 2684 1716 est
2716 1673 2869 1728 opus,
2914 1664 2969 1710 et
2999 1668 3116 1723 qua:
3151 1656 3274 1704 sunt
3309 1643 3629 1737 necessaria.
3664 1638 3811 1737 Quid

2239 1774 2365 1816 vero
2385 1728 2411 1824 ,Ι
2445 1756 2489 1809 si
2536 1768 2601 1806 nc
2641 1766 2702 1805 ea
2750 1747 2960 1815 quidem
3012 1742 3166 1797 nobis
3209 1732 3531 1806 suppetant?
3573 1730 3694 1829 Non
3734 1728 3810 1780 ita

2234 1859 2335 1915 est,
2375 1861 2478 1900 non
2525 1844 2593 1895 ita
2633 1848 2714 1894 est
2744 1857 2757 1891 ε
2791 1838 2904 1905 ipse
2931 1833 3071 1888 enim
3102 1829 3254 1891 dixit,
3288 1837 3342 1879 et
3370 1837 3477 1915 non
3506 1829 3806 1915 mentitur:

2236 1911 2355 1993 Non
2402 1945 2447 1989 te
2481 1934 2725 1993 deserant,
2758 1941 2913 1995 neque
2955 1934 3002 1976 te
3045 1920 3409 1985 derelinquam.
3439 1914 3514 1969 Ita
3543 1918 3602 1965 ut
3643 1911 3813 1964 conti-

2233 2032 2420 2085 denter
2454 2025 2723 2079 dicamus:
2752 2016 2998 2070 Dominus
3043 2009 3166 2064 mihi
3194 2008 3397 2070 adiutor
3424 2019 3446 2058 :
3473 2018 3576 2055 non
3619 1998 3813 2052 timebo

2234 2120 2353 2191 quid
2385 2116 2535 2187 faciat
2565 2112 2685 2165 milii
2715 2109 2861 2162 homo
2894 2102 3061 2176 (Psal.
3092 2100 3225 2191 H7.
3357 2096 3433 2149 Ac
3464 2093 3520 2191 si
3552 2090 3759 2146 diceret
3793 2106 3808 2140 :

2234 2183 2408 2265 ilabes
2448 2205 2515 2257 ah
2557 2204 2673 2270 ipso
2705 2196 3048 2268 promissum,
3102 2204 3167 2242 ne
3196 2186 3405 2241 dubites
3444 2183 3512 2237 de
3558 2191 3806 2236 ca-tero:

2234 2302 2346 2368 ipse
2374 2304 2456 2352 est
2481 2290 2759 2363 pollicitus,
2816 2300 2882 2339 ne
2924 2282 3180 2349 ambigas.
3214 2275 3343 2368 illud
3372 2282 3569 2368 autem,
3604 2270 3727 2368 lVon
3758 2283 3814 2368 te

2236 2362 2493 2448 deseram,
2512 2396 2617 2437 non
2657 2379 2781 2432 dicit
2810 2374 2982 2431 solum
3010 2370 3077 2425 de
3115 2367 3374 2438 pecuniis,
3412 2364 3506 2418 sed
3545 2363 3709 2416 etiam
3736 2362 3812 2415 de

2235 2479 2347 2530 aliis
2376 2473 2641 2527 omnibus.
2666 2466 2917 2521 Dominus
2943 2461 3062 2514 mihi
3081 2460 3285 2528 adjutor
3310 2472 3331 2509 :
3357 2470 3455 2507 non
3479 2451 3661 2505 timebo
3682 2451 3810 2520 quid

2236 2568 2388 2636 faciat
2416 2562 2539 2615 milii
2561 2562 2728 2613 homo.
2754 2558 2819 2611 Et
2842 2551 3034 2606 merito
3054 2548 3332 2617 Propheta:
3354 2546 3552 2599 dictum
3576 2541 3803 2636 addidit.

2237 2631 2309 2709 sic
2335 2655 2619 2720 obsignans
2646 2659 2966 2706 sermonem,
3000 2648 3056 2695 et
3080 2637 3365 2692 alacriores
3406 2648 3504 2687 nos
3547 2631 3805 2691 reddens,

2239 2756 2292 2798 ut
2321 2759 2386 2798 ne
2411 2742 2773 2809 desperemus.
2806 2733 2914 2786 lloc
2950 2744 3077 2798 ergo
3110 2743 3205 2781 nos
3235 2738 3445 2794 quoque
3472 2722 3719 2777 dicamus
3751 2722 3806 2771 in

2246 2837 2494 2893 omnibus
2523 2831 2925 2892 tentationibus,
2974 2827 3201 2879 humana
3245 2820 3610 2876 irrideamus:
3640 2815 3823 2871 donec.

2248 2931 2411 2986 Deum
2452 2928 2707 2982 habemus
2737 2920 3045 2993 propitium,
3088 2929 3244 2971 nemo
3279 2926 3379 2968 nos
3416 2908 3713 2981 superabit.
3751 2907 3817 2959 lt

2245 3019 2407 3083 enim,
2443 3016 2487 3072 si
2517 3015 2604 3068 ille
2633 3014 2701 3066 sit
2728 2994 2995 3073 inimicus,
3022 3005 3229 3061 etiamsi
3271 3015 3459 3056 omnes
3486 2999 3595 3054 sint
3632 2998 3793 3051 amici

2246 3110 2376 3164 nihil
2403 3106 2619 3179 prodest
2652 3122 2665 3157 :
2700 3103 2769 3157 ita
2798 3102 2843 3156 si
2882 3103 2998 3169 ipse
3025 3099 3095 3152 sit
3130 3095 3353 3154 amicus.
3384 3088 3592 3146 etiamsi
3618 3103 3769 3179 AOHm-
3794 3102 3822 3137 ει

2245 3177 2637 3271 belligerentur,
2686 3192 2821 3249 nihil
2870 3204 2969 3245 nos
3008 3189 3170 3244 lzedit.
3210 3186 3332 3241 ideo
3369 3182 3546 3238 dixit:
3579 3177 3703 3234 Non
3750 3181 3788 3228 ιὲ

2246 3294 2384 3346 mebo
2417 3292 2538 3361 quid
2562 3288 2716 3359 faciat
2754 3284 2874 3337 mihi
2897 3284 3065 3337 homo.
3101 3279 3399 3335 Mementote
3429 3273 3817 3343 prapositomrt

2245 3392 2537 3445 vestrorum,
2568 3380 2653 3449 qui
2677 3376 2811 3431 vobis
2837 3375 3030 3443 loquuti
3056 3381 3169 3425 sunt
3197 3368 3395 3423 uerbum
3417 3365 3530 3419 Dei.
3564 3364 3659 3418 llic
3682 3378 3813 3432 qun-

2244 3478 2348 3539 que
2377 3470 2620 3525 existimo
2651 3482 2770 3521 cum
2803 3466 2979 3518 dicere
3005 3462 3072 3515 de
3114 3460 3310 3514 auxilio
3340 3475 3352 3510 :
3383 3458 3483 3510 hoc
3526 3453 3668 3509 enim
3711 3465 3816 3515 est,

2249 3562 2347 3628 Qui
2372 3561 2505 3615 vobis
2544 3559 2735 3629 loquuti
2774 3564 2888 3610 sunt
2924 3552 3121 3607 uerbum
3158 3549 3273 3603 Dei.
3310 3548 3537 3612 Quorum
3565 3554 3817 3600 ιηικεηιιί

2248 3654 2433 3707 exitum
2474 3649 2882 3713 conversationis,
2925 3642 3191 3698 imitamini
3221 3642 3393 3709 (idem.
3425 3637 3559 3705 Quid
3588 3644 3692 3702 est,
3722 3634 3819 3689 ln-

2247 3742 2476 3796 tuentes.’
2505 3740 2729 3795 Assidue
2771 3745 3064 3801 versantes,
3107 3730 3245 3802 apud
3286 3745 3382 3784 vos
3423 3728 3815 3789 examinantes.

2248 3833 2624 3888 ratiocinantes
2648 3870 2665 3895 ,
2693 3835 2937 3883 accurate
2967 3834 3021 3879 et
3056 3832 3241 3878 exacte
3266 3830 3584 3890 quaerentes,
3619 3826 3675 3871 ut
3702 3816 3819 3871 vui-

2248 3924 2315 3978 tis
2340 3930 2651 3976 scrutantes.
2682 3919 2842 3972 Recte
2867 3916 3012 3978 dicit,
3047 3913 3247 3967 Exitum
3271 3909 3690 3971 conuersationis;
3714 3909 3819 3961 hoc

2247 4022 2348 4075 est,
2372 4012 2459 4081 qui
2480 4009 2730 4080 pertingit
2753 4020 2918 4075 usque
2946 4004 3010 4057 ad
3041 4001 3487 4069 linem,quoniam
3522 3999 3718 4054 bonum
3752 3999 3816 4050 ti-

2248 4118 2368 4157 nem
2392 4100 2575 4154 habuit
2601 4112 2785 4153 eorum
2807 4094 3160 4150 conversatio.
3193 4089 3345 4144 Jesus
3366 4088 3596 4153 Christus
3627 4088 3737 4141 lteri
3767 4099 3815 4142 et

2250 4194 2415 4257 hodie,
2446 4192 2577 4244 idem
2605 4201 2652 4243 et
2690 4191 2743 4241 in
2771 4187 2975 4241 saxula.
2998 4185 3051 4239 Id
3080 4191 3163 4239 est
3186 4201 3199 4236 :
3226 4182 3303 4238 Ne
3328 4181 3645 4237 existimetis
3670 4180 3814 4250 quod

2251 4295 2376 4339 tunc
2400 4283 2584 4339 fecerit
2616 4280 2887 4342 miracula,
2918 4292 3058 4332 nunc
3096 4283 3273 4329 autem
3306 4288 3412 4328 non
3441 4272 3635 4329 iaciat:
3669 4270 3811 4325 idem

2250 4377 2362 4443 ipse
2378 4382 2478 4436 est,
2503 4381 2557 4427 et
2580 4372 2824 4441 quoniam
2854 4368 2992 4423 idem
3013 4376 3115 4431 est,
3146 4372 3249 4420 non
3272 4374 3355 4420 est
3374 4373 3583 4432 tempus
3602 4362 3818 4432 quando

2251 4481 2355 4521 non
2377 4465 2541 4535 possit
2559 4465 2656 4517 ista
2677 4460 2917 4532 operari:
2937 4460 3001 4514 ad
3024 4457 3161 4528 quod
3187 4456 3405 4511 torsitan
3425 4454 3717 4523 respiciens
3738 4454 3820 4507 di-

2252 4556 2325 4611 xit
2342 4574 2354 4610 :
2376 4555 2671 4609 Mementote
2686 4550 3067 4621 prapositorum
3085 4559 3376 4602 uestrorum.
3390 4546 3651 4599 Doctrinis
3666 4548 3819 4599 variis

2252 4655 2296 4699 et
2320 4644 2593 4715 peregrinis
2620 4641 2773 4695 nolite
2793 4640 2990 4693 abduci.
3009 4637 3316 4707 Peregrinis,
3341 4635 3441 4689 hoc
3470 4643 3572 4700 est,
3591 4634 3817 4689 diversis

2251 4738 2400 4792 abiis
2426 4751 2553 4804 quas
2573 4751 2603 4789 a
2633 4734 2783 4787 nobis
2808 4731 3083 4785 audivistis
3114 4747 3127 4782 :
3168 4727 3351 4792 Variis,
3386 4726 3486 4780 hoc
3510 4737 3592 4779 est
3616 4767 3629 4790 ,
3661 4740 3820 4780 omne

2252 4841 2419 4897 genus
2437 4823 2711 4879 doctrinis.
2732 4822 2887 4875 Tales
2907 4819 3046 4873 enim
3073 4817 3201 4871 nihil
3226 4817 3419 4871 habent
3446 4814 3605 4869 ﬁxum
3636 4824 3692 4869 et
3712 4826 3789 4867 sta
3805 4845 3818 4856 -

2254 4918 2382 4981 bile,
2401 4916 2492 4969 sed
2514 4908 3071 4975 suntvarim,maxime
3087 4908 3135 4961 id
3150 4906 3291 4978 quod
3316 4905 3380 4959 ad
3403 4904 3551 4959 cibos
3569 4904 3813 4974 pertinet.

2253 5006 2453 5061 Idcirco
2476 5004 2539 5057 ad
2570 5004 2669 5056 hoc
2697 4999 2991 5069 respiciens
3019 4998 3293 5067 subiungit
3320 5013 3335 5049 :
3366 4994 3567 5049 Bonu’m
3595 4995 3728 5048 enim
3750 5005 3819 5049 est

2254 5100 2415 5169 gratia
2441 5094 2656 5149 stabiliri
2684 5108 2789 5154 car,
2820 5107 2918 5144 non
2948 5089 3091 5143 escis.
3123 5088 3211 5141 Eat
3238 5095 3361 5141 sunt
3388 5086 3568 5150 variae,
3593 5100 3671 5140 ea:
3698 5097 3819 5140 sunt

2257 5189 2566 5259 peregrine.
2591 5185 2687 5239 the
2712 5183 2764 5236 in
2789 5180 3208 5251 superstitiosam
3234 5178 3473 5233 ciborum
3497 5176 3819 5231 observatur

2258 5295 2377 5334 nem
2406 5276 2671 5337 invehitur
2702 5291 2714 5325 :
2747 5270 2979 5326 ostendit
3004 5270 3147 5324 enim
3173 5267 3442 5337 quomodo
3471 5282 3533 5319 ex
3563 5269 3819 5334 supersu-

2259 5373 2390 5425 tiosa
2407 5369 2645 5423 ciborum
2674 5362 3044 5418 observatione
3062 5361 3114 5415 in
3132 5360 3358 5415 alienam
3376 5374 3405 5411 a
3429 5368 3570 5411 recta
3598 5358 3703 5412 fide
3725 5360 3817 5413 do-

2256 5461 2477 5516 ctrinam
2498 5455 2797 5519 inciderint,
2828 5450 3055 5520 indeque
3085 5451 3135 5503 in
3161 5449 3337 5503 varias
3357 5458 3409 5501 et
3427 5462 3590 5501 novas
3618 5448 3819 5501 doctri-

2259 5565 2356 5605 nas
2374 5549 2570 5604 sensim
2592 5560 2651 5600 se
2674 5541 3004 5599 demiserint.
3033 5541 3097 5595 Et
3117 5539 3237 5595 vide
3261 5553 3383 5595 eum
3413 5554 3515 5592 non
3534 5538 3817 5594 audentem

2274 5653 2375 5707 hoc
2399 5660 2581 5719 aperte
2606 5650 2801 5711 dicere,
2823 5645 2919 5701 sed
2942 5644 3091 5715 quasi
3121 5644 3171 5698 in
3197 5642 3496 5711 aenigmate.
3522 5639 3652 5691 Dum
3681 5639 3817 5692 enim

2278 5743 2418 5802 dicit,
2443 5737 2924 5807 Noliterircnmferri
2948 5735 3096 5787 variis
3115 5742 3159 5786 et
3187 5730 3325 5785 nonis
3357 5729 3614 5793 doctrinis,
3634 5738 3709 5793 ct,
3734 5726 3819 5779 Bo-
