4062 6404
166 363 274 421 2‘29
906 347 970 405 IN
1009 343 1225 402 EPIST.
1272 340 1361 396 AD
1426 328 1773 392 IIEBIIAEOS

178 476 301 512 num
317 458 450 510 enim
461 464 533 510 est
549 455 716 527 gratia
736 452 952 508 stabiliri
974 468 1080 516 cor,
1101 468 1203 505 non
1232 452 1355 505 escis
1373 465 1392 513 ;
1409 448 1638 518 idipsunt
1663 448 1772 503 lere

177 549 310 603 dicit
328 548 468 617 quod
481 546 746 609 Christus,
769 542 886 598 Non
907 544 1042 611 quod
1057 543 1210 595 intrat
1238 542 1469 611 inquinat
1493 540 1771 605 hominem,

176 644 267 691 sed
291 648 423 706 quod
442 635 697 707 egreditur
722 632 937 705 (Matth.
964 633 1053 688 15.
1082 632 1208 702 11);
1236 630 1579 699 ostenditque
1602 637 1773 683 totum

178 743 303 785 esse
328 728 486 782 ﬁdem
511 743 525 778 :
552 727 597 781 si
630 725 740 793 ipsa
770 739 867 777 nos
894 722 1198 787 stabilierit,
1230 735 1326 775 cor
1354 730 1463 775 stat
1490 719 1542 773 in
1569 726 1707 772 tuto.

258 819 407 874 Fides
433 829 502 872 est
535 816 792 871 ccutraria
819 814 1107 869 ratiocinio.
1132 842 1206 852 —
1232 811 1392 867 Fides
1419 824 1550 881 ergo
1570 809 1773 864 conﬁr-

180 922 293 967 mat
319 924 374 966 et
415 909 642 973 stabilit,
687 911 924 962 rationes
954 919 1083 959 vero
1112 902 1470 967 labefaciunt;
1501 902 1775 956 contraria

178 1003 323 1057 enim
352 1008 437 1056 est
467 1000 600 1054 fides
622 999 925 1053 ratiocinio.
954 995 1080 1063 Qum
1102 1012 1202 1049 non
1227 998 1551 1065 profuerunt,
1582 994 1773 1063 inquit,

181 1093 556 1149 ambulantibus
599 1092 652 1144 in
680 1090 771 1144 eis.
803 1090 941 1158 Quid
969 1088 1112 1143 enim
1144 1088 1298 1152 lucri,
1326 1088 1413 1142 die
1444 1102 1645 1158 quceso,
1682 1100 1775 1141 ca-

181 1187 327 1256 pitur
368 1200 433 1239 es
464 1182 881 1238 observatione?
910 1194 1091 1235 annon
1137 1179 1306 1248 magis
1336 1178 1555 1248 perdit?
1596 1192 1776 1232 annon

181 1293 304 1333 eum
331 1279 419 1345 qui
447 1284 531 1330 est
556 1272 860 1343 bujusmodi
886 1273 1076 1326 statuit
1096 1273 1195 1325 sub
1219 1270 1473 1339 peccato?
1498 1270 1555 1325 Si
1585 1268 1775 1325 obser-

179 1369 413 1423 randum
441 1376 542 1431 est,
587 1366 980 1422 observandum
1026 1374 1110 1420 est
1140 1365 1228 1419 ubi
1274 1364 1400 1419 hinc
1446 1364 1655 1420 lucrum
1684 1363 1782 1417 ob—

178 1462 519 1518 servantibus
567 1460 803 1515 obvenit.
854 1460 999 1513 Bona
1051 1458 1362 1513 observatio
1405 1466 1490 1512 est
1536 1456 1778 1511 amolitio

181 1556 461 1625 ιιῡιιιιίιίιυ,
489 1569 585 1608 cor
627 1560 854 1619 rectum,
892 1554 1061 1622 pietas
1107 1552 1160 1605 iu
1203 1551 1389 1615 Deum,
1425 1561 1570 1605 recta
1620 1548 1775 1603 ﬁdes.

180 1650 312 1716 Qut:
338 1664 438 1701 non
464 1650 792 1716 profuerunt,
836 1643 1027 1714 inquit,
1058 1641 1432 1696 ambulantibus
1456 1642 1509 1695 in
1536 1641 1643 1703 eis;
1675 1639 1779 1694 hoc

178 1748 284 1799 est.
319 1738 384 1792 iis
408 1738 496 1805 qui
525 1752 585 1790 ea
618 1742 876 1805 perpetuo
903 1733 1231 1789 custodiunt.
1262 1733 1377 1788 Una
1405 1741 1489 1787 est
1517 1733 1781 1787 observa-

180 1831 256 1886 tio
284 1831 557 1883 abstinere
578 1844 606 1881 a
636 1836 879 1897 peccato.
903 1826 1040 1894 Quid
1069 1827 1211 1880 enim
1246 1824 1489 1894 prodest,
1522 1840 1644 1878 cum
1671 1826 1778 1879 sint

180 1922 421 1977 nonnulli
442 1921 575 1974 adeo
602 1920 849 1974 scelerati
869 1929 923 1973 et
946 1916 1285 1981 exs‘bcraudi,
1306 1926 1363 1971 ιιι
1392 1916 1776 1971 sacriﬁciorum

184 2028 291 2068 non
310 2012 514 2083 possint
534 2025 652 2065 esse
678 2008 1371 2081 participes?Quamobrem
1395 2008 1631 2062 nibileos
1652 2008 1777 2062 red-

183 2105 345 2161 debat
362 2106 561 2170 salvos,
576 2104 818 2173 quamvis
836 2103 1068 2158 studium
1094 2113 1356 2173 ponerent
1379 2103 1430 2158 in
1448 2104 1779 2158 observatio-

184 2197 372 2260 nibus;
406 2194 522 2260 scd,
544 2196 795 2263 quoniam
830 2194 986 2249 fidem
1019 2210 1127 2249 non
1154 2194 1443 2261 habebant,
1468 2210 1535 2250 ne
1567 2195 1775 2265 sicqui-

181 2288 304 2342 dem
327 2289 405 2341 eis
426 2285 761 2356 proluerunt.
783 2285 982 2340 Deinde
999 2302 1061 2341 ex
1085 2288 1252 2355 ﬁgura
1273 2288 1409 2341 tollit
1429 2286 1771 2354 sacriﬁcium,

182 2386 236 2432 ct
257 2377 322 2431 ad
346 2377 622 2444 exemplar
639 2377 962 2445 primitivum
984 2376 1201 2430 deducit
1221 2378 1541 2443 orationem,
1557 2377 1772 2433 dicens:

184 2470 415 2533 Quorum
446 2469 579 2522 enim
606 2468 904 2521 animalium
944 2469 1162 2535 infertur
1190 2469 1398 2540 sanguis
1440 2486 1533 2535 pro
1576 2478 1776 2539 peccato

177 2562 234 2614 in
266 2570 445 2614 sancta
470 2577 557 2631 per
586 2562 896 2629 ponti/irem,
928 2560 1109 2613 Iterum
1134 2576 1351 2630 corpora
1377 2572 1665 2616 cremantur
1689 2580 1773 2619 cx-

179 2662 261 2706 tra
292 2662 479 2705 castra.
519 2650 772 2718 Quaen-ca
797 2648 951 2705 Iesus
990 2662 1135 2705 extra
1162 2662 1362 2722 portam
1394 2670 1574 2724 passus
1600 2665 1693 2721 est,
1721 2666 1777 2711 ut

177 2744 522 2812 sancti/icaret
552 2743 802 2812 populum
839 2743 1049 2812 preprio
1085 2745 1351 2815 sanguine.
1393 2745 1481 2800 Illa
1520 2762 1649 2817 ergo
1680 2750 1778 2803 Ito-

172 2851 299 2891 rum
325 2845 481 2891 erant
506 2833 770 2905 ﬁgura,et
790 2837 870 2891 sic
893 2836 1079 2890 omnia
1102 2835 1350 2908 implevit
1371 2837 1628 2895 Christus
1652 2856 1783 2912 pas-

172 2948 275 2990 sus
303 2942 479 2988 extra.
516 2931 612 2987 llic
646 2934 808 2986 etiam
842 2934 1115 3002 signiﬁcat
1144 2949 1271 2989 eum
1304 2951 1402 2990 sua
1434 2948 1630 3006 sponte
1661 2955 1785 2996 esse

171 3040 533 3097 perpessum;
566 3024 869 3081 ostendens
898 3026 1044 3097 quod
1072 3040 1249 3099 neque
1282 3028 1371 3082 illa
1407 3037 1612 3085 lentcre
1638 3030 1779 3088 facta

170 3134 322 3189 sunt,
342 3127 435 3181 sed
460 3126 623 3197 ﬁgura
648 3130 889 3197 quardam
913 3141 1064 3186 erant
1086 3143 1141 3188 et
1164 3134 1274 3202 ipsa
1305 3135 1633 3204 dispensatio
1661 3149 1766 3192 non

174 3214 311 3271 foris
325 3219 589 3288 passionis
610 3229 745 3287 erat,
763 3222 857 3276 sed
880 3224 1095 3293 sanguis
1119 3225 1170 3278 in
1189 3226 1379 3281 emtum
1404 3238 1486 3282 est
1503 3229 1766 3287 sublatus.

246 3308 302 3363 ι.
350 3309 509 3364 \‘ides
534 3326 663 3381 ergo
690 3314 829 3382 quod
853 3329 1038 3369 sumus
1065 3316 1350 3387 participes
1377 3322 1651 3391 sanguinis
1679 3323 1769 3392 qui

176 3398 513 3456 inferebatur
564 3403 617 3456 itt
666 3415 889 3470 sancta,
937 3419 1118 3462 sancta
1159 3426 1323 3476 vera;
1373 3414 1621 3468 sacriﬁcii
1665 3430 1772 3485 quo

172 3492 295 3545 solo
327 3494 599 3548 fruebatur
626 3497 898 3551 Sacerdos.
934 3499 1043 3553 Nos
1090 3516 1219 3571 ergo
1275 3504 1517 3558 veritatis
1554 3506 1771 3573 partici-

175 3596 275 3651 pes
298 3585 563 3638 suutus.Si
587 3601 714 3656 ergo
737 3604 840 3641 non
870 3590 1201 3659 impropcrii,
1221 3593 1314 3647 sed
1334 3597 1774 3654 sanctiﬁcationis

174 3686 368 3725 sumus
397 3674 684 3744 participes
712 3716 727 3741 ,
773 3677 1158 3748 improperium
1188 3693 1303 3737 erat
1332 3699 1493 3738 causa
1527 3689 1769 3743 sanctiﬁ-

174 3763 407 3816 cationis
440 3780 453 3816 :
487 3781 607 3818 nam
642 3776 696 3819 ut
731 3768 843 3836 ipse
886 3771 983 3823 fuit
1033 3772 1229 3839 probro
1273 3774 1498 3828 allectus
1524 3818 1539 3842 ,
1573 3778 1642 3831 ita
1677 3793 1773 3833 nos

173 3866 409 3920 quoque.
444 3851 495 3908 Si
524 3870 652 3924 ergo
679 3858 983 3923 exicrimus,
1005 3877 1125 3914 cum
1153 3879 1218 3918 eo
1239 3866 1438 3919 erimus
1462 3869 1767 3938 participes.

251 3944 462 3998 Crucem
492 3948 625 4017 ferre
652 3949 889 4005 debemus
924 3963 977 4006 ut
1007 3953 1238 4011 Christus
1271 3960 1405 4012 tulit.
1433 3991 1503 4000 -—
1528 3963 1662 4027 Quid
1690 3973 1772 4017 est

174 4048 359 4092 autem
386 4079 402 4104 ,
447 4037 703 4097 Exeamus
740 4044 810 4097 ad
848 4046 1062 4113 ipsum?
1106 4047 1285 4105 Simus
1328 4056 1614 4123 participes
1657 4058 1774 4125 ejus

174 4128 610 4198 perpessiouum,
642 4134 873 4192 feramus
901 4138 1017 4207 ejus
1048 4140 1430 4211 improperium
1460 4163 1472 4198 :
1500 4164 1604 4201 non
1629 4152 1773 4204 enim

173 4219 298 4273 sine
320 4234 477 4275 causa
512 4239 699 4292 passus
729 4238 805 4280 est
840 4241 987 4283 extra
1020 4242 1249 4299 portam,
1274 4234 1369 4289 sed
1402 4246 1457 4291 ut
1486 4253 1583 4292 nos
1610 4242 1772 4295 etiam

174 4324 393 4365 crucem
449 4314 567 4380 ejus
615 4315 882 4384 feramus,
938 4329 993 4374 et
1050 4338 1361 4381 maneamus
1413 4340 1561 4383 extra
1617 4346 1774 4386 mun-

175 4400 307 4454 dum
332 4443 348 4467 ,
375 4413 429 4457 et
458 4404 527 4457 ibi
553 4420 870 4474 permanere
896 4410 1228 4469 studeamus.
1262 4417 1412 4471 Sicut
1444 4418 1535 4474 ille
1564 4423 1776 4490 probris

179 4494 533 4563 appetebatur
565 4506 833 4569 tamquam
862 4504 1277 4570 condemnatus,
1309 4508 1378 4562 ita
1410 4526 1508 4565 nos
1535 4529 1770 4584 quoque.

175 4585 247 4641 Et
302 4605 391 4655 per
440 4590 605 4659 ipsum
652 4591 928 4657 offeramus
981 4596 1089 4649 Deo
1130 4601 1457 4667 sacri/icium.
1493 4603 1772 4669 Quodnam

173 4676 305 4731 dicit
332 4680 650 4735 Sacriﬁcium
669 4685 691 4735 ?
718 4683 835 4752 Ipse
858 4684 1242 4754 interpretatus
1265 4703 1348 4746 est
1372 4693 1579 4760 dicens,
1608 4696 1776 4752 Fruc-

176 4782 285 4824 tum
312 4771 558 4826 Iabiorum
586 4778 937 4844 conﬁtentium
970 4782 1164 4835 nomini
1194 4785 1305 4854 ejus
1331 4828 1345 4852 ,
1380 4790 1480 4842 hoc
1509 4800 1612 4856 est,
1648 4807 1773 4861 prc-

174 4878 272 4916 ces
298 4904 311 4925 ,
361 4863 588 4934 hymnos
614 4908 628 4932 ,
677 4868 969 4935 gratiarum
1002 4872 1270 4929 actionem
1297 4893 1311 4940 ;
1364 4878 1450 4932 illa
1479 4882 1622 4935 enim
1651 4893 1776 4938 sunt

177 4952 387 5006 fructus
418 4954 708 5009 labiorutn.
750 4957 826 5011 Illi
852 4958 1150 5017 oﬂ'ercbant
1177 4982 1328 5028 oves,
1366 4967 1529 5023 boves
1557 4982 1610 5025 et
1638 4974 1775 5028 vitu-

174 5043 295 5101 los.
340 5057 394 5097 et
432 5046 629 5099 dabant
657 5049 968 5104 sacerdoti:
1020 5069 1119 5109 nos
1165 5066 1343 5111 autem
1387 5061 1522 5115 nihil
1576 5062 1768 5119 hormu

174 5135 470 5189 otl'cramus
496 5179 507 5198 .
542 5137 634 5191 sed
665 5141 957 5207 gratiarum
988 5148 1277 5214 actionem,
1313 5160 1365 5205 ct
1393 5150 1447 5206 in
1480 5156 1730 5212 omnibus
1757 5202 1771 5226 ,

176 5229 357 5297 quo:id
401 5229 513 5283 fieri
544 5241 758 5299 potest,
789 5232 984 5289 Christi
1018 5237 1367 5297 imitationem
1398 5262 1410 5297 :
1447 5245 1546 5301 hoc
1575 5252 1773 5319 gerati-

177 5329 310 5373 nent
345 5320 487 5373 labra
519 5331 722 5377 nostra.
774 5324 1130 5395 liene/iceram:
1166 5342 1212 5383 et
1241 5336 1651 5404 participationis
1679 5360 1774 5397 no-

176 5414 268 5466 lite
324 5414 550 5467 oblivisci
601 5432 619 5468 :
667 5416 852 5470 talibus
908 5421 1043 5473 enim
1094 5422 1275 5478 hostiis
1331 5429 1564 5495 placatur
1611 5433 1772 5491 Deus.

177 5506 377 5559 Demus
399 5504 445 5558 ci
469 5504 568 5559 hoc
594 5506 939 5573 sacriﬁcium,
970 5520 1027 5565 ut
1047 5513 1237 5571 offerat
1261 5518 1400 5573 Patri
1428 5538 1441 5575 ε
1468 5522 1602 5577 alias
1629 5528 1771 5583 enim

178 5612 285 5651 nou
316 5596 620 5651 offeruntur
647 5641 661 5663 ,
697 5600 797 5654 nisi
827 5618 919 5669 per
951 5601 1144 5661 Filium
1170 5646 1187 5673 ,
1222 5609 1306 5664 vel
1341 5616 1519 5681 potius
1546 5632 1642 5686 per
1679 5635 1775 5675 cor

174 5690 495 5743 contritum.
548 5685 674 5746 IImc
716 5694 896 5746 omnia
938 5696 1016 5750 sic
1059 5697 1201 5753 dixit
1230 5713 1449 5773 propter
1477 5685 1776 5769 imbecillos

181 5781 455 5835 auditores
480 5802 490 5833 :
516 5792 598 5835 est
620 5784 764 5837 enim
790 5787 1136 5857 perSpicuum
1160 5796 1301 5861 quod
1326 5795 1445 5854 Filii
1477 5802 1547 5855 sit
1570 5805 1771 5872 gratia:

182 5873 416 5943 alioquin
452 5874 594 5928 enim
623 5877 894 5945 quomodo
922 5890 1002 5935 est
1049 5880 1223 5941 honor
1252 5890 1517 5961 mqualjs?
1566 5893 1633 5951 [τι
1661 5913 1771 5953 σω,

464 5972 740 6038 Parnm.
785 5977 902 6042 Gtt.
945 5980 1167 6049 LXIII.

1835 324 1991 380 CAP.
2034 322 2175 378 XIII.
2218 318 2457 379 ιιοιιιιι.
2501 316 2749 376 XXXIII.
3388 309 3494 365 3130

1877 457 1989 505 nes,
2024 440 2242 510 inquit.
2275 439 2525 490 honorent
2559 431 2755 485 Filium
2784 471 2799 495 ,
2838 428 2965 482 sicut
2995 425 3251 479 honorant
3286 421 3495 473 Putrem

1878 536 1895 599 (
1921 531 2083 587 Joan.
2118 530 2173 586 5.
2205 528 2278 583 25
2300 528 2341 598 ).
2394 525 2507 581 Nisi
2535 520 2840 595 gloriﬁcato
2888 519 3051 575 Patre
3079 514 3416 588 gloriﬁcetur
3439 524 3497 568 es

1878 623 2068 686 Filius,
2102 620 2193 675 ubi
2237 630 2320 675 est
2376 618 2553 673 honor
2592 613 2818 685 aqualis
2844 613 2867 665 ?
2890 611 3027 681 Quia
3083 610 3291 664 fructus
3324 607 3495 661 labio-

1878 731 1999 771 rum
2045 712 2421 769 conﬁtentium
2456 708 2663 764 nomini
2724 707 2844 777 ejus
2890 713 2978 761 cs‘t
3024 704 3322 776 gratiarum
3349 701 3495 756 actio

1877 819 2103 881 prapter
2118 806 2298 864 omnia
2318 815 2373 861 et
2401 819 2465 860 ea
2494 819 2617 875 qua:
2641 816 2740 873 pro
2760 800 2919 856 nobis
2937 812 3131 870 passus
3151 804 3236 853 est
3266 814 3281 851 :
3310 794 3491 850 omnia

1876 898 2110 955 lemnius
2134 908 2291 970 grato
2319 897 2526 957 animo,
2570 894 2687 949 sive
2716 893 2787 948 sit
2820 889 3111 962 paupertas
3141 931 3157 955 ,
3206 890 3321 943 sive
3347 901 3495 941 mor-

1878 988 1980 1049 bus
2003 1033 2019 1057 ,
2055 991 2170 1045 sive
2211 989 2425 1060 quidvis
2470 985 2617 1040 aliud
2655 1004 2669 1039 :
2704 1000 2826 1038 nam
2864 999 2987 1054 qum
3018 982 3173 1037 nobis
3202 978 3495 1035 cnnferuut

1875 1082 1994 1156 ipse
2018 1085 2119 1139 scit
2145 1084 2316 1138 solus.
2350 1080 2492 1149 Quid
2519 1079 2654 1134 enim
2684 1094 2911 1143 oremus,
2945 1076 3144 1147 inquit,
3177 1074 3306 1129 sicut
3330 1090 3488 1144 apor-

1874 1187 1944 1235 tet
1973 1221 1989 1246 ,
2017 1178 2272 1234 nescimus
2304 1176 2323 1247 (
2358 1176 2512 1231 flant.
2565 1174 2623 1229 8.
2672 1172 2744 1228 26
2766 1170 2809 1245 ).
2837 1171 2939 1240 Qui
2994 1184 3126 1239 ergo
3173 1184 3243 1224 ne
3292 1168 3493 1224 scimus

1872 1273 2089 1344 quidem
2136 1279 2322 1341 petere
2366 1266 2511 1337 quod
2559 1274 2820 1337 oportet,
2868 1263 2970 1318 nisi
3003 1262 3255 1332 spiritum
3299 1275 3493 1331 appre-

1873 1367 2175 1424 beudamns
2201 1407 2217 1430 ,
2268 1362 2551 1434 quomodo
2582 1376 2643 1415 ea
2672 1376 2791 1431 qua:
2821 1359 2978 1414 nobis
3008 1358 3298 1412 conferunt
3343 1354 3489 1411 scia-

1871 1473 1991 1514 mus
2012 1457 2035 1511 ?
2060 1456 2390 1512 Studeamus
2414 1469 2544 1524 ergo
2569 1468 2665 1522 pro
2684 1452 2937 1507 omnibus
2963 1448 3163 1505 otTerrc
3188 1448 3487 1520 gratiarum

1870 1550 2182 1614 actionem,
2212 1548 2504 1617 omniaque
2561 1545 2684 1599 forti
2734 1544 2919 1598 animo
2974 1542 3235 1597 feramus.
3288 1540 3488 1594 Sumus

1872 1642 1926 1696 in
1980 1648 2553 1712 paupertate,sumus
2604 1637 2656 1691 in
2717 1634 2931 1701 morbo,
2986 1632 3191 1705 gratias
3229 1647 3485 1703 agamus:

1868 1750 1992 1790 cum
2037 1733 2324 1789 calumniis
2369 1730 2714 1801 appetimur,
2758 1726 2976 1798 quando
3021 1724 3168 1780 male
3210 1724 3484 1795 patimur,

1869 1842 2093 1898 agamus
2140 1825 2343 1896 gratias
2383 1841 2397 1877 :
2428 1821 2534 1879 hoc
2562 1820 2709 1878 enim
2752 1818 2882 1874 facit
2907 1826 2967 1872 ut
3013 1831 3058 1871 si
3085 1831 3185 1870 nus
3218 1816 3328 1871 Deo
3358 1829 3488 1886 pro-

1872 1921 2050 1991 pinqui
2088 1959 2105 1986 ,
2162 1928 2291 1973 tunc
2358 1917 2521 1971 etiam
2593 1915 2763 1970 Deum
2832 1910 3099 1966 habemus
3158 1908 3481 1963 debitorem.

1869 2011 2099 2080 Quando
2142 2021 2320 2064 autem
2350 2016 2475 2063 sunt
2522 2006 2676 2061 nobis
2721 2018 2809 2058 res
2840 2001 3099 2057 secunda:
3127 2009 3179 2054 et
3208 1996 3488 2053 beneﬁciis

1868 2106 2156 2169 afﬁcimur,
2188 2104 2301 2159 Deo
2326 2116 2516 2157 sumus
2542 2099 2825 2155 debitores
2858 2114 2873 2149 :
2903 2094 3146 2161 alioquin
3175 2094 3337 2148 etiam
3369 2092 3488 2144 bam

1867 2213 2014 2267 Su'pc
2044 2210 2166 2252 sunt
2200 2197 2355 2251 ltult'ts
2385 2196 2436 2247 itt
2476 2192 2743 2262 judicium
2773 2230 2787 2251 .
2838 2189 2926 2243 illa
2966 2202 3097 2241 vero
3125 2186 3189 2240 ad
3224 2184 3487 2240 eluendas

1870 2306 2056 2361 pinnas
2101 2298 2467 2360 peccatorum.
2534 2284 2627 2339 Illa
2679 2280 2963 2336 attrahunt
3007 2276 3439 2334 miscricordiam
3468 2318 3483 2339 ,

1872 2383 1960 2436 illa
1989 2382 2376 2452 benignitatem
2419 2388 2475 2435 et
2501 2375 2849 2432 clementiam
2894 2391 2907 2428 :
2954 2372 3071 2427 hcce
3098 2381 3279 2425 autem
3308 2371 3488 2424 extol-

1867 2472 1986 2531 lunt
2010 2475 2174 2529 etiam
2202 2474 2267 2527 ad
2299 2470 2666 2542 arrogantiam
2698 2511 2709 2529 ,
2744 2466 3025 2521 deducunt
3052 2466 3117 2520 ad
3147 2464 3485 2526 socordiam,

1870 2578 1930 2627 et
1972 2567 2213 2623 efﬁciunt
2246 2577 2299 2620 ut
2332 2580 2399 2621 ex
2433 2563 2714 2635 phantasia
2747 2561 2815 2615 de
2844 2559 3003 2614 nobis
3056 2574 3248 2628 magna
3291 2573 3486 2628 appre-

1871 2662 2173 2718 bendanms
2225 2676 2238 2711 :
2292 2658 2408 2713 lucc
2447 2671 2548 2710 nos
2594 2661 2879 2709 enervant.
2928 2653 3221 2720 Propterea
3272 2649 3488 2705 dicebat

1871 2754 2035 2809 etiam
2070 2749 2337 2820 Propheta
2365 2768 2376 2803 :
2410 2746 2615 2802 Bonum
2648 2745 2773 2798 milii
2805 2746 2926 2813 quia
2954 2743 3242 2795 Ituntiliasti
3270 2757 3349 2795 me
3377 2783 3390 2806 ,
3426 2753 3483 2795 ut

1869 2843 2478 2915 disramjusti/icationes
2508 2851 2620 2894 tuas
2640 2838 2811 2912 (Psal.
2843 2837 2965 2893 II8.
2998 2839 3111 2906 7!).
3140 2836 3371 2905 Quando
3395 2839 3486 2892 be-

1872 2939 2065 2993 neficio
2096 2935 2322 2989 allectus
2344 2944 2398 2989 et
2419 2948 2448 2986 a
2490 2931 2647 2986 malis
2677 2931 2936 2985 liberatus
2969 2927 3065 2983 fuit
3096 2929 3355 2983 Ezechias
3381 2972 3393 2992 ,
3432 2930 3483 2984 itt

1870 3030 2035 3082 altum
2068 3028 2269 3082 clatum
2321 3034 2405 3079 est
2448 3040 2544 3078 cor
2568 3022 2687 3092 ejus
2728 3037 2742 3075 :
2786 3022 3003 3092 quando
3046 3029 3225 3075 autem
3255 3031 3485 3089 a-gruta-

1870 3124 1942 3176 vit
1970 3165 1985 3185 ,
2018 3134 2145 3176 tunc
2183 3132 2263 3175 est
2288 3118 2603 3173 humiliatus
2629 3157 2644 3181 ,
2677 3126 2807 3171 tunc
2832 3115 2932 3169 fuit
2966 3115 3080 3170 Deo
3122 3115 3481 3185 propinquus.

1872 3215 2091 3280 Quando
2118 3257 2132 3279 ,
2169 3215 2337 3283 inquit
2367 3255 2382 3279 ,
2412 3212 2669 3267 occidebat
2697 3226 2782 3266 eos
2806 3254 2822 3278 ,
2854 3222 2977 3265 tunc
3007 3214 3299 3280 qnam-bant
3334 3224 3474 3268 ριιι..

1861 3316 1909 3360 et
1954 3305 2375 3359 corwertebantur
2424 3315 2470 3358 et
2520 3321 2670 3357 mane
2712 3304 2983 3358 veniebant
3027 3302 3096 3355 ad
3126 3319 3244 3355 cum
3293 3298 3475 3369 (Paul.

1863 3400 1950 3453 77.
1986 3398 2055 3453 54
2076 3399 2131 3465 );
2165 3406 2221 3452 ct
2248 3412 2437 3451 rursus
2462 3438 2476 3461 ,
2513 3397 2734 3462 Quando
2768 3406 2842 3451 est
2864 3398 3178 3449 incrasmtus
3201 3403 3247 3447 et
3275 3396 3470 3462 impin-

1860 3499 2063 3563 guatus,
2100 3490 2443 3545 recalcitravit
2475 3488 2694 3541 dilectus
2725 3488 2745 3559 (
2772 3487 2927 3540 Deut.
2963 3487 3055 3541 52.
3094 3487 3162 3542 15
3192 3487 3234 3556 ).
3265 3484 3473 3555 Cogno-

1861 3584 2020 3637 scitur
2051 3583 2185 3636 enim
2215 3581 2468 3635 Dominus
2490 3580 2694 3650 judicia
2728 3581 2944 3649 faciens.
2980 3578 3232 3649 Magnum
3269 3579 3473 3633 bonum

1861 3687 1941 3732 est
1971 3678 2211 3731 attlictio.
2236 3677 2396 3731 Arcta
2428 3675 2571 3730 enim
2605 3683 2688 3729 est
2718 3674 2803 3728 via
2829 3691 2844 3730 :
2872 3675 3227 3745 quamobrem
3251 3674 3480 3728 afflictio

1862 3783 1961 3821 nos
1994 3768 2156 3822 tradit
2188 3769 2239 3821 iu
2289 3776 2519 3823 arctam.
2553 3765 2653 3834 Qui
2686 3780 2794 3820 non
2843 3765 3121 3833 affligitur,
3158 3782 3265 3819 non
3299 3776 3481 3836 potest

1864 3860 2083 3913 intrare.
2105 3859 2203 3927 Qui
2223 3860 2369 3914 enim
2391 3859 2441 3912 in
2466 3868 2615 3913 arcta
2645 3858 2883 3928 seipsum
2916 3857 3173 3929 afﬁigttet
3199 3860 3415 3930 premit,
3439 3862 3483 3916 is

1862 3962 1946 4006 est
1964 3952 2129 4005 etiam
2155 3952 2243 4019 qui
2270 3951 2465 4004 fruitur
2492 3952 2678 4020 requie
2706 3966 2719 4002 :
2746 3951 2834 4020 qui
2863 3961 3041 4005 autem
3072 3952 3311 4019 seipsnm
3342 3952 3480 4006 dila-

1865 4056 1961 4111 tat,
1984 4060 2157 4117 nequc
2186 4044 2505 4115 ingreditur,
2523 4056 2576 4098 ct
2598 4048 2862 4114 premitur
2883 4054 3153 4115 tamquam
3174 4060 3399 4109 cuneus,
3426 4059 3482 4100 ιιι

1865 4140 1937 4194 ila
1966 4140 2163 4204 dicam,
2194 4140 2400 4208 pulsus.
2438 4138 2578 4191 Audi
2613 4137 2890 4207 quomodo
2925 4139 3064 4194 hanc
3094 4151 3301 4193 arctam
3337 4142 3477 4195 viam

1864 4231 2143 4303 ingressus
2188 4240 2273 4284 est
2307 4230 2528 4284 Paulus.
2577 4229 2784 4299 Castigo
2817 4247 3007 4298 corpus
3039 4248 3204 4284 meum
3227 4275 3240 4295 ,
3269 4232 3482 4300 inquit,

1864 4336 1911 4378 et
1952 4325 2005 4378 in
2051 4323 2340 4377 servitutem
2389 4322 2567 4393 redigo
2597 4322 2692 4391 (1.
2728 4321 2847 4375 Cor.
2900 4323 2955 4377 9.
3000 4322 3137 4393 27).
3174 4326 3486 4393 Castigabat

1864 4432 2099 4487 corpus,
2153 4427 2210 4471 ιιι
2243 4427 2425 4486 posset
2472 4416 2677 4470 intrare
2732 4434 2743 4468 :
2801 4424 3085 4484 pmpterva
3130 4418 3180 4470 in
3231 4418 3485 4473 omnibus

1864 4511 2248 4566 afﬂictionibus
2284 4509 2393 4562 Deo
2426 4518 2692 4578 perpetuo
2734 4509 2927 4578 agebat
2958 4510 3180 4577 gratias.
3232 4510 3485 4566 Pecuuiis

1865 4619 1925 4659 es
1975 4603 2273 4658 multatus?
2325 4600 2427 4655 hoc
2460 4600 2765 4654 latitudinis
2800 4602 3026 4653 multum
3062 4602 3153 4654 tibi
3196 4604 3395 4657 attulit.
3440 4616 3481 4659 Α

1864 4696 2035 4767 gloria
2066 4695 2359 4751 excidisti?
2389 4695 2492 4748 alia
2524 4696 2638 4749 hcce
2692 4695 2942 4767 latitudo.
2966 4694 3268 4751 Calumniis
3300 4714 3359 4752 es
3386 4714 3485 4768 ap-

1868 4790 2101 4862 petitus?
2126 4791 2325 4845 credita
2350 4788 2499 4845 fuere
2517 4804 2636 4860 qua:
2662 4789 2922 4843 adversus
2946 4799 2997 4845 lc
3022 4800 3146 4846 sunt
3165 4791 3328 4858 dicta,
3348 4809 3486 4860 quo-

1869 4902 1988 4940 rum
2039 4899 2145 4938 non
2178 4899 2296 4937 eras
2339 4884 2431 4936 tibi
2465 4881 2742 4937 conscius?
2776 4882 2957 4936 lallare
2985 4894 3040 4937 et
3070 4886 3304 4945 eaSnIta.
3339 4885 3487 4938 Beati

1867 4981 2035 5043 enim,
2066 4980 2116 5032 in
2142 4978 2256 5047 ptit,
2290 4978 2428 5037 estis.
2463 4976 2669 5045 quando
2692 4992 2779 5030 vos
2812 4978 3011 5045 probris
3029 4976 3293 5043 affecerint
3320 4982 3489 5033 Immi-

1869 5088 1976 5135 nes,
2002 5080 2045 5123 ct
2069 5068 2287 5122 dixerint
2313 5085 2461 5121 omne
2481 5070 2674 5121 malum
2697 5078 2875 5121 contra
2902 5085 3012 5133 vos,
3035 5072 3332 5125 mentientes
3361 5090 3484 5143 pro.-

1871 5173 1982 5234 pter
2016 5179 2112 5214 me.
2148 5160 2379 5215 Gaudete
2403 5170 2449 5214 et
2474 5161 2727 5215 exsultate
2749 5201 2763 5225 ,
2792 5161 3037 5229 quoniam
3083 5179 3276 5217 merces
3324 5178 3490 5218 rastra

1870 5259 2078 5328 cepiosa
2102 5269 2175 5311 est
2206 5257 2258 5310 in
2281 5257 2421 5310 cwlis
2448 5254 2664 5325 (Matth.
2685 5255 2846 5310 5.11.
2880 5255 2993 5327 12).
3029 5255 3169 5323 Quid
3200 5258 3415 5315 miraris
3445 5263 3491 5315 si

1875 5354 2088 5407 tristitia
2140 5349 2420 5415 afﬁceris,
2471 5359 2527 5403 et
2572 5350 2655 5404 vis
2704 5348 2919 5405 liberari
2966 5366 2995 5404 a
3058 5354 3493 5411 tentatiouibus?

1876 5444 2069 5498 Paulus
2102 5442 2269 5496 voluit
2300 5442 2553 5508 liberari,
2605 5451 2661 5496 et
2691 5456 2837 5513 smpe
2871 5441 3041 5497 Deum
3086 5446 3299 5515 rogavit
3324 5489 3338 5510 ,
3387 5464 3488 5501 ιιιιυ

1875 5534 2183 5605 impetravit
2216 5552 2229 5588 :
2265 5533 2396 5587 illud
2422 5533 2568 5589 enim
2590 5575 2606 5600 ,
2640 5543 2735 5597 ter,
2768 5547 2914 5601 sepe
2940 5535 3232 5605 signiﬁcat.
3271 5539 3496 5604 Promer-

1872 5629 2011 5701 qnod
2038 5638 2113 5682 ter
2138 5626 2442 5695 Dominum,
2468 5627 2662 5697 inquit,
2694 5630 2872 5701 rogavi
2902 5644 2921 5683 :
2952 5640 3002 5683 et
3023 5630 3155 5683 dixit
3184 5633 3333 5698 milii,
3362 5634 3489 5705 Suf-

1874 5723 1986 5793 ﬁcit
2016 5722 2107 5776 tibi
2138 5720 2308 5794 gratia
2335 5736 2449 5775 avrea
2497 5736 2517 5774 :
2562 5720 2723 5775 virtus
2767 5722 2903 5775 enim
2951 5738 3063 5776 mea
3100 5724 3153 5778 in
3190 5724 3492 5793 inﬁrmitate

1878 5822 2141 5893 perﬁcitur
2172 5819 2270 5893 (Ξ.
2307 5818 2429 5873 Cor.
2466 5817 2552 5873 η.
2586 5816 2638 5872 8.
2672 5816 2768 5887 9).
2805 5817 3181 5877 Inﬁrmitatem
3230 5820 3319 5878 hic
3366 5822 3501 5878 dicit

1879 5914 2220 5972 afﬂictioaes.
2250 5912 2387 5983 Quid
2422 5910 2600 5968 vero?
2628 5910 2895 5981 Quoniam
2930 5913 3047 5970 bmc
3074 5914 3302 5986 audivit,
3333 5926 3494 5991 grato

3046 6008 3119 6072 15
