4062 6460
659 384 748 437 ὶδί

660 478 839 533 animo
885 474 998 529 lucc
1049 474 1167 528 tttlit
1193 515 1208 535 ,
1250 480 1300 525 et
1342 470 1509 525 dicit:
1550 470 1823 541 Pmpterea
1867 472 2057 543 glorior
2085 472 2136 524 in
2158 472 2237 525 in-

663 569 989 639 ﬁrmitatibus
1018 567 1139 620 meis
1170 564 1294 635 (Ib.
1326 580 1374 618 ν.
1429 564 1529 633 l0)
1557 582 1571 628 ;
1612 566 1712 620 hoc
1737 574 1853 626 cst,
1888 564 2016 618 mihi
2049 563 2235 633 placeo

657 673 712 714 rt
739 661 955 729 quiesco
983 661 1035 712 in
1062 657 1467 712 afﬂictionibus.
1518 657 1621 710 Pro
1663 656 1912 710 omnibus
1937 670 2065 725 ergo
2104 669 2232 725 aga-

659 767 777 806 mus
801 750 1017 820 gratias,
1043 762 1139 815 pro
1165 745 1322 801 rebus
1344 745 1596 801 secundis
1621 757 1673 801 et
1699 761 1794 814 pro
1821 744 2230 800 afﬂictionibus:

660 856 725 895 ne
756 853 1169 902 murmur-emus,
1194 853 1261 892 ne
1284 837 1685 907 simusiugrati.
1720 837 1812 890 Dic
1833 845 1888 890 et
1918 845 1974 889 tu
2000 853 2014 889 :
2046 833 2233 889 Nudus

654 933 785 985 exiri
814 933 875 983 de
896 942 1063 984 ventre
1105 931 1281 983 matris
1310 945 1434 984 mete
1457 971 1473 996 ,
1512 941 1556 984 et
1600 929 1767 983 nudus
1806 928 2041 983 excedant
2067 930 2085 990 (
2110 927 2227 981 Job.

655 1021 843 1091 1.21).
879 1020 991 1075 Non
1021 1019 1312 1090 provenisti
1336 1019 1501 1089 gloria
1532 1020 1773 1089 insignis;
1806 1034 1873 1074 ne
1893 1033 2101 1089 qttteras
2117 1019 2228 1088 glo-

650 1113 811 1167 riam.
861 1111 1045 1167 Nudus
1075 1128 1179 1166 non
1213 1112 1385 1165 solum
1418 1111 1655 1179 pecuniis
1679 1152 1693 1173 ,
1742 1108 1836 1164 sed
1870 1110 2030 1167 etiam
2061 1109 2229 1176 gloria

659 1213 715 1258 et
748 1205 886 1258 bona
917 1203 1310 1258 existimatione
1338 1206 1609 1273 ingressus
1636 1215 1696 1256 es
1724 1201 1775 1255 in
1807 1200 1944 1255 lianc
1970 1202 2154 1254 vitain.

726 1294 929 1350 Divitite
964 1296 1377 1364 impedimentum
1417 1293 1485 1346 ad
1524 1295 1759 1346 salutem.
1787 1322 1858 1334 —
1884 1293 2067 1362 Cogita
2099 1301 2230 1361 quot

654 1386 795 1440 mala
836 1401 980 1455 saepe
1022 1394 1140 1440 orta
1183 1394 1308 1438 sunt
1349 1399 1411 1439 ex
1457 1386 1733 1454 pecuniis;
1767 1385 1873 1438 imo
1904 1386 2079 1454 potius
2106 1383 2228 1438 audi

654 1478 780 1548 qttid
805 1477 947 1533 dicat
971 1478 1213 1533 Christus
1236 1493 1249 1530 ε
1275 1474 1506 1530 Facilius
1532 1486 1624 1544 est,
1659 1478 1848 1547 inquit,
1880 1478 2125 1531 cometam
2151 1479 2231 1531 in-

654 1581 789 1625 trare
815 1587 901 1639 per
927 1572 1153 1641 foramen
1176 1584 1317 1633 acus,
1340 1585 1490 1637 quam
1512 1569 1713 1622 divitem
1732 1570 1927 1623 intrare
1947 1570 1998 1622 in
2020 1586 2230 1639 regnum

650 1661 890 1716 cartorum
917 1659 1129 1731 (illatua.
1169 1659 1253 1715 l9.
1280 1659 1392 1726 υ).
1421 1658 1583 1714 V'idcs
1614 1669 1742 1730 quot
1774 1661 2033 1715 bonorum
2062 1662 2229 1731 impe-

651 1753 946 1808 dimentum
992 1761 1117 1807 sunt
1144 1752 1343 1807 divitiae
1364 1794 1377 1817 ,
1410 1762 1465 1807 et
1494 1761 1546 1806 tu
1578 1756 1775 1822 quzeris
1807 1754 2068 1809 ditescere
2094 1771 2105 1805 :
2132 1769 2229 1809 nec

650 1847 705 1901 in
735 1854 1044 1915 paupertate
1073 1844 1301 1915 gaudes,
1335 1845 1473 1913 quod
1504 1846 1573 1899 sit
1600 1860 1843 1900 eversum
1875 1845 2227 1915 impedimcno

649 1939 797 1992 tum?
829 1938 978 1993 Adeo
1004 1948 1084 1992 est
1113 1946 1333 2007 angusta
1374 1938 1454 1990 via
1500 1953 1618 2007 qua:
1664 1936 1814 1992 ducit
1857 1937 1922 1993 ad
1964 1952 2222 2007 regnum:

647 2032 780 2082 adeo
819 2031 939 2084 latae
981 2039 1105 2083 sunt
1133 2028 1331 2084 divitiae
1356 2071 1371 2095 ,
1404 2030 1655 2099 moleque
1694 2029 1867 2099 plena:
1898 2043 1962 2085 ac
1996 2041 2224 2085 tumore.

1382 379 1437 430 S.
1479 374 1753 431 J(H.\'NlS
1789 369 2259 428 CllRYSOSTOlll
2301 365 2611 425 ARCNIEP.
2654 366 3192 425 CONSTANTINOP.

3830 362 3926 424 23!

2344 470 2628 540 Propterea
2656 469 2804 534 dicit,
2837 468 3131 539 Vcndequa:
3145 471 3301 525 babes
3313 469 3517 540 (Μαιιιι.
3536 470 3905 545 19.21),ιιιίυι

2341 563 2422 617 via
2460 570 2514 616 te
2539 562 2819 632 suscipiat.
2851 562 2961 617 Cur
2986 564 3139 632 cupis
3185 563 3482 634 pecunias?
3511 560 3797 635 propterea
3825 581 3907 624 eas

2342 654 2434 708 tibi
2458 654 2702 720 abstulit,
2727 665 2788 708 ut
2817 664 2868 708 te
2900 653 3089 709 liberet
3116 668 3144 706 ει
3177 654 3455 710 servitute.
3483 653 3619 710 Nam
3649 654 3765 711 veri
3788 671 3906 726 quo-

2338 760 2443 815 que
2472 756 2685 816 patres,
2717 761 2839 801 eum
2892 746 3033 801 filius
3089 745 3251 801 fuerit
3298 757 3581 818 corruptus
3631 761 3905 805 consueui-

2338 836 2463 891 dine
2506 836 2732 907 alicujus
2778 838 3096 900 meretricis,
3128 848 3183 892 et
3230 839 3277 893 ei
3307 854 3449 908 stupe
3492 840 3771 897 admonito
3813 858 3905 897 non

2337 932 2666 997 persuaserit
2708 938 2763 982 ut
2802 929 2871 983 ab
2913 944 2975 983 ea
3025 930 3296 993 discedat,
3356 932 3694 987 meretricem
3742 936 3906 1003 procul

2335 1020 2645 1075 amandant.
2691 1021 2838 1075 Talis
2883 1031 2966 1075 est
3005 1021 3165 1075 etiam
3218 1021 3370 1091 copia
3424 1024 3692 1090 pecunias.
3743 1023 3908 1079 Nostri

2335 1113 2513 1183 itaque
2566 1127 2748 1167 curam
2801 1127 2993 1182 gerens
3024 1112 3282 1166 Dominus
3301 1154 3314 1176 ,
3347 1122 3402 1167 et
3431 1128 3461 1167 a
3488 1128 3628 1170 non
3650 1130 3769 1185 qtae
3796 1116 3909 1170 inde

2334 1204 2593 1274 accipitur
2630 1218 2728 1258 nos
2772 1203 3005 1259 liberans
3031 1244 3045 1268 ,
3080 1203 3258 1258 aufert
3299 1212 3513 1259 nostras
3541 1207 3813 1275 pecunias.
3842 1206 3911 1261 Ne

2334 1297 2703 1351 existimemus
2729 1310 2856 1365 ergo
2884 1306 3250 1365 paupertatem
3290 1309 3409 1349 esse
3448 1297 3648 1350 malum
3679 1314 3694 1350 :
3726 1311 3909 1368 pecca-

2335 1395 2444 1440 tum
2469 1384 2639 1439 solum
2662 1393 2745 1440 est
2764 1387 2986 1443 malum.
3008 1383 3191 1455 Neque
3212 1385 3352 1440 enim
3374 1386 3574 1441 divitia:
3599 1403 3697 1457 per
3716 1396 3913 1442 se‘sunt

2335 1475 2532 1531 bonum
2560 1495 2571 1528 :
2597 1476 2768 1530 solum
2802 1476 2912 1531 Deo
2944 1474 3158 1545 placere
3184 1486 3265 1530 est
3295 1476 3514 1530 bonum.
3545 1475 3914 1545 Paupertatem

2333 1583 2462 1638 ergo
2484 1582 2810 1638 qnazramus,
2834 1568 2969 1622 hanc
2990 1577 3258 1622 sectemur
3281 1584 3294 1622 :
3317 1569 3386 1621 ita
3408 1569 3599 1623 caelum
3621 1569 3916 1639 apprehen-

2334 1662 2546 1727 denms,
2596 1661 2667 1715 ita
2710 1659 2944 1715 ctelestia
2987 1660 3123 1715 bona
3166 1675 3741 1730 consequemur:me
3769 1660 3918 1716 detur

2334 1754 2488 1807 nobis
2515 1752 2767 1806 omnibus
2789 1752 3067 1821 consequi,
3092 1753 3259 1821 gratia
3285 1762 3339 1807 et
3361 1752 3687 1822 benignitate
3713 1753 3918 1808 Domini

2334 1845 2499 1898 lthll‘i
2529 1842 2657 1897 Jesu
2697 1842 2893 1896 Christi
2921 1882 2937 1906 ,
2969 1857 3090 1896 cum
3130 1857 3237 1913 quo
3268 1842 3411 1897 Patri
3445 1858 3548 1897 una
3579 1858 3702 1899 cum
3736 1856 3917 1907 sancte

2332 1935 2535 2004 Spiritu
2566 1934 2635 1989 sit
2654 1932 2847 2003 gloria,
2882 1932 3185 2003 imperium,
3217 1932 3409 2000 honor,
3442 1947 3581 1989 nunc
3608 1944 3660 1990 et
3687 1949 3916 2005 semper,

2336 2026 2465 2082 etin
2493 2027 2687 2081 sarcula
2715 2025 3055 2081 seculorum.
3089 2025 3282 2081 Amen.

1946 2174 2290 2235 HOMILIA
2338 2175 2636 2235 XXXIV.

642 2276 769 2330 Cu.
800 2276 885 2333 15.
916 2292 973 2330 v.
1003 2277 1087 2331 l7.
1123 2274 1327 2330 Obedite
1357 2275 1639 2345 prepositis
1666 2274 1863 2339 vestris,
1897 2285 1941 2328 et
1966 2277 2217 2345 subjocete

716 2368 787 2421 (is
815 2368 951 2438 :ipsi
976 2367 1107 2421 enim
1135 2367 1433 2437 pervigilant
1456 2366 1601 2437 quasi
1626 2367 1873 2418 rationem
1901 2383 1991 2435 pro
2026 2366 2221 2418 auium-

717 2462 807 2514 bus
842 2462 1015 2515 vestris
1042 2459 1396 2513 redditurintt
1422 2474 1535 2511 cum
1566 2458 1751 2528 gaudio
1793 2458 1889 2510 hoc
1927 2458 2147 2527 faciant,
2177 2466 2220 2511 et

712 2567 810 2605 non
837 2561 1085 2620 gementes
1108 2566 1125 2604 .'
1147 2551 1241 2603 hoc
1267 2551 1398 2603 enim
1426 2565 1523 2603 non
1550 2550 1755 2618 expedit
1782 2549 1936 2602 vobis.

715 2646 766 2699 l.
794 2644 1158 2714 Magistratum
1187 2653 1241 2709 et
1257 2658 1525 2701 rectorem
1556 2661 1659 2699 non
1681 2645 1879 2700 habere
1896 2645 2089 2699 malum
2117 2655 2219 2712 est,

637 2745 689 2789 et
709 2744 1076 2804 argumentum
1106 2736 1390 2790 multarum
1420 2737 1803 2802 calamitatum,
1823 2752 1885 2790 ac
1904 2737 2216 2805 principium

637 2827 1051 2893 perturbationis
1094 2841 1155 2881 ac
1201 2826 1533 2881 contusionis
1565 2845 1578 2881 :
1610 2829 1840 2882 maxime
1872 2843 1997 2882 vero
2031 2827 2079 2881 in
2122 2830 2223 2881 lie-

634 2915 793 2967 clcsia
824 2915 873 2967 id
906 2924 1052 2969 tanto
1092 2916 1443 2985 perniciosius
1495 2926 1611 2983 est,
1641 2928 1841 2989 quanto
1898 2918 2223 2988 principatus

634 3006 751 3073 ejus
780 3008 948 3074 major
974 3014 1135 3061 estet
1162 3006 1457 3061 sublimior.
1488 3008 1616 3062 Nam
1647 3010 1781 3063 sicut
1807 3008 1849 3062 si
1880 3007 2027 3063 ebori
2061 3024 2217 3077 cory-

638 3104 847 3167 plurnm
877 3111 928 3155 et
958 3102 1148 3155 ducem
1178 3100 1473 3165 sustuleris,
1505 3116 1607 3153 non
1636 3102 1735 3153 erit
1759 3102 1982 3170 amplius
2025 3101 2217 3155 chorus

636 3205 900 3260 congruos
916 3201 966 3243 et
989 3191 1257 3244 ordinatus
1277 3207 1289 3253 ;
1308 3201 1360 3243 et
1383 3192 1423 3243 si
1445 3210 1469 3241 :i
1498 3190 1756 3260 phalange
1781 3191 2043 3245 exercitus
2068 3209 2211 3243 unm-

637 3284 775 3337 vcris
793 3284 1187 3350 imperatorem,
1211 3299 1312 3337 non
1332 3285 1431 3336 erit
1454 3283 1679 3351 amplius
1700 3283 1940 3336 ordinata
1970 3284 2110 3335 acies
2134 3301 2146 3347 ;
2168 3296 2212 3337 ct

634 3377 674 3427 si
701 3376 908 3445 navigio
940 3376 1205 3428 ademeris
1226 3376 1658 3442 gubernatorem,
1682 3392 1867 3428 navem
1896 3375 2174 3445 demerng
2203 3396 2211 3428 :

642 3466 706 3518 ita
734 3466 911 3528 etiam,
936 3467 977 3518 si
1002 3482 1027 3517 a
1054 3481 1209 3535 grege
1234 3477 1497 3533 pastorem
1524 3466 1829 3528 abstuleris,
1855 3468 2027 3520 omnia
2062 3483 2207 3520 cvi-r-

639 3556 763 3607 tisti.
790 3556 957 3623 Atque
987 3556 1182 3608 malum
1208 3555 1418 3623 quidem
1451 3565 1532 3607 est
1555 3555 1896 3624 magistratus
1919 3564 1973 3608 et
1996 3558 2215 3609 rectoris

638 3646 905 3706 delectus,
942 3658 993 3698 et
1026 3647 1235 3699 occasio
1281 3647 1608 3708 eversionis;
1655 3661 1759 3699 non
1808 3647 1983 3699 minus
2033 3661 2210 3701 autem

638 3735 835 3789 malum
868 3746 949 3790 est
994 3736 1152 3788 etiam
1201 3736 1562 3789 inobedientia
1606 3750 1790 3789 eorum
1832 3738 1919 3805 qui
1971 3738 2052 3791 eis
2095 3748 2215 3789 Sunt

638 3825 860 3892 subjecti
889 3842 901 3877 :
929 3841 1047 3877 nam
1072 3824 1207 3878 idem
1240 3840 1423 3878 rursus
1445 3824 1657 3879 accidit.
1684 3824 1914 3893 Populus
1939 3827 2077 3879 enim
2112 3842 2214 3879 non

642 3934 828 3973 sarcns
844 3922 1038 3975 rectori
1056 3937 1117 3975 ac
1135 3914 1482 3992 magistratui,
1503 3932 1585 3975 est
1602 3922 1788 3975 similis
1805 3922 1851 3975 ei
1880 3922 1969 3989 qui
1998 3936 2099 3973 non
2121 3921 2213 3972 lia-

642 4017 742 4076 hct,
760 4022 810 4066 et
828 4012 962 4069 forte
977 4014 1135 4067 etiam
1158 4014 1421 4069 deterior:
1448 4028 1566 4066 nam
1588 4013 1694 4066 illic
1712 4011 1925 4079 qualem
1950 4011 2108 4065 etiam
2134 4011 2211 4063 eis

633 4108 788 4159 datur
820 4107 989 4170 venia,
1011 4107 1053 4160 si
1077 4107 1209 4159 ordo
1232 4117 1280 4161 et
1301 4106 1596 4160 moderatio
1625 4120 1726 4157 non
1751 4103 2098 4160 observetur;
2124 4101 2209 4154 hic

634 4207 807 4251 autem
834 4215 934 4251 rion
958 4202 1053 4261 ita,
1082 4198 1173 4251 sed
1202 4200 1359 4251 etiam
1391 4203 1697 4267 puniuntur.
1723 4195 1790 4249 At
1817 4195 1957 4249 dicet
1987 4202 2208 4247 l'ortassc

631 4290 913 4358 quispiam,
952 4290 1164 4342 tertium
1200 4303 1317 4342 esse
1349 4289 1706 4351 malum,enm
1741 4287 1911 4339 malus
1927 4288 2204 4339 sitrector.

633 4381 741 4447 Ego
768 4396 979 4449 quoque
1012 4380 1060 4432 id
1090 4380 1222 4441 scio,
1256 4389 1309 4433 et
1340 4395 1442 4432 non
1472 4394 1691 4448 parvum
1726 4378 1826 4431 hoc
1854 4378 2048 4430 malum
2069 4418 2083 4442 ,
2115 4378 2205 4430 sed

631 4473 790 4523 etiam
812 4472 963 4539 longe
982 4471 1130 4540 pejus
1152 4468 1360 4524 defectu
1381 4470 1602 4524 rectoris
1626 4485 1685 4522 ac
1705 4470 2043 4538 magistratus
2066 4486 2076 4521 :
2100 4484 2209 4521 tne-

635 4565 733 4615 lins
755 4574 833 4617 est
852 4564 992 4617 enim
1025 4578 1051 4615 τι
1084 4563 1228 4615 nullo
1246 4563 1559 4632 duci,qnam
1581 4562 1700 4616 duci
1732 4580 1759 4613 ιι
1789 4563 1949 4615 malo.
1970 4562 2098 4615 Nam
2121 4562 2207 4614 ille

629 4654 840 4710 auidem
872 4670 1011 4722 sa‘pe
1041 4656 1206 4707 evasit
1234 4654 1429 4717 salvus,
1450 4669 1592 4721 smpe
1614 4654 1771 4706 etiam
1808 4656 1951 4706 venit
1983 4654 2031 4706 in
2069 4654 2205 4721 peri-

626 4744 802 4796 culum
825 4761 836 4806 ;
861 4745 943 4797 bic
974 4754 1149 4797 autem
1180 4746 1397 4798 omnino
1427 4745 1601 4797 veniet
1622 4744 1669 4796 in
1696 4744 2006 4812 periculum,
2031 4758 2095 4796 ne
2116 4744 2208 4795 ab-

627 4838 851 4890 ducatur
874 4838 922 4891 in
941 4837 1247 4890 barathrum
1267 4835 1760 4905 ageturQuomodo
1776 4852 1904 4906 ergo
1922 4838 2047 4890 dicit
2072 4837 2205 4889 Pau-

628 4929 740 4982 lus:
764 4930 974 4982 Obedite
995 4930 1275 4998 pra-positis
1293 4941 1408 4981 vasti
1425 4929 1481 4991 is,
1505 4939 1550 4981 et
1569 4930 1815 4999 subjucete
1832 4937 1900 4981 eis
1916 4930 1939 4981 .’
1953 4928 2083 4981 Cum
2115 4945 2204 4980 su-

629 5020 805 5085 perius
822 5019 1041 5072 dixerit:
1067 5019 1290 5084 Quorum
1318 5020 1562 5072 intuentes
1588 5020 2199 5083 (xitumconversationis,

624 5111 889 5162 imitamini
915 5110 1102 5177 ﬁdem;
1134 5118 1257 5163 tunc
1275 5109 1424 5171 dixit,
1455 5109 1660 5162 Ubedite
1691 5112 1973 5180 pra’posilis
2005 5118 2199 5175 vestris,

628 5211 676 5253 et
698 5203 963 5267 snbjucete.
995 5200 1129 5266 Quid
1157 5216 1304 5267 ergo,
1323 5200 1740 5270 inquit,qn:indo
1760 5202 1915 5255 fuerit
1943 5202 2204 5264 malus,ct

624 5308 731 5345 non
761 5293 1071 5347 obediemus
1094 5293 1182 5347 ei?
1204 5293 1389 5357 Malus,
1422 5293 1690 5363 quomodo
1716 5293 1889 5347 dicis?
1912 5295 1954 5345 si
1987 5305 2201 5361 propter

625 5384 781 5437 fidem
815 5384 1063 5453 quidem,
1110 5384 1232 5453 fuge
1262 5401 1381 5438 eum
1409 5394 1463 5440 ct
1490 5385 1626 5439 evita
1652 5426 1664 5448 ,
1705 5401 1807 5439 non
1857 5386 2026 5439 solum
2057 5388 2098 5437 si
2132 5389 2200 5438 sit

626 5475 784 5527 liomo
810 5517 823 5539 ,
858 5474 950 5528 sed
997 5477 1154 5527 etiam
1184 5477 1227 5527 si
1258 5477 1480 5545 angelus
1510 5478 1842 5532 descendens
1866 5496 1894 5531 υ
1920 5478 2051 5531 carlo
2078 5497 2088 5529 :
2114 5494 2196 5531 sm

622 5576 795 5619 autem
829 5576 1044 5634 propter
1076 5566 1256 5627 titam,
1290 5581 1354 5619 ne
1382 5567 1452 5619 sis
1483 5568 1641 5622 nimis
1672 5568 1933 5621 curiosus.
1965 5567 2071 5621 Nec
2102 5569 2198 5624 hoc

622 5659 918 5727 exemplum
944 5674 1007 5713 cx
1029 5675 1110 5713 me
1126 5661 1342 5713 allatum
1372 5662 1619 5725 dico,sed
1648 5679 1675 5715 a
1708 5663 1883 5716 divina
1900 5662 2193 5732 Scriptura.

620 5750 752 5801 Audi
777 5747 1194 5803 cnimCliristum
1220 5752 1481 5806 dicentem
1506 5771 1517 5806 :
1544 5754 1713 5822 Super
1733 5756 2020 5807 cathedram
2051 5755 2198 5825 Moy-

619 5841 681 5889 si.»
710 5839 940 5891 sederunt
969 5841 1141 5894 scribta
1167 5852 1212 5893 ct
1248 5841 1493 5895 I’lmri:.tt’i
1518 5843 1727 5913 (.llatt/i.
1758 5844 1845 5899 9.5.
1877 5844 1929 5897 ‘2.
1961 5845 2035 5911 5).
2060 5845 2191 5899 Cum

2322 2275 2386 2329 dc
2417 2276 2479 2328 iis
2504 2278 2650 2344 prius
2677 2275 2837 2328 multa
2871 2274 3091 2328 dixiSsct
3121 2279 3323 2344 gravia,
3369 2286 3491 2331 tunc
3532 2278 3662 2331 dicit
3694 2296 3706 2329 :
3739 2279 3907 2348 Super

2322 2368 2613 2421 cathedram
2639 2367 2688 2419 Μ
2698 2369 2832 2438 oysis
2858 2369 3112 2421 sederunt.
3136 2368 3474 2438 Quam-umque
3503 2368 3641 2422 vobis
3661 2370 3904 2434 dixerint,

2319 2459 2508 2528 facile:
2528 2474 2851 2529 quacumque
2867 2470 3033 2513 autem
3053 2460 3282 2531 iecerint,
3303 2461 3457 2515 nolite
3472 2464 3659 2533 facere.
3677 2462 3907 2532 Habent,

2324 2549 2527 2617 inquit,
2561 2549 2871 2619 dignitatem
2896 2593 2910 2616 ,
2940 2550 3033 2605 sed
3066 2553 3185 2606 vita:
3209 2562 3333 2606 sunt
3361 2553 3670 2609 immundae.
3700 2557 3771 2610 At
3803 2574 3907 2613 non

2323 2641 2506 2705 vitam,
2539 2641 2633 2695 sed
2665 2642 2824 2696 verba
2856 2643 3115 2697 attendite
3142 2662 3153 2696 :
3181 2660 3301 2698 nam
3334 2655 3555 2717 propter
3584 2662 3767 2705 mores
3793 2653 3910 2720 qui-

2317 2730 2438 2785 dem
2468 2733 2643 2787 nullus
2664 2733 2915 2788 damnum
2948 2737 3234 2805 aeccperit.
3255 2736 3471 2801 Quare?
3495 2738 3761 2804 Quoniam
3788 2753 3845 2796 et
3875 2745 3907 2798 ii

2316 2833 2441 2877 sunt
2468 2824 2720 2879 omnibus
2750 2824 3016 2881 manifesti
3040 2843 3054 2890 ;
3078 2837 3131 2881 et
3163 2843 3260 2881 nec
3292 2828 3406 2899 ipse
3428 2869 3442 2894 ,
3468 2830 3679 2885 etiamsi
3714 2834 3910 2889 millies

2316 2916 2383 2970 sit
2411 2917 2581 2971 malus
2602 2958 2615 2981 ,
2650 2918 2787 2971 mala
2812 2933 3062 2987 umquam
3093 2902 3463 2975 docebitaSed
3484 2932 3703 2993 promer
3726 2926 3909 2980 tidem.

2318 3007 2502 3075 Neque
2532 3010 2674 3063 enim
2701 3018 2782 3063 est
2814 3009 2862 3061 id
2888 3010 3133 3063 omnibus
3180 3012 3551 3078 manifestum;
3583 3030 3761 3085 neque
3793 3033 3911 3071 ma-

2318 3091 2402 3147 lus
2432 3094 2703 3151 recusabit
2720 3096 3018 3152 doctrinam
3042 3098 3236 3154 docere
3260 3117 3593 3170 perversam.
3619 3104 3753 3159 Nam
3778 3110 3905 3160 illud

2313 3199 2546 3253 quaque,
2571 3184 2742 3241 Nolite
2752 3188 3011 3259 judicare,
3031 3201 3083 3243 ut
3106 3208 3203 3244 non
3217 3194 3818 3265 judicetnitti(tllattlt.7.
3835 3201 3850 3252 l
3870 3202 3908 3269 ),

2312 3274 2381 3328 tle
2406 3276 2509 3329 vita
2532 3277 2730 3331 dictum
2756 3289 2857 3343 est,
2879 3297 2981 3333 non
3015 3282 3080 3335 de
3105 3282 3239 3337 ﬁde:
3267 3283 3317 3338 Id
3342 3285 3555 3354 quidem
3578 3298 3731 3343 certe
3760 3294 3908 3359 quod

2313 3368 2670 3435 subjungitur,
2708 3371 2804 3423 hoc
2828 3373 3081 3426 ostendit.
3111 3374 3247 3440 Quid
3268 3377 3400 3428 enim
3431 3378 3587 3444 vides,
3614 3381 3811 3450 inquit,
3836 3387 3913 3453 fe-

2311 3469 2500 3510 alttcam
2519 3462 2569 3512 in
2591 3464 2737 3515 oculo
2767 3465 3044 3531 fratristui,
3063 3466 3427 3522 trabemautem
3452 3472 3502 3523 in
3516 3474 3663 3527 oculo
3687 3486 3776 3529 tua
3804 3496 3910 3531 non

2310 3552 2669 3604 «uitandum-tis
2690 3552 2735 3622 (1
2747 3553 2848 3605 bid.
2864 3573 2909 3608 ιι.
2928 3558 3007 3619 5)?
3019 3558 3501 3634 Qua’cumqueergo
3512 3564 3737 3620 dixerint
3768 3574 3910 3624 rubis

2314 3653 2365 3691 ιιι
2392 3644 2614 3709 faciatis.
2641 3644 3006 3714 furite(facerc
3028 3657 3204 3705 autem
3225 3664 3299 3704 est
3322 3654 3501 3720 operis
3520 3695 3535 3720 ,
3563 3671 3671 3710 non
3708 3660 3863 3726 tidei)
3896 3679 3909 3723 ;

2309 3733 2582 3785 secundum
2604 3744 2770 3787 autem
2793 3752 2945 3806 opera
2970 3754 3142 3793 eorum
3169 3742 3323 3795 nolite
3349 3744 3538 3811 facere.
3567 3745 3737 3803 Vides
3759 3755 3909 3819 quod

2311 3836 2413 3873 non
2444 3833 2564 3891 agat
2588 3825 2655 3879 de
2682 3825 3039 3896 dogmatibus,
3066 3830 3157 3885 sed
3186 3832 3253 3887 de
3275 3834 3379 3888 vita
3405 3844 3456 3888 et
3478 3838 3777 3906 operibus?
3801 3846 3911 3898 Sed

2313 3912 2502 3966 Paulus
2533 3931 2627 3969 cos
2654 3918 2879 3986 primum
2903 3922 3317 3987 commendavit,
3346 3938 3397 3979 et
3423 3935 3547 3982 tunc
3569 3929 3701 3983 dicit
3730 3950 3742 3984 :
3775 3934 3915 3987 Obe

2308 4006 2410 4058 dite
2435 4010 2721 4076 prwpositis
2752 4013 2946 4075 reatris,
2983 4023 3029 4065 et
3062 4014 3274 4083 subjecti
3304 4027 3457 4072 estote
3484 4035 3503 4073 :
3528 4021 3628 4090 ipsi
3656 4026 3797 4076 enim
3836 4029 3915 4078 ti-

2306 4100 2467 4167 gilaul
2489 4117 2581 4167 pro
2602 4103 2864 4155 animabus
2889 4106 3339 4178 restristamquam
3360 4112 3605 4164 rationem
3625 4116 3916 4170 reddituri.

2308 4189 2540 4242 Audiant
2562 4192 2721 4244 etiam
2756 4194 2842 4261 qui
2866 4176 3076 4263 regunt:
3102 4214 3204 4249 non
3230 4200 3401 4253 solum
3437 4201 3469 4254 ii
3497 4204 3583 4271 qui
3616 4218 3915 4273 reguntur,

2305 4281 2446 4345 quod
2479 4284 2928 4351 quemadmodum
2962 4287 3117 4341 decet
3147 4290 3389 4345 subditos
3411 4308 3534 4347 esse
3554 4294 3915 4363 obetlicntcs,

2308 4371 2377 4424 ita
2402 4386 2613 4441 oportet
2648 4379 2941 4445 principes,
2975 4394 3093 4432 08:8
3122 4382 3401 4451 vigilantes
3427 4396 3478 4437 ct
3501 4386 3738 4441 sobrios.
3768 4394 3919 4457 ριιὶιί

2304 4464 2475 4518 dicis?
2502 4466 2702 4534 vigilat,
2727 4469 2967 4523 imminet
2992 4474 3286 4539 periculum
3320 4474 3435 4541 ejus
3465 4477 3646 4546 capiti,
3680 4482 3919 4549 subjici-

2306 4563 2391 4608 tur
2432 4557 2608 4622 pinnis
2662 4568 3004 4627 peccatorum
3063 4570 3301 4628 tuorum,
3350 4576 3403 4618 et
3448 4579 3669 4636 propter
3724 4582 3779 4626 te
3835 4587 3920 4627 est

2308 4656 2452 4698 tanto
2484 4648 2747 4703 obnoxius
2776 4650 2986 4716 timori,
3019 4662 3072 4705 et
3108 4662 3159 4703 In
3185 4667 3242 4705 cs
3270 4654 3415 4724 piger
3446 4666 3498 4710 et
3523 4658 3773 4727 ignavus.
3806 4677 3922 4717 toi--

2303 4753 2505 4807 pesque
2532 4749 2583 4793 ct
2609 4756 2666 4793 es
2694 4741 2962 4805 sordidus,
2992 4758 3089 4797 nec
3117 4746 3196 4797 vis
3223 4746 3489 4815 obsequi?
3520 4749 3644 4804 lilco
3673 4757 3921 4825 subjun-

2301 4833 2375 4900 git
2395 4834 2608 4885 dicens:
2631 4832 2695 4887 Ut
2715 4851 2827 4886 cum
2847 4835 3034 4904 gaudio
3062 4836 3155 4887 hoc
3179 4839 3392 4907 faciant,
3415 4852 3459 4893 et
3483 4858 3584 4894 non
3606 4859 3879 4913 geritetites
3902 4866 3921 4903 :

2302 4926 2396 4977 hoc
2433 4927 2564 4976 enim
2604 4943 2703 4978 non
2745 4928 2943 4996 expedit
2988 4927 3145 4981 vobis.
3182 4928 3345 4985 Vides
3377 4933 3518 5000 quod
3569 4938 3839 5009 princeps
3871 4944 3919 4995 si

2300 5025 2709 5081 contemnatur,
2741 5034 2844 5071 non
2887 5029 3133 5087 oporteat
3178 5036 3236 5075 se
3282 5024 3503 5089 ulcisci;
3533 5028 3628 5080 sed
3661 5036 3917 5087 maxima

2301 5109 2431 5161 ultio
2453 5109 2519 5160 sit
2550 5109 2674 5162 tlcre
2703 5119 2754 5161 et
2789 5111 3177 5179 ingemiscere?
3205 5124 3257 5167 ct
3287 5117 3500 5169 merito.
3530 5117 3663 5172 Nam
3701 5135 3757 5176 et
3788 5142 3915 5179 tne-

2298 5199 2441 5261 dico,
2472 5202 2513 5252 si
2545 5212 2919 5255 contemnatur
2950 5204 3016 5256 ab
3049 5215 3273 5273 a‘groto,
3298 5224 3403 5260 non
3438 5210 3561 5264 licet
3594 5228 3654 5265 se
3689 5217 3913 5279 ulcisci,

2301 5292 2393 5345 sed
2426 5294 2553 5346 llrre
2582 5302 2635 5346 et
2662 5294 3032 5362 ingemiscere.
3066 5296 3158 5351 Siti
3208 5311 3387 5353 autem
3420 5302 3507 5356 iile
3551 5304 3914 5375 ingemiscat,

2298 5393 2349 5438 te
2394 5385 2681 5439 ulciscetur
2714 5386 2873 5441 Deus.
2909 5388 2961 5441 Si
2996 5390 3139 5442 enim
3181 5406 3276 5459 pro
3305 5395 3539 5461 peccatis
3573 5407 3783 5457 nostris
3822 5406 3913 5456 in-

2296 5478 2651 5547 gemiscentes
2709 5480 2870 5532 lteum
2922 5482 3278 5549 attrabimus,
3330 5502 3424 5554 pro
3467 5488 3703 5545 aliorum
3745 5510 3913 5548 arro-

2260 5557 2265 5561 ⁴
2294 5570 2471 5637 gantia
2506 5582 2557 5622 ct
2589 5579 2895 5639 contemptu
2940 5572 2983 5625 si
3033 5573 3469 5642 ingemisciinus,
3506 5595 3693 5636 annon
3729 5590 3917 5641 multo

2298 5664 2499 5734 magis?
2522 5662 2678 5718 Vides
2702 5665 2840 5734 quod
2868 5683 2970 5719 non
2995 5668 3118 5720 sinit
3143 5684 3262 5723 eum
3291 5686 3577 5742 erumpere
3602 5677 3667 5730 ad
3700 5682 3913 5748 probra

2297 5769 2349 5811 et
2372 5759 2757 5811 contumelias?
2784 5759 2933 5813 vides
2954 5772 3151 5829 quanta
3172 5764 3241 5817 sit
3264 5764 3439 5833 philos
3480 5768 3915 5841 p1ii:i?Uportct

2298 5866 2418 5902 cum
2456 5851 2802 5919 ingemiscere
2830 5854 2913 5921 qui
2944 5853 3255 5924 dripicitur,
3283 5859 3369 5926 qui
3399 5861 3785 5932 ςιιεξωῖρςιτιιτ,
3815 5868 3911 5933 qui
