4062 6404
617 442 790 481 clunes
807 424 1167 480 sanctosNide
1186 422 1452 493 quomodo
1474 424 1616 490 ipsos
1642 422 1980 477 houoraverit
1994 464 2007 483 .
2026 423 2190 491 siqui-

615 518 735 573 dem
756 518 821 571 ad
846 516 964 570 illos
983 531 1077 586 pro
1095 516 1207 568 istis
1223 513 1453 582 scripsit.
1471 512 1709 568 Salutant
1730 530 1814 567 vos
1831 514 1894 569 de
1912 511 2068 565 Italia
2087 516 2190 581 fra-

614 620 733 663 tres.
769 608 946 663 Gratia
974 624 1086 659 cum
1106 605 1333 659 ciuilibus
1360 605 1515 660 vobis.
1535 606 1715 659 Amen.
1738 607 1888 672 Quod
1906 616 2186 661 eratcum-

612 716 773 754 mnne
801 698 1059 762 omnium,
1091 696 1189 750 hoc
1219 698 1461 750 ultinnnn
1485 698 1680 766 posuit.
1707 695 1985 761 Quomodo
2006 705 2183 751 autem

612 800 694 844 cst
724 792 888 859 gratia
917 786 1235 842 nobiseum?
1280 786 1338 840 Si
1380 801 1485 840 non
1520 786 1716 857 probro
1762 795 1816 840 et
1856 788 2183 841 contumelia

610 882 906 935 afficiamus
937 878 1286 933 beneficium:
1320 877 1367 932 si
1394 893 1497 931 non
1526 876 1694 930 simus
1721 877 1976 933 socordes
1994 878 2186 933 adver-

607 988 698 1026 sus
728 972 949 1025 donum.
982 969 1116 1037 Quid
1148 982 1230 1023 cst
1276 969 1479 1037 gratia?
1510 966 1779 1021 Remissio
1816 978 2178 1037 peccatorum,

609 1064 887 1134 purgatio:
925 1061 1037 1116 ha-c
1064 1060 1207 1115 enim
1252 1059 1525 1113 nobiscum
1556 1068 1658 1113 est.
1701 1059 1830 1125 Quis
1871 1060 2037 1122 enim,
2088 1064 2177 1129 qui

607 1153 1005 1223 probroall'ecit
1032 1162 1084 1207 et
1113 1152 1456 1215 contumelia,
1516 1160 1689 1219 petest
1740 1152 2009 1207 custodire
2054 1168 2176 1222 gra-

604 1248 754 1309 tiam,
803 1255 855 1299 et
902 1259 1020 1297 eam
1070 1258 1176 1297 nun
1224 1242 1430 1312 perdit?
1483 1241 1675 1311 Utputa
1721 1243 2040 1298 condonavit
2085 1245 2179 1300 tibi

605 1348 855 1407 peccata:
886 1335 1148 1406 quomodo
1172 1335 1267 1388 erit
1301 1343 1472 1387 tecum
1499 1333 1688 1402 gratia,
1720 1345 1808 1389 aut
1836 1336 1972 1389 bona
1996 1336 2181 1391 existi-

606 1432 786 1495 matio,
820 1439 909 1483 ant
930 1429 1160 1499 Spiritus
1184 1429 1447 1496 operatio,
1482 1427 1580 1479 nisi
1614 1442 1708 1494 per
1742 1428 1906 1481 bonas
1936 1430 2177 1485 actiones

602 1520 1058 1579 eamattraxeris?
1102 1520 1211 1573 lloc
1237 1519 1380 1572 enim
1421 1530 1501 1573 est
1543 1533 1700 1571 causa
1740 1521 1977 1573 oumium
2003 1520 2175 1575 bono-

602 1629 742 1679 rum,
776 1612 918 1682 quod
951 1614 1003 1665 in
1036 1610 1189 1665 nobis
1230 1625 1443 1679 semper
1473 1619 1683 1663 maneat
1707 1610 1877 1679 gratia
1904 1611 2173 1680 Spiritus:

602 1722 662 1763 ca
694 1707 839 1762 enim
867 1714 950 1760 est
979 1704 1132 1758 nobis
1160 1704 1264 1758 dux
1317 1704 1382 1757 ad
1431 1703 1607 1756 omnia
1629 1744 1643 1767 ,
1676 1703 1811 1757 sicut
1853 1704 2067 1774 quando
2111 1721 2174 1762 ea

601 1814 634 1854 a
682 1802 835 1852 nolns
881 1799 1189 1861 avolaverit,
1223 1812 1320 1851 nos
1370 1798 1543 1865 perdit
1586 1805 1640 1851 et
1692 1798 1931 1851 desertos
1984 1792 2174 1849 reddit.

674 1894 727 1946 ὃ.
774 1891 852 1947 Ne
891 1907 1009 1946 eam
1041 1905 1169 1959 ergo
1212 1890 1570 1956 repellamus;
1599 1898 1683 1943 est
1723 1891 1865 1943 enim
1902 1887 1953 1940 in
1994 1894 2177 1941 nostra

606 1990 871 2051 potestate
900 1990 955 2035 ut
984 1996 1044 2034 ea
1070 1989 1124 2034 et
1155 1989 1388 2047 manest,
1419 1988 1473 2035 et
1500 1979 1736 2034 recedat.
1762 1977 1893 2032 Illud
1920 1977 2063 2031 enim
2094 1974 2176 2041 fit,

602 2072 815 2140 quando
841 2074 1138 2141 cogitamus
1161 2071 1427 2135 caelestia;
1448 2073 1549 2125 hoc
1572 2086 1718 2132 vero,
1745 2068 1955 2138 quando
1980 2082 2041 2121 ea
2059 2081 2178 2137 qua

602 2162 671 2216 ad
706 2162 841 2216 hanc
870 2161 1030 2215 vitam
1060 2163 1343 2231 pertinent.
1379 2161 1538 2228 Quem
1568 2160 1786 2215 mundus
1808 2200 1823 2223 ,
1857 2158 2047 2228 inquit,
2074 2173 2178 2212 non

606 2262 765 2320 potest
792 2254 1035 2319 accipere,
1055 2254 1171 2321 quia
1193 2268 1293 2305 non
1318 2253 1445 2305 videt
1476 2267 1609 2315 eunt,
1631 2267 1720 2305 nec
1741 2251 1834 2305 scit
1860 2266 1972 2303 eum
1996 2248 2178 2320 (Joan.

607 2344 817 2415 14.17).
839 2343 1093 2397 Mundum
1113 2353 1261 2396 vocat
1279 2343 1438 2397 vitam
1462 2343 1756 2411 improbam
1775 2352 1827 2396 et
1849 2338 2178 2410 turpem.“-

605 2434 702 2490 des
720 2449 824 2488 non
842 2448 962 2489 csse
980 2433 1260 2487 mundanae
1278 2434 1469 2486 anima:
1488 2443 1543 2486 ut
1565 2433 1615 2486 id
1643 2432 1857 2488 habeat?
1873 2431 2039 2486 Multo
2052 2443 2182 2500 ergo

609 2525 765 2578 nullis
780 2524 955 2578 studio
975 2539 1108 2594 Opus
1128 2534 1230 2588 est,
1251 2534 1307 2578 ut
1329 2523 1377 2577 id
1406 2539 1435 2578 a
1459 2523 1609 2577 nobis
1636 2524 1950 2588 retineatur,
1968 2532 2180 2577 nostra-

603 2631 709 2684 que
752 2617 929 2669 omnia
974 2615 1245 2684 dispenset
1288 2627 1343 2670 et
1389 2613 1723 2669 administrat
1755 2628 1923 2683 eaque
1959 2613 2011 2667 in
2045 2622 2178 2676 tuto,

604 2717 659 2760 ct
680 2707 843 2760 multa
876 2720 1005 2775 pace
1024 2707 1269 2760 collocct.
1298 2704 1446 2761 Sicut
1474 2707 1614 2759 enim
1644 2704 1764 2759 ﬁeri
1793 2722 1897 2758 non
1922 2712 2100 2774 potest
2126 2712 2184 2760 ut

606 2798 775 2861 navis,
808 2812 925 2863 quae
957 2806 1114 2849 vt-nto
1145 2796 1381 2850 secundo
1408 2793 1599 2860 fertur,
1634 2794 1971 2865 impediatur,
2006 2808 2181 2864 neque

607 2900 664 2943 ut
694 2890 1051 2957 demergatur,
1075 2888 1247 2941 donec
1290 2900 1445 2941 vento
1475 2888 1668 2941 fruitur
1692 2901 1949 2956 prospero
1977 2894 2031 2940 et
2056 2899 2181 2956 per-

608 2994 797 3049 petuo;
820 2982 911 3034 sed
939 2989 992 3032 et
1021 2988 1298 3048 postquam
1323 2979 1558 3041 redierit,
1595 2994 1838 3049 magnam
1863 2979 1945 3033 sui
1966 2993 2182 3033 succes-

605 3089 699 3128 sus
718 3074 917 3142 prmhet
934 3072 1158 3142 gloriam
1172 3082 1224 3125 et
1243 3073 1417 3126 nautis
1438 3080 1491 3126 et
1507 3073 1827 3127 vectoribus:
1850 3073 1955 3128 illis
1970 3071 2183 3141 quidem

606 3166 738 3216 dans
765 3164 1020 3232 quiezem,
1042 3170 1097 3216 ct
1123 3178 1229 3215 non
1253 3163 1434 3217 sinens
1464 3172 1517 3217 ut
1543 3165 1701 3218 remis
1722 3162 2065 3228 adlaborent;
2087 3162 2187 3218 hos

604 3266 779 3307 autem
806 3254 876 3307 ab
895 3254 1039 3307 onmi
1073 3260 1221 3307 metu
1252 3253 1508 3319 liberans,
1525 3254 2038 3324 etjucundissimum
2058 3268 2183 3324 spe-

603 3346 868 3401 ctaculum
896 3346 978 3401 eis
998 3362 1151 3399 suum
1184 3346 1425 3416 praebens
1446 3362 1661 3401 cursum
1688 3362 1701 3399 :
1733 3346 1802 3400 ita
1824 3347 1983 3402 etiam
2006 3346 2184 3402 anima

602 3440 785 3494 divino
816 3438 1019 3493 munita
1048 3438 1249 3509 Spiritu
1281 3449 1364 3495 est
1392 3438 1639 3511 superior
1679 3439 1891 3510 quidem
1933 3439 2186 3494 omnibus

603 3531 850 3586 ﬂuctibus
880 3530 1036 3601 hujus
1067 3530 1224 3596 vitzc;
1249 3529 1386 3584 viam
1412 3539 1613 3596 autem,
1634 3545 1752 3598 qua:
1774 3528 1881 3585 fert
1899 3530 1951 3584 in
1968 3529 2182 3597 caelum,

604 3635 751 3679 secat
778 3623 1148 3679 vehementius
1173 3638 1333 3692 quam
1359 3623 1447 3677 illa
1474 3624 1645 3687 navis,
1668 3631 1723 3676 ut
1750 3638 1869 3693 qua:
1896 3639 2002 3677 non
2030 3623 2187 3693 pella-

608 3730 693 3771 tur
719 3734 748 3771 a
781 3727 941 3773 vento
963 3758 977 3781 ,
1010 3715 1103 3771 sed
1148 3716 1261 3770 vela
1290 3715 1502 3781 habeat,
1536 3730 1706 3785 eaque
1736 3713 1932 3769 munda
1973 3716 2187 3784 impleta

604 3817 673 3863 an
709 3810 824 3879 ipso
876 3808 1149 3863 Paracleto
1180 3825 1193 3864 :
1224 3816 1275 3862 ct
1302 3821 1330 3859 a
1383 3816 1565 3861 nostra
1594 3806 1915 3876 cogitatione
1968 3806 2188 3877 expellit

604 3899 858 3970 quidquid
900 3908 984 3954 est
1034 3900 1217 3963 molle,
1268 3906 1578 3954 enervatum
1637 3907 1691 3953 et
1746 3898 2085 3953 dissolutum.
2119 3898 2188 3955 Ut

606 3994 753 4047 enim
781 4000 970 4047 ventus
999 3990 1239 4045 incidens
1269 3991 1320 4043 in
1352 3990 1530 4045 velum
1560 3990 1738 4044 laxum
1764 3998 1818 4044 et
1844 3990 2021 4055 molle,
2054 3990 2185 4045 nihil

606 4083 805 4152 egerit:
832 4081 901 4135 ita
931 4081 1089 4135 etiam
1126 4090 1335 4135 sanctus
1366 4078 1593 4149 Spiritus
1620 4078 1672 4133 in
1700 4080 1932 4134 animam
1973 4080 2187 4137 mollem

610 4172 715 4241 puti
734 4188 837 4227 non
867 4182 1042 4241 potest
1069 4181 1125 4225 ut
1148 4180 1378 4237 maneat,
1400 4170 1494 4227 sed
1520 4185 1710 4241 magna
1730 4170 2034 4228 iutensione
2053 4186 2188 4243 opus

607 4280 688 4321 est
716 4276 765 4321 ct
796 4266 1156 4321 vehementia.

681 4362 893 4413 Animus
916 4358 1191 4414 Christiani
1214 4356 1396 4413 ardens
1410 4358 1475 4413 sit
1490 4356 1961 4431 cperim—Itaque
1977 4366 2189 4427 oportet

624 4453 680 4496 ut
720 4442 873 4498 nobis
899 4442 970 4497 sit
998 4443 1194 4498 ardens
1226 4445 1438 4499 animus
1466 4486 1482 4510 ,
1521 4455 1575 4499 et
1617 4459 1830 4516 semper
1856 4447 1966 4501 sint
2000 4455 2185 4501 nostra

619 4548 784 4604 Opera
808 4534 1037 4601 infensa,
1068 4534 1221 4590 fortia
1248 4546 1302 4591 et
1323 4538 1623 4592 constantia
1650 4553 1665 4593 :
1694 4549 1747 4592 ut
1773 4580 1789 4602 ,
1819 4538 2035 4609 quando
2064 4554 2192 4596 ora-

620 4641 763 4687 mus.
792 4625 895 4681 hoc
942 4642 973 4681 a
1023 4628 1174 4682 nobis
1201 4643 1323 4683 cum
1346 4643 1533 4699 magna
1562 4629 1860 4685 faciendum
1900 4641 1985 4686 est
2014 4632 2195 4690 inten-

620 4719 797 4783 sione,
832 4719 1059 4773 animam
1084 4719 1136 4774 in
1164 4720 1354 4775 uelum
1384 4720 1798 4789 intendentibus,
1822 4738 1928 4778 non
1953 4722 2190 4791 funibus,

620 4811 715 4866 sed
744 4825 934 4879 magna
957 4811 1119 4865 animi
1153 4811 1447 4867 alacritate.
1486 4811 1713 4880 Quando
1750 4829 1934 4870 rursus
1975 4815 2199 4872 misere-

622 4918 760 4966 mur,
784 4902 937 4957 nobis
963 4918 1096 4973 opus
1125 4912 1207 4959 est
1228 4904 1548 4971 intcnsione,
1566 4920 1630 4959 ne
1654 4920 1781 4961 cura
1804 4906 1994 4961 domus
2019 4916 2074 4962 et
2099 4907 2201 4963 sol-

622 4992 842 5047 licitudo
862 4992 931 5050 de
964 4994 1145 5049 liberis
1171 5002 1227 5049 et
1266 5010 1453 5061 uxore,
1481 5005 1536 5049 et
1574 5005 1746 5051 metus
1776 4997 2103 5066 paupertatis
2130 4998 2202 5053 ir-

622 5098 807 5148 ruens,
824 5085 1215 5141 velumlsxetet
1234 5084 1632 5142 remittat.Nam
1654 5087 1698 5142 si
1730 5087 1779 5141 id
1802 5089 2038 5159 undique
2053 5098 2201 5145 recte

622 5173 1011 5231 intenderimus
1040 5190 1135 5245 spe
1159 5176 1476 5243 futurorum,
1500 5190 1643 5233 recte
1666 5182 1901 5251 suscepit
1924 5184 2198 5251 Operatio—

622 5282 743 5320 nem
771 5266 999 5336 Spiritus
1031 5284 1043 5319 :
1073 5282 1137 5321 ex
1165 5268 1267 5323 illis
1294 5280 1473 5325 autem
1494 5270 1654 5326 rebus
1670 5271 1883 5326 caducis
1909 5283 1963 5328 et
1988 5274 2197 5330 miseris

622 5359 753 5414 nihil
784 5360 834 5413 in
864 5375 982 5414 eam
1005 5360 1228 5425 incidet;
1253 5363 1344 5417 sed
1365 5364 1465 5418 etsi
1497 5365 1760 5431 inciderit,
1789 5367 1955 5437 ipsam
1980 5368 2195 5438 quidem

624 5450 756 5507 nihil
778 5452 941 5520 lwdit,
963 5454 1055 5510 sed
1074 5454 1254 5510 statim
1277 5453 1524 5513 firmitate
1550 5474 1612 5515 ac
1627 5458 1819 5515 duritie
1846 5460 2124 5532 repellitur
2141 5473 2196 5519 et

1345 333 1401 389 8.
1435 330 1706 388 JOANNIS
1734 328 2201 385 CllltYSOSTOMl
2242 328 2550 383 AllClllEi‘.
2596 324 3126 383 CONSTANTINOP.

3778 323 3892 383 236

2286 411 2487 468 excidit
2518 428 2819 468 excussum.
2852 413 3138 481 Propterea
3166 426 3293 481 ergo
3324 412 3478 465 nobis
3513 426 3706 483 magna
3735 428 3883 483 Opus

2285 518 2367 559 est
2396 505 2697 559 inteusione
2730 523 2742 555 :
2780 505 2973 559 etenim
3012 518 3111 558 nos
3139 518 3352 574 quoque
3381 517 3631 573 magnum
3661 512 3720 557 et
3746 518 3881 573 spa-

2288 600 2480 651 tiosum
2524 612 2672 651 mare
2716 599 3057 665 navigamus,
3088 596 3305 665 plenum
3353 596 3537 650 multis
3580 596 3784 651 belluis
3824 606 3883 651 et

2286 689 2555 758 scopulis,
2580 698 2635 744 et
2656 690 2851 743 multas
2884 689 3037 743 nobis
3065 689 3280 758 pariens
3307 698 3653 758 tempestates
3677 730 3692 753 ,
3726 700 3785 745 et
3811 704 3878 745 ex

2287 794 2473 848 magna
2540 781 2828 835 serenitate
2891 781 3213 835 saevissimas
3279 782 3542 849 procellas
3601 782 3875 837 excitans.

2286 872 2510 941 Oportet
2540 887 2685 943 ergo,
2715 873 2759 926 si
2790 873 3017 927 velimus
3048 873 3203 927 facile
3230 874 3482 945 navigare
3509 883 3564 930 et
3588 875 3709 930 sine
3734 875 3880 944 peri-

2285 965 2426 1029 culo,
2453 965 2567 1019 vela
2602 963 2844 1029 tendere,
2872 964 2973 1019 hoc
3002 974 3105 1029 est,
3131 965 3362 1019 liberum
3387 967 3551 1021 animi
3584 969 3753 1021 nostri
3790 982 3881 1023 ar-

2285 1057 2546 1112 bitrium:
2590 1057 2693 1112 hoc
2741 1059 2884 1113 enim
2940 1058 3095 1112 nobis
3138 1058 3355 1113 sufficit.
3406 1058 3540 1114 Nam
3599 1061 3876 1116 Abraham

2290 1162 2499 1219 quoque
2524 1159 2800 1219 postquam
2823 1164 2977 1204 suum
3001 1149 3064 1205 ad
3090 1150 3255 1205 Deum
3278 1150 3505 1206 intendit
3525 1151 3877 1219 desiderium,

2292 1240 2691 1311 perfectamque
2716 1252 2769 1296 et
2798 1241 3056 1312 integram
3089 1241 3335 1297 exhibuit
3360 1243 3711 1309 voluntatem,
3743 1262 3884 1315 qua-

2287 1348 2409 1386 nam
2437 1346 2494 1387 re
2520 1332 2624 1387 alia
2654 1346 2787 1402 opus
2814 1332 3048 1386 habuit?
3080 1332 3221 1386 nulla
3248 1375 3263 1399 ,
3291 1334 3384 1389 sed
3410 1333 3635 1389 Credidit
3669 1335 3798 1400 Deo,
3834 1346 3883 1391 et

2286 1431 2571 1492 reputation
2596 1432 2671 1477 est
2697 1422 2742 1477 ei
2761 1424 2830 1476 ad
2845 1424 3096 1493 justitiam
3120 1423 3270 1491 (Gen.
3306 1425 3391 1479 15.
3414 1424 3491 1494 6).
3512 1425 3668 1480 Fides
3697 1436 3879 1481 autem

2286 1523 2369 1567 est
2391 1528 2535 1583 pune
2558 1514 2852 1569 etsincerte
2868 1514 3174 1568 voluntatis.
3192 1514 3395 1569 Obtulit
3417 1516 3603 1579 filium,
3626 1529 3679 1572 et
3696 1534 3883 1587 quam-

2287 1604 2367 1657 vis
2398 1618 2502 1659 non
2531 1604 2808 1670 occiderit,
2828 1606 3033 1677 accepit
3063 1616 3239 1662 tamen
3264 1607 3563 1663 mercedem
3588 1624 3645 1664 ac
3678 1609 3885 1664 stoer-i-

2288 1695 2483 1765 disset;
2505 1708 2561 1755 et
2584 1700 2825 1770 quamvis
2849 1698 3042 1754 factum
3075 1716 3186 1755 non
3217 1710 3360 1756 esset
3381 1700 3653 1769 Opus,duta
3680 1713 3765 1758 ρει
3795 1714 3881 1755 ta-

2284 1804 2405 1844 men
2424 1804 2651 1847 merees.
2672 1791 2792 1847 Sint
2810 1808 2938 1864 ergo
2958 1794 3116 1851 nobis
3142 1794 3258 1850 vela
3287 1795 3506 1863 munda,
3536 1812 3671 1850 nova
3696 1808 3881 1852 etnon

2284 1880 2578 1938 inveterata
2610 1899 2625 1935 :
2669 1881 2808 1937 Nam
2832 1885 3076 1953 quidquid
3100 1886 3413 1941 inveterascit
3441 1897 3488 1941 et
3530 1891 3882 1956 consenescit,

2286 1987 2443 2041 prope
2465 1972 2720 2029 interitum
2750 1985 2823 2030 est
2850 1977 2869 2045 (
2892 1975 3050 2032 Hebr.
3081 1978 3134 2033 8.
3165 1979 3232 2033 15
3254 1980 3307 2049 ):
3342 1994 3447 2033 non
3476 1979 3743 2051 perforata
3776 2024 3792 2045 ,
3824 1992 3884 2037 ut

2284 2062 2593 2119 contineant
2619 2064 3227 2139 operationemSpiritus
3257 2085 3272 2126 :
3305 2071 3555 2126 Aniumlis
3575 2074 3719 2127 enim
3747 2112 3764 2138 ,
3798 2073 3887 2127 in-

2286 2155 2419 2221 quit,
2435 2156 2583 2209 homo
2600 2175 2699 2212 non
2716 2162 2851 2225 capit
2876 2175 2935 2213 ea
2957 2174 3069 2229 qua
3086 2172 3204 2215 sunt
3230 2161 3453 2232 Spiritus
3471 2164 3517 2235 (l
3534 2204 3547 2216 .
3563 2162 3680 2218 Cor.
3694 2163 3780 2218 ΞΜ
3796 2166 3879 2232 4).

2286 2244 2433 2301 Sicut
2447 2248 2590 2303 enim
2613 2250 2732 2305 tela:
2747 2265 3063 2306 aranearum
3082 2252 3188 2307 vim
3208 2254 3349 2308 venti
3377 2269 3481 2309 non
3498 2258 3838 2325 susceperint
3866 2276 3879 2310 :

2288 2336 2359 2391 ita
2385 2352 2483 2393 nec
2510 2340 2688 2394 anima
2716 2339 2871 2411 hujus
2899 2342 3022 2396 vitae
3046 2342 3190 2397 curis
3215 2342 3415 2409 dedita,
3445 2360 3542 2401 nec
3570 2345 3731 2400 homo
3759 2350 3883 2401 ani-

2288 2428 2441 2484 malis
2468 2429 2663 2499 poterit
2688 2446 2937 2501 umquam
2963 2433 3237 2503 suscipere
3263 2436 3487 2504 gratiam
3516 2435 3767 2505 Spiritus.
3796 2440 3884 2495 Ab

2288 2521 2396 2577 illis
2425 2522 2568 2577 enim
2600 2521 2731 2577 nihil
2758 2522 2960 2577 distant
2982 2532 3180 2579 nostra!
3209 2526 3586 2596 cogitationes,
3611 2529 3728 2582 visu
3760 2531 3881 2597 qui-

2286 2611 2407 2667 dem
2447 2615 2617 2668 solum
2649 2626 2927 2669 servantes
2956 2616 3394 2686 consequentiam
3421 2660 3435 2682 ,
3468 2618 3688 2687 privata!
3727 2621 3881 2675 omni

2288 2705 2501 2759 virtute.
2530 2704 2635 2760 Sed
2662 2714 2843 2760 nostra
2876 2721 2979 2761 non
3003 2716 3127 2761 sunt
3148 2706 3475 2778 huiusmodi,
3504 2710 3546 2763 si
3568 2710 3880 2779 sapiamus;

2286 2794 2379 2848 sed
2401 2794 2656 2865 quidquid
2687 2795 2952 2860 inciderit,
2970 2806 3153 2852 tenent
3180 2798 3379 2864 omnia,
3406 2808 3461 2854 et
3479 2810 3605 2854 sunt
3626 2800 3885 2857 omnibus

2286 2888 2583 2957 superiora,
2612 2896 2665 2943 et
2690 2888 2879 2957 quovis
2911 2885 3101 2957 laqueo
3128 2890 3370 2947 fortiora.

2359 2980 2657 3051 Spiritualis
2680 2983 2851 3036 omnia
2875 2990 2970 3054 fert
2991 2983 3382 3040 libertina—Sit
3407 2984 3550 3040 enim
3579 2987 3661 3041 vir
3680 2986 3886 3058 aliquis

2287 3073 2597 3140 spirituztlis,
2628 3074 2750 3128 etei
2778 3076 3086 3145 Contingunt
3114 3075 3525 3131 innumerabilia
3555 3078 3691 3131 mala
3712 3089 3767 3134 et
3797 3080 3886 3134 in-

2288 3163 2588 3230 commoda,
2616 3180 2643 3215 a
2668 3165 2811 3218 nullo
2837 3180 3021 3219 eorum
3052 3167 3277 3236 capitur.
3306 3168 3372 3222 Et
3400 3169 3528 3239 quid
3554 3169 3712 3226 dico?
3736 3172 3881 3228 infe-

2289 3268 2435 3311 ratur
2463 3257 2537 3311 illi
2567 3267 2873 3328 paupertas,
2906 3259 3146 3323 morbus,
3174 3262 3535 3324 contumelia...
3568 3264 3881 3333 maledicta,

2288 3347 2539 3415 ludibria,
2562 3350 2749 3419 plaga,
2769 3366 2927 3405 omne
2944 3366 3111 3421 genus
3128 3353 3393 3422 supplicii,
3420 3369 3580 3409 omne
3606 3371 3779 3423 genus
3803 3358 3882 3413 ir-

2287 3440 2503 3496 risionis
2518 3449 2573 3496 et
2592 3441 2894 3511 opprobrii;
2918 3454 2971 3496 at
3002 3452 3268 3514 tamquam
3297 3448 3384 3516 qui
3414 3447 3482 3501 sit
3502 3458 3651 3503 extra
3682 3450 3879 3507 orbem

2291 3540 2447 3587 terra:
2472 3542 2528 3587 et
2552 3532 2689 3587 liber
2713 3532 2781 3587 ab
2822 3534 3070 3589 omnibus
3091 3537 3334 3606 corporis
3362 3538 3739 3597 affectiOnibus
3758 3585 3771 3605 ,
3807 3544 3883 3598 ita

2288 3624 2463 3680 omnia
2480 3624 2903 3692 irridebit.Quod
2920 3638 3097 3682 autem
3126 3627 3241 3683 hmc
3258 3631 3417 3685 verba
3442 3648 3545 3686 non
3575 3642 3778 3689 temere
3790 3636 3886 3704 ja-

2280 3724 2519 3781 ctentur,
2536 3714 2728 3769 multos
2746 3716 2993 3771 existimo
3010 3733 3151 3774 nunc
3172 3734 3383 3789 quoque
3399 3736 3519 3778 esse
3541 3722 3878 3793 hujnsmodi,

2291 3813 2347 3859 ut
2368 3820 2429 3859 ex
2460 3805 2525 3859 iis
2543 3808 2629 3873 qui
2654 3820 2711 3860 se
2728 3816 3047 3875 receperunt
3071 3808 3123 3861 in
3145 3808 3487 3866 solitudines.
3508 3813 3611 3868 Sed
3637 3830 3743 3868 non
3766 3826 3880 3880 est.

2292 3897 2499 3964 inquit,
2531 3896 2746 3952 mirum.
2790 3896 2900 3968 Ego
2927 3907 3105 3954 autem
3134 3900 3256 3956 dico
3284 3902 3416 3959 tales
3440 3906 3608 3960 etiam
3651 3923 3777 3963 esse
3826 3909 3884 3965 in

2292 3990 2598 4045 civitatibus
2620 4032 2634 4053 ,
2680 4006 2815 4055 quos
2858 3989 3079 4047 minime
3108 3992 3405 4070 existimes.
3440 3995 3496 4051 Si
3526 3996 3608 4053 vis
3650 4010 3834 4053 autem
3864 4042 3883 4067 ,

2293 4096 2510 4151 possum
2533 4081 2818 4136 ostendere
2844 4082 3051 4153 aliquos
3077 4099 3140 4140 ex
3174 4086 3241 4141 iis
3268 4087 3358 4155 qui
3390 4086 3605 4143 fuerunt
3630 4092 3780 4147 olim.
3811 4092 3883 4149 Et

2290 4183 2349 4229 ut
2390 4175 2652 4243 intelligas
2679 4216 2692 4237 ,
2738 4176 2919 4231 veniat
2965 4176 3058 4231 tibi
3092 4178 3143 4232 in
3184 4188 3419 4234 mentem
3473 4181 3709 4237 Paulus:
3744 4187 3880 4256 quid

2295 4285 2401 4324 non
2428 4283 2589 4340 grave
2607 4280 2690 4323 est
2713 4285 2901 4341 passus
2926 4273 2950 4327 ΐ
2977 4272 3104 4344 quid
3126 4287 3232 4327 non
3255 4275 3548 4331 sustinuit?
3568 4275 3663 4332 sed
3691 4277 3883 4333 omnia

2299 4360 2505 4415 ferebat
2530 4360 2757 4417 fortiter.
2793 4363 2946 4420 lluuc
2971 4364 3243 4421 imitemur
3276 4384 3290 4421 :
3322 4366 3395 4422 ita
3415 4367 3559 4423 enim
3584 4371 3889 4438 poterimus

2297 4451 2489 4507 deduci
2542 4453 2610 4508 ad
2651 4465 2837 4524 portus
2864 4458 3185 4529 tranquillos
3210 4473 3330 4515 eum
3378 4460 3559 4514 multis
3585 4459 3887 4521 mercibus.

2299 4541 2525 4598 Mentem
2548 4558 2676 4615 ergo
2703 4557 2939 4602 nostram
2968 4548 3021 4603 in
3048 4551 3237 4604 caelum
3264 4548 3617 4606 extendamus
3637 4592 3653 4618 ,
3686 4560 3888 4609 tenea-

2298 4648 2417 4687 mur
2443 4633 2531 4687 illo
2555 4635 2841 4699 desiderio.
2862 4653 2959 4693 nos
2974 4640 3324 4707 conjicianms
3344 4642 3397 4696 in
3426 4642 3600 4713 ignem
3627 4645 3888 4713 spiritua-

2294 4724 2417 4787 lem,
2440 4723 2654 4783 flamma
2674 4744 2775 4785 nos
2801 4745 3205 4788 conservemus.
3224 4733 3393 4791 Nemo
3412 4735 3678 4789 flammam
3696 4750 3889 4794 secum

2294 4814 2494 4887 ferens,
2528 4818 2682 4874 timet
2729 4834 2824 4877 eos
2861 4822 2951 4894 qui
2981 4833 3308 4881 occurrunt:
3337 4825 3452 4882 sive
3489 4828 3562 4882 sit
3606 4827 3741 4896 fers,
3768 4829 3889 4887 sive

2287 4909 2464 4977 homo,
2490 4913 2601 4967 sive
2628 4914 2801 4985 laquei
2823 4913 3255 4985 innumerabiles,
3273 4920 3527 4989 quamdiu
3555 4922 3718 4981 fueris
3736 4926 3883 4997 igni.

2289 5011 2400 5068 tus,
2427 5003 2603 5058 omnia
2633 5004 2831 5060 cedunt
2850 5046 2864 5068 ,
2897 5008 3076 5063 omnia
3105 5008 3233 5064 dant
3270 5008 3468 5067 locum.
3494 5010 3734 5070 Flamma
3766 5033 3881 5075 non

2286 5100 2459 5161 potest
2491 5092 2638 5158 ferri,
2670 5109 2833 5165 rOgus
2860 5112 2965 5151 non
2996 5108 3172 5166 potest
3202 5100 3441 5167 tolerari,
3474 5105 3655 5160 omnia
3678 5122 3880 5164 consu-

2284 5183 2403 5237 mit.
2442 5182 2555 5240 lloc
2582 5185 2701 5255 igne
2734 5202 2831 5242 nos
2862 5188 3166 5257 induamus,
3189 5191 3417 5261 gloriam
3447 5196 3745 5253 referamus
3765 5200 3880 5255 Do-

2284 5276 2431 5331 mino
2459 5288 2643 5332 umtro
2668 5277 2795 5334 Jcsu
2838 5279 3076 5347 Christo,
3109 5298 3361 5354 cumquo
3392 5285 3537 5341 Patri
3566 5289 3729 5344 simul
3752 5308 3877 5348 cum

2283 5376 2469 5423 sancto
2510 5368 2711 5439 Spiritu
2748 5370 2913 5441 gloria
2945 5414 2959 5437 ,
2988 5374 3220 5443 potentia
3268 5386 3321 5430 et
3376 5377 3584 5449 honor,
3627 5397 3774 5441 nunc
3824 5395 3883 5439 et

2283 5476 2525 5532 semper,
2552 5472 2605 5518 et
2627 5462 2677 5518 iu
2708 5464 2899 5520 saecula
2926 5466 3266 5524 smculorum.
3300 5470 3493 5527 Amen.
