4062 6402
574 358 674 413 ἰι
1295 354 1352 413 S.
1391 355 1441 412 J.
1476 353 1967 411 CHRYSOSTOMI
2026 352 2334 409 iliJMlLl/E
2381 353 2443 409 IN
2500 353 2718 412 EI'IST.
2760 357 2851 410 AD
2894 355 3100 412 IIEBR.
3709 356 3825 411 ﬂii

566 471 713 531 facit
744 468 960 541 fratri,
992 467 1123 527 Deo
1149 462 1503 525 convicium
1529 461 1717 534 facit;
1745 466 1807 522 et
1832 462 1941 538 qui
1970 461 2246 541 honorat
2267 460 2550 541 fratrem,
2581 457 2775 541 [)eum
2809 458 3544 541 honoraregdeclaratur.

642 547 701 606 ἰι.
737 535 1194 607 Assuescamus
1225 541 1729 620 igiturelinguam
1762 535 2042 600 nostram
2071 541 2149 599 ad
2190 540 2352 620 bene
2386 538 2721 620 dicendum
2766 556 2911 620 esse
2956 538 3309 620 proclivem
3344 535 3671 620 :_Abstine,
3702 536 3818 620 in-_

564 628 726 702 quit,
761 626 1036 703 linguam
1064 615 1297 703 tuam};
1323 618 1507 679 malo.
1542 615 1679 679 Non
1726 620 1897 703 enim
1944 623 2205 703 prepter
2246 618 2366 703 hoc
2394 618 2568 677 illam
2601 619 2773 703 Deus
2815 615 3060 703 tribuit,
3089 616 3672 703 utmaledicamus,
3708 615 3819 674 vel

565 694 945 766 conviciavin
979 700 1613 787 invicemjactemus,
1646 698 1745 759 vel
1776 697 2117 787 accusandi
2147 696 3037 787 mutuo_geramus__studi_um;
3071 695 3177 757 sed
3205 702 3273 787 μί
3298 714 3409 787 per
3435 712 3579 787 eam
3606 694 3816 787 Deum

566 784 923 855 laudemus,
972 784 1046 842 ut
1096 780 1204 839 illa
1253 771 1598 854 loquamur
1641 794 1783 855 qua:
1836 778 2105 853 gratiam
2138 771 2544 855 audientibus
2576 773 2932 855 conferant,
2961 775 3226 855 quaead
3259 771 3610 855 profectum
3637 779 3700 855 et
3734 771 3816 832 ad

566 852 1043 922 zediﬁcationem
1073 852 1896 936 proﬁciuntproximorum.
1934 856 2104 936 Pone
2133 854 2286 936 quia
2307 854 2691 936 maledixisti
2727 854 3078 936 hunc,eaut
3109 853 3322 936 illum;
3347 852 3499 936 quid
3531 869 3613 913 ex
3650 852 3813 936 hoc,

568 958 747 1017 rogo,
775 930 1224 1017 lucratus—est?
1258 930 1465 1017 nonne
1498 936 1605 995 tibi
1632 933 1751 1017 ipsi
1783 934 2070 1017 maxime
2092 930 2410 1017 nocuisti?
2436 932 2746 1017 siquidem
2779 932 3147 1017 Opinionem
3188 933 3651 1017 maledicorum
3681 930 3818 989 ho-

567 1010 810 1078 minum
836 1016 1160 1078 incurristi
1192 1032 1308 1093 pro
1334 1014 1512 1093 nullo
1544 1010 2061 1093 est.Nullum_e_st
2088 1012 2261 1093 enim
2292 1013 2588 1093 protinus
2615 1011 2855 1093 malum
2876 1056 2892 1081 ,
2921 1010 3091 1093 quod
3123 1028 3329 1093 usque
3370 1010 3448 1070 ad
3473 1028 3619 1093 eum
3651 1026 3819 1093 eon-

566 1097 874 1173 sistatqui
902 1097 1161 1173 patitur.
1188 1088 1250 1155 et
1277 1110 1403 1153 non
1436 1092 1624 1173 etiam
1641 1092 1825 1173 illum
1850 1091 1960 1173 qui
1988 1090 2135 1173 facit
2159 1089 2806 1173 un_a_comprehend_a_t
2835 1110 2849 1148 :
2884 1090 3069 1173 sicut,
3093 1089 3270 1149 verbi
3301 1106 3521 1173 causa,
3545 1088 3815 1173 invidia.

567 1166 825 1237 Invidus
853 1166 1023 1234 enim
1056 1178 1317 1250 putatur
1349 1170 1603 1247 quidem
1637 1166 1922 1250 insidiari
1957 1169 2120 1250 aliis,
2154 1168 2263 1250 sed
2288 1170 2425 1250 ipse
2458 1166 2702 1250 primus
2733 1169 2844 1228 illo
2866 1168 3037 1250 malo
3052 1168 3475 1250 consumitur,
3510 1174 3573 1250 et
3596 1166 3820 1250 tabido

566 1254 757 1314 corde
788 1245 1150 1314 maceratur
1179 1271 1195 1311 :
1229 1250 1302 1311 ad
1328 1245 1459 1310 haec
1486 1250 1675 1309 etiam
1709 1248 1854 1308 odio
1884 1248 2128 1308 cunctis
2153 1247 2514 1308 habebitur.
2547 1247 2707 1307 Item
2735 1247 3003 1324 cupidus
3031 1247 3127 1306 vel
3150 1263 3385 1307 avarus
3411 1245 3821 1321 aufertqui-

567 1334 708 1393 dem
734 1331 1038 1409 pecunias
1069 1331 1364 1409 aliorum,
1398 1326 1504 1387 sed
1536 1328 1723 1409 etiam
1743 1326 1862 1387 sibi
1892 1325 2111 1409 aufert
2129 1325 2423 1404 gratiam,
2452 1324 2669 1409 aufert
2678 1326 3040 1409 caritatem,
3068 1324 3218 1409 facit
3235 1330 3313 1409 μὶ
3339 1325 3420 1409 ab
3440 1324 3819 1409 hominibus

566 1402 927 1473 accusetur.
943 1409 1211 1470 Multum
1237 1407 1475 1483 quippe
1495 1406 1719 1466 melior
1738 1411 1834 1466 est
1854 1404 2072 1481 opinio
2095 1402 2263 1465 bona
2282 1403 2570 1483 pecuniis
2596 1404 2737 1465 :illa
2760 1405 2929 1465 enim
2957 1405 3010 1464 si
3040 1402 3206 1465 mala
3229 1403 3440 1473 fuerit.
3470 1402 3823 1483 nonifacile

568 1490 895 1565 abluitur;
930 1489 1235 1574 pecunias
1257 1482 1473 1546 autem
1499 1501 1624 1574 n_on
1650 1489 1744 1574 est
1767 1484 2008 1574 labpris
2039 1483 2399 1574 acquirere.
2435 1482 2641 1574 magis
2685 1490 2896 1574 autem
2926 1483 3215 1574 pecuniae
3257 1482 3820 1574 etocu‘muadsunt,

570 1585 696 1629 non
725 1560 1226 1645 satis'a'djuvant,
1259 1570 1320 1623 et
1348 1582 1492 1624 cum
1522 1563 1770 1645 desunt,
1799 1561 1960 1645 nihil
1987 1560 2280 1637 protinus
2306 1560 2574 1645 obsunt;
2599 1562 2818 1645 opinio
2856 1568 3070 1645 autem
3097 1563 3269 1645 bona
3301 1561 3352 1621 si
3382 1560 3819 1645 adsit,_pr_od-

566 1652 660 1707 est
705 1638 1050 1724 plurimu'm
1077 1665 1093 1716 ;
1147 1644 1199 1704 si
1230 1659 1384 1703 vero
1419 1641 1616 1712 absit,
1649 1640 1796 1724 faeit
1825 1642 2207 1724 probrosum
2236 1646 2438 1724 totum
2468 1638 2818 1724 hominem,
2843 1639 2999 1724 facit
3023 1638 3346 1724 infamem,
3378 1645 3440 1700 et
3471 1639 3819 1724 ridiculum

566 1718 911 1785 constituet
962 1724 1263 1784 omnibus
1307 1724 1368 1779 et
1396 1738 1685 1781 exosum.
1717 1720 2020 1779 Similiter
2054 1719 2401 1780 iracundus
2445 1720 2730 1796 seipsum
2760 1719 3038 1796 primum
3078 1718 3396 1779 dilanians
3442 1719 3705 1797 puniet,
3750 1724 3827 1797 et

571 1811 722 1864 tunc
746 1804 925 1863 illum
962 1806 1185 1862 contra
1214 1817 1405 1878 quem
1448 1799 1882 1878 indignatione
1930 1803 2246 1878 raptatur.
2276 1797 2375 1859 Sic
2418 1802 2479 1878 et
2512 1797 2860 1878 maledicus
2882 1798 3111 1878 primo
3145 1799 3425 1878 seipsum
3444 1796 3819 1865 confundit,

565 1892 626 1941 et
650 1890 798 1942 tunc
824 1881 1001 1941 illum
1032 1879 1132 1941 cui
1166 1876 1411 1938 videtur
1440 1876 1901 1937 maledictionis
1928 1876 2273 1953 importare
2295 1877 2655 1937 convicium
2684 1899 2699 1934 :
2730 1876 2900 1953 quod
2924 1876 3195 1939 fortasse
3225 1877 3483 1954 quidem
3524 1895 3645 1937 nec
3686 1892 3820 1954 po-

569 1960 744 2027 terit,
773 1960 891 2019 hoc
917 1963 1040 2029 est,
1070 1963 1137 2016 ut
1172 1958 1277 2017 ille
1306 1956 1571 2017 laedatur
1603 1975 1617 2012 :
1653 1956 1705 2015 si
1751 1954 2032 2025 tolerans
2072 1955 2411 2031 patienter.
2436 1954 2767 2025 abscedat;
2804 1957 2938 2032 ipse
2971 1972 3121 2017 vero
3168 1956 3406 2016 recedit
3440 1973 3586 2016 cum
3632 1955 3819 2017 stulti

566 2038 895 2114 cujusdam
918 2037 1196 2114 nomine,
1228 2040 1289 2096 et
1320 2033 1650 2114 dispuendi
1682 2034 1935 2114 penitus
1965 2040 2028 2092 et
2054 2034 2389 2114 horrendi,
2423 2034 2603 2114 illum
2625 2034 2884 2114 quidem
2906 2054 2939 2094 e
2960 2040 3183 2096 contra
3202 2035 3505 2096 ambilem
3541 2032 3815 2114 faciens.

564 2112 832 2185 ()uando
857 2115 1024 2174 enim
1054 2113 1229 2174 audit
1260 2113 1615 2192 maledicta,
1633 2119 1708 2192 et
1742 2112 2004 2192 minime
2024 2130 2092 2192 se
2112 2112 2425 2192 similibus
2453 2113 2627 2192 cupit
2662 2113 2881 2173 ulcisci
2908 2114 3216 2174 conviciis
3238 2156 3255 2182 ,
3286 2114 3397 2175 sed
3435 2113 3652 2192 laudat
3686 2130 3826 2192 ρου-

568 2200 691 2254 lius
720 2194 1095 2261 etmiratur,
1118 2210 1245 2252 non
1276 2192 1456 2251 illum
1496 2190 1777 2268 quidem,
1805 2191 1924 2270 sed
1954 2191 2236 2267 seipsum
2281 2190 2520 2251 laudat.
2562 2190 2737 2251 Sicut
2779 2192 2951 2253 enim
2984 2192 3116 2270 jam
3165 2192 3297 2251 dixi
3333 2190 3824 2253 maledictiones

565 2290 708 2348 qua:
737 2272 1102 2350 diriguntur
1132 2272 1196 2350 in
1226 2272 1575 2347 proximos,
1617 2268 2388 2350 maledicentesprimitus
2432 2275 2668 2350 vexant
2699 2290 2713 2328 :
2760 2272 2851 2331 sic
2877 2276 2943 2350 et
2973 2268 3140 2332 bona
3169 2287 3324 2350 qua:
3366 2271 3536 2331 circa
3576 2271 3823 2349 proxi-

569 2368 704 2411 mos
736 2348 1071 2426 geruntur,
1106 2348 1197 2409 eis
1226 2350 1502 2426 primum
1536 2348 1645 2426 qui
1683 2354 2036 2426 Operantur
2064 2348 2481 2426 jucunditatis
2522 2350 2753 2409 uberes
2794 2348 3133 2426 proferunt
3158 2348 3429 2410 fructus.
3467 2348 3824 2410 Enimvero

567 2428 678 2503 qui
709 2426 983 2506 alicujus
1008 2472 1024 2497 ,
1050 2428 1183 2488 sive
1203 2427 1375 2497 boni,
1411 2427 1543 2487 sive
1577 2426 1750 2506 mali,
1782 2434 2154 2504 procreator
2183 2427 2461 2498 exsistit,
2492 2427 2626 2504 ipse
2658 2428 2901 2504 primus
2933 2436 3045 2489 aut
3067 2428 3176 2487 illo
3219 2429 3387 2488 bono
3412 2428 3672 2499 fruitur,
3702 2434 3824 2489 aut

571 2508 682 2565 illo
716 2505 894 2566 malo
917 2507 1185 2583 punitur
1217 2525 1231 2560 :
1262 2512 1321 2565 et
1359 2507 1605 2583 merito.
1637 2505 1811 2565 Sicut
1836 2507 2005 2565 enim
2045 2522 2239 2582 aqua,
2291 2506 2425 2565 sive
2468 2506 2639 2565 salsa
2666 2506 2771 2575 sit,
2799 2507 2931 2567 sive
2966 2507 3047 2566 sit
3071 2506 3181 2568 illa
3211 2507 3532 2583 potabilis,
3567 2514 3632 2568 et
3660 2524 3825 2569 vasa

560 2586 758 2657 replet
785 2582 1239 2653 haurientium,
1264 2589 1325 2644 et
1350 2600 1536 2642 suum
1571 2582 1804 2641 fontem
1836 2602 1916 2644 ex
1932 2602 2060 2660 quo
2094 2592 2311 2646 manat
2332 2600 2743 2661 nequaquam
2773 2601 3045 2646 vacuum
3073 2582 3410 2645 remanere
3438 2587 3755 2660 permittit
3806 2608 3820 2642 :

547 2666 641 2725 sic
670 2670 731 2723 et
762 2665 1075 2742 nequitia,
1109 2665 1201 2725 sic
1231 2671 1293 2725 et
1322 2666 1551 2735 virtus,
1583 2663 1753 2725 unde
1782 2670 2170 2743 processerit
2200 2668 2390 2743 illum!
2420 2667 2909 2743 procreatorem
2946 2662 3240 2738 primitus
3272 2662 3382 2724 illa
3421 2661 3727 2743 ltetilicat,
3773 2670 3840 2726 et

545 2744 657 2804 illa
682 2739 1024 2825 consumit.
1055 2743 1133 2801 Et
1162 2743 1297 2825 hinc
1323 2742 1581 2825 quidem
1606 2743 1670 2803 in
1704 2739 1824 2805 hac
1855 2744 2026 2804 vita:
2055 2750 2354 2825 caeterum
2376 2741 2440 2800 in
2474 2739 2690 2800 futuro
2720 2740 2957 2825 saeculo
2981 2743 3129 2825 quis
3155 2758 3370 2825 sermo
3397 2740 3611 2825 valeat
3637 2759 3839 2825 enar-

547 2839 694 2883 rare
724 2840 867 2900 qme
900 2823 1091 2892 bona,
1121 2824 1219 2884 vel
1248 2816 1392 2900 quae
1418 2822 1588 2883 mala
1620 2824 2081 2885 reservantur?
2106 2823 2238 2882 Non
2266 2825 2364 2881 est
2392 2835 2607 2881 sermo
2639 2818 2907 2900 quihoc
2933 2816 3212 2900 eiplicet
3246 2838 3261 2878 :
3305 2819 3625 2900 siquidem
3654 2820 3839 2886 bona

549 2902 659 2962 illa
693 2898 818 2961 non
845 2906 1094 2961 tantum
1135 2898 1522 2967 sermonem.
1558 2901 1664 2961 sed
1703 2902 1895 2963 ctiam
1944 2919 2199 2961 onmem
2232 2900 2535 2959 intuitum
2584 2899 2817 2958 mentis
2855 2898 3174 2959 excedunt
3209 2918 3223 2957 :
3257 2899 3586 2960 contraria
3639 2919 3834 2973 vero,

551 2981 672 3041 hoc
693 2986 790 3040 est
819 2980 1019 3051 mala,
1055 2980 1375 3057 appellata
1425 2978 1682 3056 quidem
1735 2987 1886 3041 sunt
1912 2980 2284 3041 nominibus
2332 2978 2631 3050 usitatis;
2667 2977 2842 3038 verbi
2866 2977 3117 3057 gratia;
3160 2980 3316 3055 quia
3349 2978 3541 3057 ignis,
3573 2978 3839 3057 inquit,

552 3061 637 3119 ibi
676 3064 801 3132 est,
833 3065 894 3120 et
926 3052 1228 3129 tenebras,
1264 3064 1326 3120 et
1356 3052 1637 3127 vincula,
1662 3065 1726 3119 et
1761 3062 1993 3121 vermis
2017 3060 2156 3121 sine
2186 3058 2312 3120 (ine
2344 3074 2731 3119 consumens
2760 3077 2774 3116 :
2801 3052 2910 3118 sed
2939 3073 3067 3117 non
3104 3052 3234 3115 huic
3256 3052 3404 3120 sola
3426 3057 3566 3118 istis
3602 3052 3839 3120 nomi—

557 3140 766 3210 nibus,
802 3156 919 3199 nec
936 3138 1094 3217 talia
1133 3138 1681 3208 demonstrantur,
1726 3139 1833 3199 sed
1877 3140 2005 3201 alia
2038 3139 2240 3198 multo
2264 3137 2485 3217 pejora
2516 3140 2579 3217 et
2604 3137 2805 3196 multo
2827 3135 3107 3214 amplius
3145 3137 3498 3217 severiora.
3545 3136 3736 3212 Quod
3765 3146 3843 3199 ut

553 3236 891 3298 agnoscas,
927 3216 1050 3298 hoc
1082 3217 1357 3294 primum
1390 3218 1747 3298 considera.
1786 3218 1846 3278 Si
1869 3220 2039 3280 enim
2068 3218 2261 3298 ignis,
2288 3216 2610 3298 quomodo
2638 3217 2917 3298 tenebris
2940 3218 3135 3298 sunt?
3162 3216 3355 3298 Vides
3380 3216 3694 3294 quoniam
3725 3218 3841 3280 ille

555 3297 718 3373 ignis
742 3297 971 3357 sazvior
994 3296 1116 3356 isto
1148 3299 1284 3357 est?
1312 3315 1437 3358 non
1465 3296 1634 3357 enim
1659 3297 1851 3358 habet
1884 3295 2128 3366 lumen]
2160 3300 2274 3358 aut
2299 3297 2499 3375 ullam
2523 3296 3187 3375 luminisclaritatem.
3213 3295 3276 3356 Si
3304 3297 3471 3375 ignis
3504 3301 3624 3368 est,
3648 3315 3841 3375 quo-

555 3376 741 3435 modo
769 3393 1021 3452 semper
1051 3377 1199 3446 urit,
1238 3382 1299 3436 et
1339 3377 1774 3453 corruptionis
1826 3394 1956 3437 non
1992 3384 2303 3455 operatur
2331 3374 2672 3435 effectum?
2696 3374 2887 3455 Vides
2924 3375 3236 3455 quoniam
3262 3381 3326 3435 et
3350 3376 3415 3435 in
3448 3375 3573 3437 hoc
3595 3374 3842 3438 saevior

555 3456 695 3513 est?
720 3471 846 3513 non
889 3455 1062 3516 enim
1092 3456 1549 3537 exstinguitur.
1584 3456 1850 3537 PrOpter
1874 3457 2011 3537 hoc
2039 3453 2236 3537 etiam
2282 3453 2831 3537 inexstinguibilis
2867 3454 3256 3532 appellatur.
3290 3455 3585 3537 Intellige
3624 3456 3840 3537 igitur

555 3539 868 3609 quantum
896 3538 992 3594 est
1016 3534 1279 3603 malum,
1310 3552 1426 3612 per
1453 3534 1668 3595 omnia
1701 3536 1934 3605 seacula
1963 3536 2088 3605 uri,
2123 3540 2185 3595 et
2220 3536 2285 3594 in
2316 3534 2599 3595 tenebris
2633 3549 3013 3612 permanere
3044 3535 3398 3611 perpetuis,
3431 3539 3493 3595 et
3520 3534 3836 3598 inﬁnitos

556 3613 830 3691 gemitus
858 3612 1071 3693 edere,
1105 3617 1168 3693 et
1196 3611 1465 3674 stridere
1489 3613 1812 3686 dentibus,
1844 3620 1905 3675 et
1931 3631 2341 3691 nequaquam
2364 3613 2617 3690 penitus
2641 3612 2851 3672 exuri.
2886 3611 2947 3672 Si
2981 3613 3153 3673 enim
3178 3615 3243 3673 in
3265 3614 3387 3675 hac
3413 3614 3546 3675 vita
3580 3616 3831 3693 aliquis

558 3708 806 3763 eorum,
840 3691 951 3769 qui
987 3692 1184 3771 nobili
1211 3710 1443 3771 genere
1473 3693 1605 3752 nati
1638 3696 1809 3761 sunt,
1838 3694 1904 3753 in
1937 3693 2287 3755 custodiam
2324 3693 2719 3763 retrudatur,
2758 3698 3052 3769 putorem
3086 3693 3299 3770 ipsum
3339 3699 3590 3754 tantum
3622 3691 3708 3756 et'
3732 3703 3840 3755 te-

559 3770 1246 3865 nchraru‘mnealigines
1302 3786 1432 3864 non
1464 3772 2002 3865 valet‘sustinere,
2039 3780 2112 3865 et
2148 3791 2293 3833 cum
2328 3770 2828 3865 liomlcidispna
2860 3771 3072 3865 ligari,
3111 3778 3317 3865 morte
3352 3773 3537 3865 pejus
3588 3776 3835 3836 existi-

560 3853 691 3931 mat
716 3850 1049 3931 :‘intellige
1086 3850 1279 3926 quale
1304 3852 1406 3922 sit,
1440 3849 1702 3931 quando
1730 3868 1875 3912 cum
1915 3852 2215 3913 omnibus
2252 3852 2446 3911 totius
2475 3850 2690 3931 smculi
2720 3852 3167 3911 comburimur
3212 3849 3571 3925 homicidis,
3612 3872 3835 3931 neque

564 3928 679 4004 ipsi
707 3929 870 3990 alios
895 3928 1205 4003 videntes,
1240 3946 1451 4007 neque
1479 3929 1758 3990 aliorum
1789 3931 2035 3991 visibus
2072 3936 2479 4008 apparentes,
2510 3930 2620 3990 sed
2670 3931 2735 3989 in
2782 3935 2963 3991 tanta
3026 3931 3440 3992 multitudine
3494 3928 3834 3995 solitarius

560 4026 674 4069 nos
702 4026 842 4069 esse
883 4012 1203 4087 putantes.
1254 4008 1580 4085 Siquidem
1636 4010 1915 4071 tenebrae
1942 4016 2003 4070 et
2030 4010 2324 4071 absentia
2362 4009 2625 4070 luminis
2655 4026 2785 4069 non
2829 4026 2946 4069 nos
2983 4009 3152 4071 sinet
3200 4011 3534 4087 proximos
3562 4018 3833 4075 nostros

564 4104 939 4169 agnoscere;
968 4086 1077 4149 sed
1110 4087 1307 4169 veluti
1333 4090 1386 4148 si
1417 4088 1746 4169 solitarius
1772 4088 2225 4169 unusquisque
2252 4094 2544 4149 nostrum
2570 4088 2875 4169 patiatur,
2908 4089 3001 4149 sic
3019 4086 3300 4151 afﬁcitur
3319 4107 3672 4169 oppressus
3704 4110 3837 4154 ca—

559 4166 754 4263 ligine
777 4166 1480 4263 tenebrosa._Si‘aut‘em
1508 4167 1789 4263 tenebrea
1810 4171 2060 4263 tantum
2085 4167 2378 4263 affligunt
2407 4172 2662 4263 nostras
2688 4168 2983 4263 animas...
3000 4166 3384 4263 tantumque
3410 4166 3832 4263 perturbant,

556 4244 711 4325 quid
740 4245 860 4305 erit
884 4244 1308 4325 jamgquando
1334 4249 1568 4305 etcum
1599 4246 1881 4325 tenebris
1915 4246 2167 4307 dolores
2209 4244 2273 4308 et
2305 4252 2626 4308 tormenta
2666 4247 3134 4309 combustionis
3178 4244 3548 4311 adfuerint?
3577 4250 3836 4313 Idcirco

556 4322 901 4405 deprecor,
922 4329 993 4405 ut
1017 4323 1153 4405 haec
1173 4340 1427 4405 semper
1448 4322 1629 4405 apud
1643 4340 1753 4384 vos
1779 4326 2073 4405 versetis,
2104 4330 2168 4385 et
2188 4325 2849 4405 patientertristitiam
2875 4344 3019 4405 qua)
3045 4344 3128 4388 ex
3159 4329 3370 4390 verbis
3401 4330 3696 4392 nascitur
3722 4337 3837 4391 to.

555 4402 795 4473 teretis,
825 4421 905 4465 ne
934 4403 1091 4481 ipsis
1144 4404 1337 4481 rebus
1360 4402 1677 4481 supplicia
1704 4404 2015 4465 sentiatis.
2040 4402 2355 4467 Omnibus
2388 4404 2591 4467 modis
2606 4406 2780 4467 enim
2805 4402 3114 4469 universa
3135 4406 3263 4470 ista
3280 4407 3501 4472 futura
3532 4415 3726 4479 sunt;
3765 4417 3838 4473 et

557 4499 665 4542 eos
697 4483 811 4564 qgi
840 4480 1175 4564 suppliciis
1203 4480 1806 4564 dignagesserunt,
1831 4482 2050 4564 nullus
2080 4485 2313 4564 poterit
2352 4485 2656 4561 liberare,
2692 4502 2825 4546 non
2856 4489 3067 4564 pater,
3090 4504 3222 4548 non
3246 4497 3476 4561 mater,
3518 4506 3649 4550 non
3698 4488 3836 4553 fra-

556 4566 651 4660 tJer
675 4580 698 4660 ί
719 4559 1845 4660 {referentia}noiiibfrntiinq‘uit,
1882 4559 2170 4660 lib'erabit
2200 4562 2376 4657 homo
2404 4564 2609 4660 micet
2641 4559 2923 4660 multam
2956 4564 3258 4660 ﬁduciam
3301 4559 3582 4647 quisque
3605 4570 3835 4660 passi-:-

554 4640 734 4712 deat,
764 4640 912 4727 licet
934 4641 1209 4702 multum
1232 4639 1444 4727 valeat
1477 4639 1649 4719 apud
1679 4639 1907 4702 Deum.
1955 4643 2551 4727 lpse_enim_red_det
2578 4643 2931 4727 unicuique
2961 4639 3547 4727 secundum'Opei-a
3567 4639 3735 4727 eius,
3764 4656 3837 4711 et

555 4736 641 4803 ex_
660 4719 964 4803 cpe-ribus
993 4727 1127 4803 tam
1157 4719 1359 4803 salus,
1384 4736 1580 4796 quam
1610 4736 1797 4803 pinna
1818 4719 2261 4800 consequitur.
2294 4719 2853 4803 Faciamnsigitur
2890 4725 3079 4786 nobis
3104 4727 3348 4789 amicos
3388 4719 3473 4787 ex
3522 4719 3833 4793 mamOna

553 4797 958 4894 iniquitatis:
992 4798 1651 4894 boenestnoperemur
1676 4797 2154 4894 eleemosynas,
2198 4818 2588 4894 evacuemgs
2628 4797 2875 4894 inristos
2906 4805 3217 4894 pecunias
3238 4811 3634 4894 nostras,_l_1_t_
3673 4825 3831 4870 eva-

552 4894 820 4958 ouemus
842 4877 1202 4958 etiamillic
1228 4882 1301 4939 et
1327 4877 1818 4958 exstinguamus
1840 4877 2005 4958 ignis
2036 4881 2364 4955 ardorem,
2400 4886 2474 4941 ut
2509 4880 2807 4945 ﬁduciam
2843 4877 3075 4945 mentis
3111 4877 3513 4947 habeamus.
3536 4887 3678 4949 lllic
3723 4893 3834 4950 et—

556 4957 729 5043 enim
754 4972 886 5043 non
916 4956 1018 5043 vei
1044 4956 1170 5043 ipsi
1199 4960 1356 5043 sunt
1377 4956 1637 5043 quinos
1657 4956 2020 5043 egeipiuntj
2040 4960 2149 5043 sed
2201 4976 2365 5037 Opus
2398 4966 2688 5043 nostrum
2718 4982 2735 5043 ε
2762 4963 3077 5043 quianon
3112 4980 3191 5024 eo
3227 4964 3404 5043 ipso,
3452 4966 3627 5043 quod
3664 4968 3832 5031 istos

554 5036 803 5119 amicos
828 5034 1232 5119 habebimus,
1264 5034 1516 5119 salvari
1537 5034 1950 5119 merebimur.
1979 5034 2272 5119 Denique
2302 5040 2558 5103 attende
2581 5040 2737 5119 quid
2762 5034 3000 5103 addidit
3032 5062 3047 5101 :
3079 5061 3211 5104 non
3241 5034 3415 5105 enim
3443 5034 3651 5119 dixit,
3685 5045 3834 5109 Fa—

550 5116 674 5175 cite
701 5115 884 5177 vobis
927 5115 1192 5187 amicos,
1229 5118 1303 5175 ut
1348 5115 1705 5193 suscipiant
1743 5132 1859 5177 vos
1910 5117 1977 5177 in
2020 5115 2392 5181 habitacula
2435 5137 2557 5182 sua
2600 5115 3026 5193 interna;sed
3072 5128 3326 5184 tantum
3352 5126 3418 5185 in
3445 5115 3829 5190 habitacula

546 5192 713 5255 dixit
740 5200 1003 5273 interna,
1026 5198 1090 5255 et
1114 5193 1371 5255 modum
1405 5192 1617 5267 ipsum
1664 5196 1987 5272 exposuit.
2026 5196 2308 5258 Dicendo
2357 5198 2552 5263 enim.
2585 5199 2701 5260 Ex
2747 5192 3036 5261 mamona
3088 5202 3486 5273 iniquitatis.
3542 5206 3835 5269 ostendit

546 5272 966 5368 Quoniam‘de
992 5275 1286 5351 pecuniis
1316 5275 1750 5368 oportetis‘tos
1785 5276 2027 5368 amicos
2059 5292 2448 5354 praeparare.
2480 5278 2777 5368 _Ap_paret
2809 5278 3009 5368 igitur
3037 5283 3350 5368 quoniam
3380 5288 3679 5368 nonipsa
3713 5309 3838 5352 no-

545 5352 642 5444 bis
671 5351 1205 5444 amieitiaeorum
1228 5351 1766 5444 patrocinabitur,
1796 5355 1855 5444 si_
1881 5351 2278 5444 bonaiopera
2320 5372 2449 5444 non
2479 5351 2873 5444 habeamus:
2898 5360 2952 5421 si
2990 5351 3119 5422 non
3152 5380 3301 5444 cum
3324 5351 3585 5444 justitia
3608 5351 3839 5433 refun-

545 5430 775 5528 dalmus
802 5430 1083 5528 divitias,
1115 5430 1280 5528 quas
1312 5434 1534 5513 inique
1563 5430 2191 5528 congessimus._lste
2252 5435 2431 5528 vobis
2460 5452 2685 5528 sermo
2714 5437 2792 5528 de
2817 5438 3249 5528 e_leeniesynis
3296 5430 3425 5505 rion
3482 5447 3563 5507 ad
3593 5430 3833 5515 divites

545 5511 782 5582 solum,
813 5510 922 5600 sed
948 5510 1258 5600 etiamad
1299 5510 1617 5600 pauperes
1668 5510 1857 5600 simul
1890 5520 2216 5600 alitatur_:_
2237 5515 2481 5600 scilicet
2508 5516 2617 5600 ille
2652 5517 2765 5600 qui
2812 5520 2894 5580 ab
2942 5510 3349 5600 aliis'petens
3396 5510 3834 5591 sustentatio:

548 5607 694 5683 nem
721 5591 1113 5683 a‘ceipiat,.et
1142 5590 1221 5683 ad
1244 5590 1454 5683 ipsum
1491 5595 1867 5683 haacorzitio
1906 5590 2269 5683 pertinebit:
2303 5594 2443 5655 Non
2470 5596 2641 5683 enim
2672 5590 2748 5657 in
2780 5603 3029 5683 tantum
3059 5590 3339 5682 quisque
3360 5622 3613 5683 pauper
3634 5590 3827 5671 exsi—

544 5670 773 5767 sltilnut
788 5670 1204 5767 duo.mi‘nuta
1236 5690 1366 5767 non
1423 5674 1679 5767 habeat.
1713 5670 1926 5736 Potest
1952 5692 2105 5765 ergo
2135 5675 2310 5767 funde
2343 5676 2569 5767 paucis
2597 5692 2810 5767 pauca
2840 5670 3249 5767 tribum-mei
3287 5670 3570 5767 plurima
3609 5693 3834 5767 possi-

545 5748 765 5839 dentes
788 5749 1265 5839 largientesque
1296 5752 1572 5839 plurima
1600 5772 1957 5839 superare,
1990 5748 2299 5839 sicutilla
2339 5748 2549 5839 vidua.
2596 5748 2733 5839 Non
2765 5759 2936 5819 enim
2967 5748 3330 5837 quantitate
3358 5748 3826 5839 datoruiiirs'ed

550 5827 784 5890 virtute
816 5827 1177 5909 superavit,
1199 5827 1355 5910 quia
1400 5827 1775 5915 magnitudo
1812 5832 2267 5898 misericordias
2306 5834 2654 5900 voluntatis
2691 5827 3138 5919 magnitudine
3166 5839 3517 5921 judicatur.
3561 5827 3829 5931 Ubique
