4062 6416
97 392 203 448 9359
771 388 1090 446 MUTIANO
1131 384 1375 443 SCllOL.
1419 385 1701 444 lNTEllPl

1803 384 1891 441 ΓΕ.
1926 417 1996 427 -
2025 382 2185 445 CAP.
2224 386 2290 442 ll.
2337 384 2575 443 HOMIL.
2625 382 2713 439 lll.
3298 374 3407 431 266

86 491 275 577 habet
306 484 582 577 gratiam
617 480 1019 577 :“L'nicuique
1050 480 1211 577 eiiim
1236 480 1432 540 datur
1450 479 1884 577 inani/'estalio
1915 478 2203 577 Spiriius
2236 478 2320 540 ad
2343 478 2716 577 militum»:
2730 475 2802 569 Si
2830 475 3004 577 cgim
3046 474 3240 569 homo
3284 492 3405 577 pa:

87 555 462 632 lerfamilias
513 562 723 633 novit,
777 561 882 621 cui
913 555 1268 638 ‘ncgotium
1311 555 1793 640 qualecumque
1837 555 2194 620 committat
2237 580 2251 618 :
2298 558 2503 640 multo
2546 558 2829 640 amplius
2856 555 3058 627 Deus,
3089 556 3205 636 qui
3236 556 3416 640 novit

89 652 469 711 cunctorum
518 650 763 703 mentes
811 635 1187 712 hominum,
1218 635 1350 719 qui
1370 645 1602 702 cuncta
1634 635 1969 719 cognoscit
2000 644 2356 717 antequam
2387 638 2568 700 fiant.
2617 638 2830 699 Unum
2876 644 2972 699 est
3003 635 3251 719 tantum
3286 635 3418 719 iri-7

88 730 262 789 stitia
288 726 554 805 dignum
582 768 596 794 ,
634 723 756 805 hoc
783 726 880 781 cst
904 737 1211 805 peccare,
1240 716 1420 805 aliud
1451 738 1604 805 vero
1637 716 1823 805 nihil;
1852 720 1981 805 Nec
2008 716 2227 805 dicas,
2260 719 2503 805 Quare
2534 737 2662 805 non
2698 719 2919 780 habeo.
2948 718 3258 805 pecunias
3283 717 3312 775 ?
3365 716 3415 776 si

90 799 429 876 haberem,
465 802 862 882 pauperibus
902 800 1297 882 impartirer.
1325 801 1570 882 Nescis,
1597 820 1636 861 o
1658 801 1891 882 homo;
1927 800 2221 861 fortassis
2254 800 2425 860 enim
2454 801 2505 861 si
2541 800 2840 882 haberes,
2870 799 3153 882 amplius
3178 815 3419 858 avarus

87 879 482 950 exsisteresf
503 879 683 943 Nunc
713 881 976 960 quidem
1014 881 1148 942 hzec
1178 880 1361 953 dicis,
1398 881 1507 942 sed
1538 882 1589 942 si
1623 887 1681 941 te
1712 881 1853 959 ipsa
1885 882 2194 960 probaret
2225 881 2659 959 experientia,
2709 880 2879 941 alius
2909 879 3424 960 forsitaniappa—

89 987 296 1030 reres.
330 966 492 1025 Nam
524 970 584 1023 et
620 958 884 1040 quando
915 979 1143 1021 sumus
1170 961 1332 1021 cibis
1365 962 1675 1033 saturati,
1708 958 2014 1039 putamus
2043 962 2201 1037 quia
2230 958 2557 1040 possimus
2588 961 2784 1039 longa
2816 961 3099 1021 tolerare
3121 958 3367 1040 jejunia
3409 979 3419 1013 :

92 1068 241 1110 cum
295 1062 448 1105 vero
503 1063 620 1103 nos
671 1043 1084 1103 admonuerit
1139 1041 1368 1102 saltem
1412 1042 1572 1103 levis
1606 1043 1900 1113 esuries,
1953 1042 2085 1103 alia
2132 1058 2252 1102 nos
2304 1040 2626 1103 desideria
2658 1041 3147 1101 subintrabunt.
3184 1040 3424 1099 lterum

92 1126 359 1208 quando
392 1142 618 1208 sumus
650 1122 731 1182 ab
759 1122 1067 1208 ebrietate
1097 1121 1321 1208 liberi,
1358 1127 1662 1208 putamus
1696 1123 2025 1208 illam_r_ios
2053 1139 2367 1208 superare
2402 1138 2594 1208 posse
2628 1122 3008 1208 passionem
3041 1141 3055 1179 :
3091 1138 3240 1208 eum
3276 1136 3428 1179 vero

97 1201 417 1270 fuerimus
453 1204 627 1263 illius
660 1202 866 1261 morbi
900 1202 1071 1281 capti
1118 1201 1423 1274 libidine,
1468 1203 1734 1263 minimo
1783 1202 1969 1263 nobis
2002 1202 2283 1281 primum
2326 1202 2644 1280 judicium
2679 1202 3062 1263 remanebit.
3097 1201 3241 1281 Non
3262 1217 3428 1281 ergo

96 1290 302 1358 dicas,
335 1286 551 1358 Quare
579 1300 709 1343 non
741 1280 966 1358 accepi
1000 1282 1273 1359 gratiam
1307 1282 1619 1343 docendi?
1646 1284 1699 1345 si
1730 1284 1903 1342 enim
1934 1280 2269 1352 haberem,
2303 1282 2523 1343 decem
2556 1282 2759 1343 millia
2785 1282 3122 1342 hominum
3156 1280 3431 1341 aedifica-

98 1386 263 1429 rem.
309 1366 529 1426 Nescis
563 1364 718 1440 quia
752 1362 805 1420 si
842 1359 1134 1442 fortassis
1179 1362 1479 1431 haberes,
1514 1363 1591 1424 ad
1630 1362 1949 1442 judicium
1996 1363 2208 1441 majus
2238 1364 2515 1423 haberes
2548 1382 2561 1420 :
2596 1362 2889 1423 fortassis
2922 1362 3094 1423 enim
3142 1360 3389 1442 invidia
3416 1406 3431 1432 ,

101 1447 400 1507 fortassis
427 1442 669 1504 desidia
700 1441 1116 1517 compelleret
1150 1447 1207 1500 te
1237 1443 1550 1503 talentum
1573 1441 1693 1504 sub
1722 1448 1896 1503 terra
1926 1442 2251 1504 defodere.
2283 1444 2472 1503 Nunc
2501 1449 2722 1505 autem
2758 1442 2896 1503 istis
2929 1442 3236 1503 omnibus
3260 1441 3437 1502 libe-

101 1532 287 1589 ratus
326 1544 420 1595 es,
454 1542 571 1584 nec
598 1521 907 1599 culparis,
942 1520 996 1581 si
1030 1540 1158 1580 non
1203 1522 1610 1585 distribueris
1644 1540 1925 1586 annona:
1953 1524 2227 1602 singulis
2259 1524 2631 1602 quibusque
2664 1541 3042 1585 mensuram
3081 1542 3095 1580 :
3133 1522 3185 1583 si
3219 1526 3438 1583 autem

105 1608 383 1668 haberes
414 1604 567 1663 illud
600 1602 949 1672 charisma,
978 1602 1274 1678 plurimis
1306 1604 1511 1681 culpis
1536 1621 1711 1665 esses
1744 1606 2098 1665 obnoxius.
2138 1603 2257 1663 Sed
2289 1609 2352 1665 et
2381 1622 2556 1664 nunc
2587 1620 2717 1663 non
2746 1622 2814 1664 es
2846 1604 2986 1664 sine
3018 1602 3437 1663 charismate.

104 1688 180 1749 In
224 1703 427 1765 parvo
460 1684 832 1765 demonstra
864 1682 1078 1765 qualis
1109 1699 1262 1765 esse
1285 1700 1550 1765 posses,
1589 1686 1641 1744 si
1675 1702 1927 1765 munus
1950 1684 2108 1743 illud
2136 1684 2410 1765 haberes
2450 1704 2463 1742 :
2493 1684 2568 1743 Si
2590 1684 2768 1765 enim
2794 1730 2809 1755 ,
2842 1683 3089 1765 inquit,
3129 1683 3211 1765 iu_
3233 1699 3439 1765 parvo

155 1760 317 1827 deies
346 1783 475 1825 non
503 1764 739 1842 fuistis,
776 1760 1021 1840 majora
1050 1762 1191 1841 quis
1222 1762 1395 1823 dabit
1424 1762 1601 1824 vobis
1628 1765 1656 1823 ?
1691 1764 1973 1825 Ostende
2012 1781 2169 1841 ergo
2200 1764 2365 1825 sicut
2402 1765 2513 1825 illa
2542 1764 2733 1825 vidua
2772 1784 2785 1822 :
2821 1760 2983 1823 duos
3015 1760 3254 1823 habuit
3277 1764 3444 1842 obo—

133 1864 234 1915 os,
274 1850 336 1905 et
369 1841 573 1903 totum
604 1842 774 1919 quod
808 1842 1036 1901 habuit
1068 1842 1275 1918 misit,
1311 1847 1516 1902 totum
1559 1844 1734 1921 quod
1765 1844 2143 1922 possidebat
2172 1844 2469 1905 contulit.
2506 1845 2817 1905 Pecunias
2855 1843 3141 1920 quasi-is?
3176 1841 3443 1905 ostende.

109 1927 299 1987 nobis
340 1926 493 2002 quia
528 1922 884 1982 contemnis
928 1939 1076 2000 quas
1119 1939 1321 1999 parva
1361 1928 1551 1996 sunt,
1586 1930 1657 1984 ut
1685 1926 1943 1986 credam
1989 1924 2101 1984 tibi
2130 1923 2208 1984 de
2249 1924 2551 1986 maximis
2583 1946 2597 1983 :
2633 1924 2685 1985 si
2721 1942 2876 1985 vero
2910 1942 3029 1985 nec
3060 1925 3206 1996 ista,
3240 1923 3445 1984 multo

111 2007 330 2066 minus
362 2004 467 2063 illa
507 2003 993 2083 contempseris.
1030 2002 1337 2083 Similiter
1364 2004 1556 2063 etiam
1585 2003 1647 2065 in
1674 2003 1972 2065 sermone
1999 2010 2110 2063 tuo
2132 2003 2507 2065 demonstra
2528 2004 2739 2076 nobis,
2765 2003 2938 2082 quod
2963 2022 3041 2065 eo
3067 2009 3449 2083 competen-

109 2094 215 2148 ter
242 2085 447 2145 utaris
485 2084 558 2162 in
586 2081 1029 2142 admonitione
1064 2082 1161 2141 vel
1193 2084 1469 2142 consilio
1498 2084 1669 2145 circa
1702 2084 1957 2145 fratres.
1994 2088 2073 2144 At
2116 2083 2167 2144 si
2201 2102 2329 2144 non
2368 2085 2567 2145 habes
2594 2081 3039 2162 eloquentiam
3067 2129 3081 2154 ,
3121 2090 3186 2144 al
3219 2081 3279 2147 _si
3316 2101 3449 2143 non

112 2167 317 2226 habes
349 2161 817 2225 abundantiam
848 2161 1320 2223 sententiarum
1361 2183 1375 2220 :
1415 2171 1865 2227 verumtamen
1896 2165 2021 2225 scis
2053 2165 2179 2224 ista
2211 2166 2587 2227 communia
2621 2185 2633 2222 :
2671 2161 2962 2225 sifilium
2997 2165 3221 2232 habes,
3260 2164 3314 2227 si
3347 2165 3451 2224 vi-

114 2248 338 2308 cinum
364 2290 379 2315 ,
415 2244 465 2304 si
500 2243 816 2313 amicum,
842 2242 893 2302 si
927 2242 1372 2320 propinquum
1399 2288 1415 2314 ,
1449 2244 1502 2303 si
1537 2262 1786 2317 servos,
1816 2245 2117 2315 admone,
2152 2244 2331 2305 doce.
2359 2248 2438 2305 At
2470 2246 2521 2304 si
2558 2262 2686 2305 non
2716 2246 2895 2307 vales
2927 2246 2991 2304 in
3025 2244 3301 2307 ecclesia
3336 2263 3452 2322 pu-

114 2327 284 2387 blice
309 2324 579 2403 longum
604 2323 927 2403 protelare
956 2340 1350 2403 sermonem.
1379 2324 1515 2403 istis
1543 2329 1759 2385 tamen
1782 2325 2080 2386 semotim
2112 2330 2291 2401 potes
2312 2326 2656 2386 consulere
2683 2345 2698 2384 :
2723 2325 2801 2386 ad
2826 2326 2949 2386 hoc
2967 2342 3098 2385 non
3126 2325 3453 2387 rhetorica

113 2424 285 2483 Opus
324 2400 457 2475 est,
488 2408 551 2462 et
578 2402 823 2483 majore
854 2400 1153 2483 facundia
1189 2422 1203 2461 :
1235 2402 1503 2483 ostende
1535 2406 1600 2463 in
1634 2404 1773 2477 his,
1811 2400 2128 2482 quoniam
2158 2404 2212 2465 si
2244 2405 2519 2466 haberes
2549 2405 2921 2467 facultatem
2952 2408 3299 2478 sermonis,
3333 2424 3457 2466 ne-

116 2480 429 2575 gligentia
468 2491 525 2543 te
559 2483 742 2575 nulla
764 2480 1304 2575 deprimeret.AS’i
1332 2489 1549 2575 autem
1590 2484 1660 2575 in_
1695 2480 1898 2563 parvo
1947 2502 2079 2575 nou
2124 2486 2296 2564 geris
2343 2486 2553 2575 u_ll_u_m
2596 2486 2923 2575 s_tudium_,
2957 2486 3455 2575 quomodo__tibi

116 2561 373 2643 majora
407 2561 805 2644 promittenti
840 2561 1227 2644 credamus?
1251 2562 1425 2644 Quia
1460 2580 1615 2625 vero
1644 2561 1767 2626 hoc
1793 2561 2254 2643 unusquisque
2286 2566 2460 2626 valet
2484 2566 2781 2644 implere,
2812 2561 3075 2627 adverte
3098 2566 3255 2644 quid
3284 2566 3457 2627 dicat

105 2640 484 2726 Apostolus,
515 2640 843 2726 quomodo
873 2641 1090 2726 hocet
1116 2641 1299 2726 laicis
1332 2643 1717 2723 imperavit:
1752 2640 2231 2726 Unusquisque,
2263 2646 2509 2724 inquit.
2545 2640 2847 2726 édiﬁcate
2877 2640 3165 2713 inriceni.
3200 2648 3369 2708 sicut
3401 2654 3459 2705 et

112 2720 529 2805 facitisret,
589 2720 1018 2805 Consoiamini
1056 2720 1447 2805 alterutrum
1491 2726 1561 2787 in
1610 2720 1999 2787 sermonibus
2074 2720 2217 2786 istis
2245 2746 2264 2785 :
2298 2720 2627 2803 quomodo
2667 2720 3055 2805 'unicuiquc
3100 2727 3455 2789 distribuit.

115 2801 561 2879 Numquidam
599 2810 666 2861 tu
697 2801 929 2885 melior
959 2818 1027 2862 es
1055 2802 1281 2885 Mose?
1307 2804 1584 2885 Adverte
1616 2823 1773 2885 ergo
1812 2805 2144 2885 quomodo
2182 2801 2518 2885 mmrebat.
2554 2808 2725 2867 Nam
2772 2818 2827 2867 et
2871 2801 3008 2884 ego.
3044 2807 3282 2885 inquit.
3312 2809 3459 2868 illm

147 2885 419 2967 tolerare
463 2881 765 2967 posituri?
792 2897 1089 2967 quaeram
1114 2884 1341 2967 dixisti
1372 2882 1534 2967 inim
1556 2925 1569 2945 ,
1819 2881 1997 2967 iilos,
2032 2882 2432 2967 spieutnsuuiit
2473 2886 2727 2967 nutrix,
2749 2881 3088 2967 paruulum
3137 2881 3223 2952 ad
3272 2891 3465 2953 ubera

141 2958 534 3049 pendentem.
567 2959 733 3049 Quid
760 2961 961 3049 ergo?
988 2960 1175 3049 De_u_s_
1192 2958 1415 3049 eduxit
1439 2958 1516 3017 dc
1546 2961 1973 3049 spirituiejus,
2014 2965 2077 3022 et
2096 2961 2269 3049 dedit
2291 2964 2435 3049 aliis
2460 2958 2852 3049 ;_ostendens
2887 2970 3039 3049 quia
3068 2988 3279 3049 neque
3308 2973 3459 3033 dum

144 3038 257 3103 eos
290 3043 427 3118 ipse
457 3044 764 3120 portaret,
798 3042 937 3115 ejus
963 3038 1471 3120 eratcharisma,
1503 3038 1616 3120 sed
1641 3038 1917 3117 Spiritus
1946 3042 2177 3103 sancti.
2208 3042 2269 3101 Si
2294 3045 2465 3103 enim
2491 3044 2764 3107 haberes
2798 3038 3147 3120 charisma,
3171 3038 3211 3109 ἱ)
3235 3051 3458 3120 homo.

146 3117 774 3209 fortasscsuperbiic
806 3124 865 3209 te
899 3123 1127 3209 ventus
1158 3117 1537 3209 extolleret,
1592 3117 1884 3209 fortassis
1936 3123 2284 3209 mutareris
2328 3123 2391 3182 in
2438 3124 2623 3209 pejus
2662 3146 2675 3183 :
2730 3144 2860 3187 non
2907 3127 2995 3189 ita
3043 3117 3457 3209 temetipsum

145 3199 520 3285 cognoscis,
576 3199 738 3285 sicui
802 3204 888 3285 te_
911 3198 1081 3285 Deus
1113 3198 1426 3285 agnoscit.
1459 3196 1601 3285 Non
1634 3216 1790 3285 ergo
1819 3200 2136 3285 d_i_camu_s,
2187 3202 2404 3285 Quare
2434 3196 2579 3275 hoe,
2626 3210 2688 3285 et
2719 3223 2837 3282 pro
2878 3225 3009 3285 qua
3047 3226 3248 3273 causa
3270 3196 3465 3273 'hoc‘.’

141 3276 409 3367 quando
436 3276 891 3367 Deusaliquid
922 3277 1476 3367 dispensat‘atquc
1506 3276 1809 3367 disponit.
1849 3280 1992 3341 Non
2022 3282 2104 3341 ab
2136 3276 2443 3367 co’etiain
2492 3276 2838 3367 vindictam
2883 3276 3146 3367 exigere.
3180 3291 3462 3353 festiue—

144 3356 340 3445 inus_:
376 3359 500 3445 hoc
526 3358 705 3445 enim.
726 3361 1033 3445 extrema:
1066 3356 1411 3445 impietatis
1445 3361 1577 3426 est,
1627 3358 2087 3445 sceleratteque
2135 3363 2478 3445 superbiic.
2528 3364 2705 3425 Servi
2742 3356 3027 3445 namque
3077 3388 3302 3433 sumus
3334 3418 3348 3442 ,
3401 3382 3463 3433 et

143 3438 317 3499 servi
351 3438 620 3531 multum
648 3435 956 3531 distantes
991 3452 1026 3496 a
1061 3436 1359 3531 gemino:
1395 3454 1605 3531 neque
1636 3442 1788 3531 anie
1816 3435 2008 3531 pedes
2041 3435 2300 3531 nostros
2334 3442 2608 3531 scientes
2651 3446 2823 3523 quod
2858 3435 3095 3527 agitur.
3136 3450 3275 3512 Non
3307 3435 3462 3531 ergo

145 3524 633 3600 perscrutemur
657 3515 873 3600 divina
906 3516 1172 3600 consilia
1194 3562 1209 3587 ,
1245 3515 1355 3575 sed
1370 3516 1562 3600 quod
1598 3519 1782 3600 nobis
1807 3515 2052 3582 donare
2084 3520 2384 3600 dignatus
2414 3529 2510 3583 est
2534 3568 2549 3595 ,
2584 3515 2707 3585 hoc
2735 3515 3001 3589 servare
3034 3515 3417 3594 festinemus
3443 3580 3458 3600 .

141 3594 219 3658 ac
242 3598 302 3688 _si
335 3612 605 3689 parvum
629 3594 745 3689 sit,
778 3612 851 3689 ac
880 3595 1330 3689 si‘ininimum.
1370 3594 1519 3689 liene
1544 3598 1714 3689 enim
1743 3604 2035 3689 agentes,
2069 3594 2437 3678 probabiles
2471 3594 2975 3689 apparebimus:
3009 3612 3215 3689 magis
3240 3594 3461 3674 autem

139 3674 453 3764 quicquid
503 3674 750 3764 venerit
796 3674 874 3735 de.
920 3674 1119 3764 divini
1170 3674 1841 3764 munerisﬁlargitate',
1875 3674 2618 3764 nequaquainiparvum
2651 3704 2790 3747 esse
2831 3674 3218 3764 judicemﬁs.
3265 3694 3459 3755 Dolus

140 3752 665 3842 quiacharisma
687 3752 964 3842 docendi
997 3770 1126 3842 non
1162 3754 1497 3842 possides?
1526 3752 1639 3842 ilic
1669 3758 1839 3842 enii_n
1872 3752 2067 3842 mihi,
2101 3752 2259 3842 quid
2291 3752 2400 3821 tibi
2435 3763 2645 3842 majus
2682 3752 2955 3838 vidciur,
2992 3752 3461 3835 charismado'.

140 3835 328 3927 randi
354 3878 369 3903 ,
408 3850 491 3892 an
524 3833 846 3923 charisma
876 3836 1135 3927 morbes
1169 3840 1231 3894 ct
1277 3836 1689 3927 aegritudines
1738 3836 2061 3917 cffugandi
2091 3833 2139 3898 ἲν
2168 3840 2397 3927 Utique
2448 3833 2644 3927 istud.
2694 3847 2859 3920 Quid
2911 3833 3069 3927 ergo
3093 3852 3120 3909 ἶ)
3150 3833 3318 3913 Item‘
3362 3855 3462 3913 dic

140 3914 326 4004 inihi,
360 3929 577 4004 nonne
606 3912 812 3990 majus
839 3918 933 3973 cst
958 3914 1181 4004 oculos
1215 3912 1567 4004 reformare
1600 3912 1943 3989 caecorum,
1967 3935 2167 3996 quam
2198 3912 2610 4004 regritudines
2648 3912 3079 4004 prepulsare?
3101 3912 3254 3993 item
3291 3912 3462 3994 inor-

139 3993 930 4082 iu‘osnsuscitaretuonne
965 3993 1215 4082 videtur
1244 3994 1611 4082 tibihmajus
1645 4014 1813 4082 esse,
1846 3993 2046 4082 quam
2081 3993 2284 4060 czecis'
2304 4002 2515 4082 visum
2570 3993 2886 4066 reddere?
2938 4008 3105 4082 Quid
3141 4014 3291 4074 item
3326 3993 3460 4075 huic

139 4074 269 4132 ista
288 4071 809 4167 {nonne-majus.
831 4076 929 4131 est
960 4076 1133 4167 tactu
1165 4072 1407 4167 sudarii
1435 4117 1450 4145 ,
1486 4071 1585 4167 vel
1616 4078 1847 4167 umbra
1868 4071 2031 4167 sola
2063 4080 2356 4167 corporis
2378 4126 2392 4152 ,
2427 4100 2627 4167 quam
2661 4088 2857 4147 verbo
2902 4071 3455 4167 pcrficerc?Qii-id

138 4150 1236 4237 ergo_?.vis,_d_i_c_mihi,__sudarioiet
1273 4155 1502 4214 umbra
1544 4156 1631 4214 tui
1664 4158 1955 4234 corporis
1988 4150 2279 4220 mortuos
2310 4150 2649 4237 suscitari,
2684 4184 2767 4225 an
2810 4150 3094 4230 docendi“
3116 4150 3457 4236 charisma

139 4230 473 4369 possidctre
497 4232 525 4288 ?
556 4230 785 4308 Utique
828 4230 983 4291 illud
1020 4232 1230 4310 eligis,
1260 4238 1331 4293 ut
1363 4240 1651 4295 mortuos
1682 4230 1855 4297 tactu
1904 4238 2319 4299 sudariorum
2352 4230 2648 4317 tuorum,
2684 4255 2745 4306 et
2780 4250 3010 4312 umbra
3042 4230 3341 4332 corporis
3367 4230 3458 4317 tui

140 4327 386 4369 resusei
421 4328 509 4369 es.

140 4327 509 4370 resuscues.

215 4470 281 4530 Si
314 4471 530 4531 autem
571 4466 682 4526 tibi
722 4470 1173 4526 monstravero
1197 4509 1211 4537 ,
1244 4465 1555 4542 quoniam
1587 4464 1710 4545 isto
1741 4463 2129 4545 charismate
2160 4467 2257 4524 est
2291 4462 2467 4545 aliud
2499 4464 2824 4527 charisma
2866 4467 3069 4528 multo
3110 4469 3415 4545 superius
3438 4518 3455 4540 ,

130 4549 313 4626 quod
346 4548 491 4620 tibi,
523 4546 674 4605 dum
705 4563 962 4626 sumere
991 4546 1216 4614 liceat,
1252 4544 1665 4626 nonappetis
1698 4564 1713 4603 :
1750 4562 1969 4626 nonne
1999 4543 2171 4623 juste
2204 4544 2358 4626 istis
2375 4546 2625 4626 cmteris
2660 4546 3169 4609 charismatibus
3195 4543 3458 4609 vacua-

133 4623 272 4689 ris?
304 4628 439 4687 Hoc
496 4630 711 4685 autem
767 4623 1087 4685 charisma
1149 4624 1322 4701 quod
1376 4623 1543 4692 dico,
1604 4642 1733 4684 non
1792 4624 1948 4695 uni,
1998 4641 2127 4683 non
2176 4624 2412 4693 alteri,
2461 4624 2569 4685 sed
2621 4628 2873 4687 cunctis
2932 4646 3314 4689 concessum
3362 4641 3461 4691 est

134 4706 493 4787 possidere.
526 4704 942 4787 Scioquippe
984 4703 1157 4787 quod
1216 4705 1440 4787 attenti
1497 4704 1897 4787 facti_estis.
1948 4708 2012 4763 et
2068 4709 2338 4781 stupore
2397 4707 2703 4782 possessi.
2763 4706 2827 4767 Si
2881 4725 3039 4787 ergo
3094 4708 3457 4779 audieritis,

132 4783 297 4865 quia
359 4786 511 4865 licet
562 4784 741 4843 vobis
800 4783 1010 4861 majus
1068 4784 1393 4865 charisma
1466 4784 1795 4865 possidere
1849 4801 2048 4862 quam
2106 4788 2397 4865 mortuos
2461 4787 2823 4859 suscitare,
2892 4783 3089 4865 quam
3140 4806 3459 4851 cascorum

133 4863 366 4927 oculos
414 4863 767 4924 reformare
793 4908 808 4933 ,
842 4880 1041 4941 quam
1074 4864 1185 4924 illa
1217 4870 1446 4924 castera
1484 4864 1693 4924 facere
1718 4910 1734 4937 ,
1768 4882 1913 4942 quae
1946 4866 2067 4923 sub
2110 4864 2427 4941 apostolis
2470 4865 2636 4927 facta
2686 4863 3158 4938 memorantur,
3212 4869 3453 4932 fortass—-

134 4948 227 5008 sis
262 4946 457 5006 etiam
490 4943 794 5005 credibile
851 4960 979 5002 non
1033 4945 1294 5020 putatis.
1346 4944 1510 5018 Quid
1561 4960 1717 5022 ergo
1766 4949 1865 5005 est
1896 4944 2018 5003 hoc
2068 4945 2437 5005 charisma?
2468 4945 2724 5007 Scilicet
2754 4950 3016 5010 caritas.
3057 4949 3173 5010 Sed
3222 4951 3463 5012 credite

136 5026 344 5109 mihi,
387 5024 542 5109 quia
590 5023 710 5109 iste
778 5039 994 5109 sermo
1026 5041 1174 5109 non
1208 5027 1323 5109 est
1374 5042 1603 5109 meus,
1653 5022 1763 5109 sed
1814 5023 2095 5109 Christi.
2149 5042 2263 5109 per
2316 5026 3005 5109 Paulumﬂapostolum
3054 5032 3240 5093 nobis
3300 5050 3471 5109 prm—

133 5108 416 5165 dicatus.
483 5103 645 5178 Quid
690 5120 845 5180 ergo
906 5103 1117 5162 dixit?
1174 5104 1586 5164 /Emulamini
1649 5103 2020 5165 charismata
2084 5105 2366 5170 meliora.
2414 5114 2469 5165 et
2517 5103 2721 5169 adhuc
2784 5111 3251 5171 eminentiorem
3300 5103 3472 5173 riam

134 5185 323 5269 vobis
368 5182 968 5269 demonstro.__Quid
1022 5182 1225 5269 dicit,_
1258 5184 1761 5245 Eminentiorem
1814 5184 2027 5269 viain?
2085 5182 2400 5269 Corinthii
2440 5188 2684 5269 quippe
2724 5190 2926 5269 altum
2986 5191 3331 5269 sapiebant
3362 5212 3472 5254 su-

140 5282 259 5350 per
288 5262 473 5350 donis
506 5262 1017 5350 muneribusque
1049 5263 1552 5350 charismatum,
1587 5268 1657 5350 ut
1694 5269 1756 5324 et
1786 5264 1896 5341 qui
1940 5263 2315 5350 linguarum
2362 5262 2691 5350 habebant
2738 5262 3105 5350 charisma',
3156 5273 3333 5350 quod
3374 5282 3475 5335 est

139 5341 510 5431 ininimum,
544 5341 1033 5431 circa-reliquos
1067 5344 1480 5431 arrogantius
1512 5342 1931 5431 i_ntlarentur._
1954 5341 2120 5431 Dicit
2150 5362 2304 5423 ergo
2334 5364 2347 5402 :
2384 5344 2443 5404 Si
2479 5346 2765 5431 studium
2796 5341 3266 5413 charismatum
3298 5372 3449 5431 qua)

139 5424 311 5507 ritis,
345 5426 409 5483 et
436 5438 554 5500 ego
588 5421 767 5507 vobis
800 5421 1134 5482 ostendam
1167 5424 1336 5507 viain
1358 5422 1787 5507 _ch_ari_s_matis_
1802 5423 2200 5507 eminentem
2235 5421 2414 5507 Einon
2447 5426 2829 5504 simpliciter
2878 5431 3285 5507 superiorem
3311 5421 3335 5503 ,’
3361 5443 3472 5495 sed

140 5501 768 5585 eminenterezeteris
796 5508 1228 5585 praestantem.
1261 5502 1501 5585 Deinde
1527 5503 1712 5585 dicit:
1740 5503 1813 5565 Si
1841 5502 2081 5581 linguis
2102 5504 2469 5585 angelorum
2489 5501 2737 5585 (orietur,
2770 5511 2903 5569 cari
2910 5501 3095 5571 tatem
3117 5501 3321 5572 autem
3343 5532 3481 5575 non

139 5581 421 5646 habeam.
454 5580 615 5662 nihil
646 5598 787 5662 sum?
813 5587 919 5662 :et
951 5581 1005 5640 si
1037 5580 1287 5662 habeam
1312 5581 1513 5662 ﬁdem.
1547 5582 1641 5643 ita
1661 5589 1733 5641 ut
1760 5580 1998 5642 montes
2031 5584 2423 5662 transferam,
2452 5580 2775 5647 caritatem
2804 5599 3009 5650 autem
3040 5610 3173 5652 non
3201 5590 3477 5660 habeam.

140 5662 310 5749 nihil
348 5679 505 5749 sani.
550 5660 711 5720 Ecce
749 5661 863 5720 tibi
909 5661 1233 5749 charisma
1267 5660 1445 5749 quod
1486 5662 1735 5749 eunetis
1786 5662 2071 5723 eminet:
2109 5660 2417 5749 simulare
2457 5666 2654 5749 illud:
2691 5668 2813 5729 hoc
2859 5670 3101 5749 quippe
3153 5672 3483 5738 charisma

141 5741 366 5829 majus
389 5746 507 5810 est,
540 5756 739 5829 quam
773 5746 1063 5829 mortuos
1105 5740 1424 5829 suscitare
1456 5788 1472 5807 .
1503 5742 1986 5829 _r_neiius__quain
2016 5744 2289 5829 _reliqua
2331 5744 2500 5829 dona
2530 5740 2896 5829 virtutum.-
2919 5740 2997 5810 Εἰ
3025 5740 3180 5829 quia
3226 5754 3320 5814 sic
3359 5763 3481 5827 est,

142 5817 601 5915 adverteﬂuid
651 5817 900 5915 digerit
929 5822 1067 5915 ipse
1097 5820 1391 5915 Christus
1423 5868 1436 5891 ,
1485 5817 1827 5915 discipuiis
1850 5824 1981 5882 suis
2016 5817 2293 5915 liquens
2328 5846 2340 5881 :
2377 5824 2499 5915 ’11ιῆ
2520 5826 2633 5883 hoc
2672 5817 3066 5915 cognoscent.
3087 5852 3296 5895 omnes
3328 5817 3483 5915 quia

144 5900 451 5980 discipuli
481 5899 597 5959 mei
628 5898 795 5959 estis.
833 5900 907 5959 Et
939 5900 1211 5960 ostendit
1248 5902 1311 5961 in
1346 5920 1476 5979 quo
1505 5948 1518 5969 ,
1562 5898 1689 5961 non
1723 5902 1941 5961 dicens
1970 5948 1985 5975 ,
2030 5902 2089 5961 Si
2128 5903 2435 5963 miracula
2474 5898 2787 5974 feceritis:
2825 5909 2933 5969 sed
2961 5955 2975 5982 ,
3012 5912 3083 5971 Si
3120 5898 3477 5986 ruri/nim»,
