4062 6438
295 396 404 454 273
954 403 1270 464 ΜυΤΙΑΝΟ
1323 404 1571 464 SCHOL.
1631 404 1899 463 lNTl'lePl

1976 406 2096 463 2TB.
2130 437 2201 448 —-
2241 404 2393 463 CAP.
2441 405 2529 462 Ill.
2570 404 2811 460 llUMll..
2854 402 2922 459 ν.
3472 401 3580 463 276

286 501 380 562 uti
409 504 637 584 gustus
664 500 1203 584 quidamjudicii,
1234 508 1308 565 ut
1334 505 1449 584 qui
1480 506 1943 575 resurrectioni
1977 524 2107 568 non
2140 507 2440 579 credunt,
2478 505 2716 568 talibus
2763 504 3144 566 doceantur.
3172 500 3447 584 Quando
3472 503 3586 584 ita-

284 579 746 666 que'videmus
791 579 1148 666 malignum
1186 579 1536 666 ditescere,
1571 603 1705 647 non
1737 587 2139 648 subruamur
2172 608 2187 647 :
2221 592 2285 649 et
2324 585 2590 666 quando
2620 584 2914 649 videmus
2945 584 3189 645 bonum
3228 579 3563 666 uiala_pati
3588 626 3606 654 ,

284 677 415 721 nou
444 662 787 745 turbemur
820 683 835 721 :
871 660 1003 723 illic
1033 680 1328 745 coronte,
1372 665 1506 726 illic
1542 666 1885 743 supplicia.
1918 666 2031 727 Est
2075 673 2137 730 et
2166 667 2297 729 alia
2328 660 2496 728 ratio
2518 710 2535 739 ,
2568 667 2728 744 quia
2760 682 2891 725 non
2921 668 3133 745 potest
3163 660 3265 722 vel
3295 660 3509 720 malus
3545 660 3609 745 in

280 740 590 825 omnibus
638 741 850 803 malus
895 738 1229 825 esseksed
1262 744 1458 825 habet
1487 737 1712 823 aliqua
1754 747 1924 808 bona
1972 766 1987 805 :
2039 766 2253 825 neque
2290 737 2616 808 bonus'in
2667 737 2979 825 omnibus
3025 744 3238 825 bonus
3273 757 3465 825 csse,
3500 737 3610 800 sed

281 818 478 905 habet
506 820 741 905 aliqua
762 829 1047 905 peccata.
1080 822 1355 905 Quando
1376 841 1532 905 ergo
1564 818 2062 903 presperitatem
2084 818 2280 889 habet
2302 826 2511 905 malus
2534 869 2551 899 ,
2584 824 2759 887 malo
2790 823 3020 905 capitis
3052 818 3155 905 sui
3184 820 3382 882 habet
3413 838 3429 878 :
3462 836 3606 905 cum

279 900 452 959 enim
490 917 610 979 pro
650 900 778 962 illis
814 903 1036 980 paucis
1085 902 1270 964 bonis
1303 900 1804 966 retributionem
1835 905 1940 967 hic
1984 906 2259 984 accipit,
2306 906 2441 967 illic
2464 904 2607 981 jam
2656 900 2915 980 plenius
2947 901 3259 981 punietur
3290 918 3307 957 :
3342 903 3613 975 propter

283 998 407 1061 hoc
432 1002 650 1063 autem
681 996 786 1057 hic
823 995 1071 1073 recipit.
1104 994 1183 1053 Et
1210 994 1449 1054 iterum
1484 993 1715 1073 beatus
1745 994 1844 1053 est
1875 990 1982 1052 ille
2028 993 2350 1073 maxime,
2383 992 2499 1071 qui
2544 992 2652 1073 hic
2680 990 2991 1073 pun_itu_r,
3027 995 3101 1057 ut
3147 992 3373 1073 omnia
3398 1011 3616 1071 expo—

285 1096 449 1141 nens
476 1076 709 1138 delicta
732 1120 747 1149 ,
783 1070 1093 1152 probatus
1121 1079 1184 1135 et
1209 1078 1525 1152 purgatus
1557 1072 1708 1152 hinc
1737 1076 1932 1152 exeat
1952 1115 1969 1141 ,
1991 1076 2066 1152 et
2096 1072 2162 1132 in
2196 1071 2381 1132 nullo
2408 1070 2767 1152 Obnoxius.
2800 1070 2880 1131 Et
2912 1070 3035 1152 hoc
3052 1087 3184 1152 nos
3220 1071 3464 1134 Paulus
3487 1070 3613 1134 do—

282 1176 471 1228 cens,
509 1155 673 1216 dixit
706 1175 720 1214 :
758 1149 1038 1232 Propter
1062 1153 1178 1215 hoc
1211 1149 1289 1214 in
1318 1149 1495 1213 nobis
1538 1150 2000 1232 multiiinﬁrmi
2040 1158 2097 1232 et
2122 1152 2381 1231 aegroti,
2419 1157 2478 1232 et
2504 1150 2831 1232 dormiunt
2875 1149 3152 1232 plurimi
3172 1172 3200 1232 ;_
3236 1156 3566 1232 etiiterum
3592 1199 3610 1226 ,

285 1235 558 1324 Tradidi
586 1230 948 1324 huiusmodi
972 1241 1246 1324 satanas“
1273 1231 1701 1324 Etpropheta
1730 1230 1947 1309 inquit
1977 1250 1992 1289 :
2027 1230 2197 1324 Quia
2233 1230 2834 1324 suscepit-demanu
2864 1230 3124 1292 Domini
3159 1230 3453 1324 duplicia
3489 1250 3611 1324 pro

280 1316 593 1397 peccatis,-
629 1309 700 1397 _e't
748 1315 983 1397 iterum
1011 1313 1215 1397 David
1236 1359 1253 1386 ,
1297 1311 1452 1377 Vide
1499 1309 1791 1397 inimicos
1819 1329 2031 1397 amcos,
2058 1312 2213 1391 quia
2240 1309 2659 1397 multiplicati
2685 1318 2849 1397 sunt
2862 1309 3350 1397 super_capillo_s
3379 1309 3614 1397 capitis

283 1390 403 1457 inci
420 1404 525 1486 ,_et
562 1393 1412 1486 odio_iniguo_ode5uat.me.
1444 1390 2291 1486 et'dimitte‘omnia‘peccata
2319 1411 2488 1486 mea;
2511 1397 2575 1451 et
2603 1391 2961 1486 itemnalius
2981 1435 2997 1458 .
3030 1390 3258 1452 Pacem
3277 1390 3611 1486 ρει-ᾠδὴ.

286 1477 499 1537 omnia
512 1470 860 1535 reddidisti
874 1474 1079 1535 nobis.
1103 1473 1223 1534 Sed
1257 1474 1390 1535 haec
1405 1470 1668 1551 quidem
1698 1470 2097 1533 ostendentis
2130 1475 2320 1544 sunt,
2354 1473 2562 1533 bonos
2586 1472 2911 1551 supplicia
2937 1488 3055 1551 pro
3072 1472 3355 1550 peccatis
3378 1472 3485 1536 hic
3505 1492 3617 1536 re-

286 1557 503 1634 cipere
535 1575 547 1611 :
581 1554 693 1615 ubi
723 1558 943 1616 autem
971 1553 1336 1615 ostenditur
1366 1554 1537 1613 bona
1582 1551 1791 1612 malos
1832 1551 1937 1614 hic
1964 1552 2289 1630 recipere,
2323 1552 2458 1613 illic
2487 1550 2746 1629 plenius
2779 1550 3048 1630 puniri?
3080 1550 3244 1612 Audi
3284 1553 3617 1616 Abraham

285 1636 606 1698 dicentem
638 1633 715 1695 ad
765 1634 1023 1694 divitem
1055 1654 1069 1693 :
1103 1632 1417 1707 Recepisti
1451 1630 1616 1692 bona
1644 1632 1713 1693 in
1746 1631 1882 1692 vita
1911 1639 2059 1701 tua,
2093 1640 2150 1693 et
2181 1630 2469 1693 Lazarus
2493 1631 2792 1694 similiter
2818 1631 3008 1693 mala.
3040 1632 3278 1707 Qualia
3306 1634 3479 1696 bona
3512 1633 3618 1695 hic

287 1716 355 1776 in
387 1734 465 1777 eo
490 1715 662 1792 quod
692 1714 890 1785 dixit,
928 1711 1289 1793 Recepisti?
1332 1711 1628 1793 Osteudit
1656 1711 2016 1793 secundum
2046 1712 2688 1793 debitumutrosque
2720 1723 2951 1793 passos
2974 1756 2990 1784 ,
3041 1718 3104 1773 et
3134 1711 3321 1793 illum
3351 1712 3619 1791 quidem

288 1798 357 1856 in
388 1790 854 1933 prosperitate,
886 1790 1309 1854 illum'autem
1341 1793 1408 1853 in
1431 1791 1825 1885 adversitate
1858 1795 2188 1884 versatum
2210 1837 2227 1865 ,
2259 1798 2322 1856 et
2348 1791 2515 1853 dixit
2548 1790 2876 1870 :Propter
2896 1790 3014 1853 hoc
3040 1793 3159 1853 iste
3181 1791 3283 1854 hic
3314 1790 3618 1855 consola-

291 1885 401 1936 tur
430 1896 449 1935 :
471 1874 534 1934 vi
581 1893 648 1935 es
675 1874 847 1936 enim
878 1873 1061 1935 illum
1091 1876 1440 1936 purgatum
1481 1890 1520 1935 a
1562 1876 1877 1936 peccatis;
1910 1879 1969 1932 et
2002 1880 2072 1933 tu
2106 1890 2176 1934 in
2204 1871 2559 1936 doloribus.
2587 1871 2731 1932 Non
2764 1871 2963 1936 igitur
2987 1872 3325 1934 doleamus
3353 1874 3620 1936 quando

291 1890 401 1936 tur
430 1896 449 1935 :
471 1890 648 1935 vmes
675 1891 847 1936 enim
878 1890 1061 1935 mum
1091 1890 1440 1954 purgatum
1481 1890 1520 1935 a
1562 1890 1877 1950 peccans;
1910 1890 1969 1932 et
2002 1890 2072 1933 tu
2106 1890 2176 1934 in
2204 1890 2559 1936 aotorwus.
2590 1890 2731 1932 non
2764 1890 2963 1952 Igitur
2987 1890 3325 1934 uoneamus
3353 1890 3617 1952 quando

290 1956 483 2045 bonis
516 1957 834 2045 potientes
866 1953 1174 2045 videmus
1210 1958 1614 2031 peccatores,
1662 1951 1773 2013 sed
1804 1951 2071 2045 quando
2117 1954 2287 2045 male
2330 1951 3145 2045 patimur,‘g‘audeamus;
3196 1957 3617 2045 peccatorum

290 2036 535 2134 quippe
588 2040 686 2095 est
729 2034 1042 2109 expiatio.
1094 2033 1236 2093 Non
1281 2050 1439 2112 ergo
1485 2049 1858 2109 qumramus
1918 2032 2435 2105 relaxationem;
2484 2031 2980 2123 tribulationem
3030 2032 3276 2125 quippe
3322 2034 3623 2112 promisit

290 2115 588 2175 Christus
621 2113 758 2175 suis
792 2112 1128 2191 discipulis
1166 2134 1180 2171 :
1212 2130 1364 2174 nam
1410 2117 1477 2193 et
1505 2112 1745 2193 Paulus
1775 2111 1932 2193 dicit
1965 2131 1980 2171 :
2014 2112 2242 2193 Omnes
2270 2112 2383 2193 qui
2412 2111 2638 2174 volunt
2664 2130 2771 2193 pie
2796 2130 3008 2173 vivere
3037 2131 3109 2174 in
3137 2112 3388 2175 Christo
3412 2160 3427 2182 .
3454 2130 3625 2193 per-

291 2193 723 2273 sequutionem
744 2194 1116 2272 patiuntur.
1162 2193 1365 2253 Nemo
1397 2191 1580 2273 fortis
1612 2191 1859 2273 athleta
1889 2191 1957 2273 in
1988 2192 2199 2255 stadio
2229 2191 2496 2255 lavacra
2526 2191 2843 2270 requirit,
2877 2196 2942 2254 et
2967 2210 3267 2256 mensam
3298 2191 3621 2272 repletam

292 2270 454 2335 cibis
485 2278 549 2334 et
591 2270 765 2334 vino_
796 2292 812 2353 ς
860 2274 985 2334 hoc
1013 2290 1146 2333 non
1177 2276 1276 2334 est
1322 2272 1615 2353 athletae,
1648 2271 1761 2333 sed
1810 2270 2117 2353 delicati:
2151 2273 2399 2335 athleta
2430 2273 2607 2335 enim
2656 2277 2905 2353 pugnat
2950 2290 3098 2335 cum
3130 2270 3437 2352 pulvere,
3473 2290 3623 2334 cum

292 2354 442 2414 oleo
464 2398 481 2427 ,
516 2371 662 2434 cum
702 2352 886 2414 radio
916 2353 1109 2425 solis,
1137 2370 1296 2434 cum
1332 2350 1717 2434 sudoribus,
1753 2352 2539 2434 multisatribulationibus
2574 2357 2637 2434 et
2660 2350 3226 2434 angustia._Agon
3256 2354 3370 2434 hic!
3391 2357 3522 2427 est,
3556 2358 3625 2434 et

292 2432 629 2512 pugnandi
663 2437 917 2510 tempus
958 2452 973 2493 :
1006 2431 1279 2510 proinde
1300 2432 1492 2493 etiam
1518 2432 1792 2494 vulnera
1819 2432 2259 2511 suscipiendi,
2292 2438 2357 2495 et
2380 2430 2784 2512 sanguinem
2807 2430 3178 2495 etl'unden'di
3198 2479 3214 2508 ,
3247 2438 3313 2496 et
3337 2432 3622 2494 dolendi.

292 2510 462 2574 Audi
506 2512 661 2590 quid
692 2512 845 2573 dicit
874 2514 1101 2573 beatus
1135 2512 1375 2574 Paulus
1408 2532 1423 2569 :
1456 2512 1565 2573 Sic
1588 2529 1808 2590 pugno
1832 2558 1846 2578 .
1879 2510 2017 2573 non
2041 2513 2210 2574 velut
2243 2531 2445 2574 aerem
2475 2510 2737 2574 caedem.
2770 2512 3047 2574 Omnem
3079 2515 3279 2574 vitam
3311 2513 3379 2574 in
3410 2529 3625 2592 agone

292 2610 440 2653 esse
472 2593 889 2673 constitutam
926 2597 1227 2670 putemus
1245 2636 1265 2673 Α,
1317 2596 1381 2651 et
1402 2608 1791 2673 numquam
1834 2593 2133 2669 requiem
2162 2609 2536 2673 quaeramus
2558 2638 2576 2667 ,
2624 2608 2989 2673 numquam
3019 2592 3313 2656 tribulati
3344 2610 3630 2655 maerea-

292 2690 440 2732 mus
476 2692 489 2731 :
524 2674 579 2733 si
611 2671 873 2749 quidem
900 2690 1115 2751 neque
1145 2671 1259 2748 qui
1290 2670 1572 2733 caedibus
1605 2676 1855 2750 pugnat
1882 2678 2142 2743 mmret,
2176 2670 2326 2734 cum
2357 2692 2427 2735 se
2457 2674 2527 2733 in
2556 2689 2768 2751 agone
2798 2670 3036 2734 viderit
3069 2694 3084 2733 :
3117 2673 3296 2736 aliud
3323 2678 3421 2735 est
3450 2673 3627 2735 enim

293 2752 701 2813 remissionis
754 2750 1030 2827 tempus.
1077 2750 1348 2829 Oportet
1391 2756 1611 2832 autem
1655 2769 1773 2813 nos
1807 2770 1922 2829 per
1972 2753 2429 2815 tribulationes
2479 2750 2736 2831 perfici,
2780 2752 3187 2832 quamquam
3230 2772 3353 2815 nec
3395 2770 3631 2832 perse-

290 2832 528 2914 quutio
574 2832 799 2914 aliqua
847 2832 930 2891 sit
973 2849 1187 2914 neque
1223 2831 1594 2914 tribulatio;
1649 2832 1757 2892 sed
1792 2838 2009 2893 tamen
2046 2838 2210 2914 sunt
2251 2833 2397 2895 alia:
2428 2831 3094 2914 tribulationes.7p’er
3139 2833 3278 2895 dies
3330 2831 3628 2914 singulos

293 2913 484 2973 nobis
512 2911 870 2993 incidentes
904 2912 1003 2993 :_s_i
1035 2916 1255 2993 autem
1279 2911 1433 2993 istas
1469 2929 1597 2971 non
1632 2916 2006 2993 portamus.
2040 2913 2187 2974 illas
2215 2914 2647 2991 portabimus.
2692 2911 3025 2982 Tentatio,
3060 2914 3319 2991 inquit,
3353 2911 3464 2975 vos
3492 2932 3625 2974 non

292 2990 809 3071 comprehendat,
864 2991 995 3051 nisi
1041 2989 1338 3071 humana.
1380 2990 1659 3071 Oramus
1691 2991 1953 3071 quidem
2000 2989 2241 3063 Deum,
2276 3010 2407 3053 non
2442 2994 2687 3053 intrare
2727 2994 2793 3053 in
2828 2989 3286 3067 tentationém;
3321 2993 3373 3055 si
3406 2998 3630 3055 autem

294 3070 757 3152 intraverimus
782 3115 798 3142 ,
826 3077 1157 3149 portemus
1191 3070 1442 3152 fortiter
1469 3090 1484 3129 :
1510 3070 1667 3152 illud
1701 3070 1962 3152 quidem
1994 3074 2499 3146 temperantiam
2533 3073 2876 3133 hominum
2904 3078 3006 3134 est
3028 3119 3044 3147 ,
3078 3080 3150 3134 ut
3180 3093 3250 3135 se
3283 3074 3524 3152 aliquis
3557 3075 3626 3134 in

293 3151 587 3229 pericula
618 3168 747 3233 non
780 3151 1165 3233 pracipitet;
1219 3150 1363 3233 hoc
1386 3156 1605 3233 autem
1636 3150 1898 3211 fortium
1929 3155 1993 3212 et
2044 3153 2610 3230 philOSOphorum.
2643 3153 2785 3233 Non
2835 3153 3058 3231 itaque
3092 3172 3212 3215 nos
3262 3150 3631 3233 praecipite-

293 3249 440 3291 mus
468 3229 986 3308 quomodolibet;
1021 3230 1402 3291 temeritatis
1437 3229 1683 3308 quippe
1715 3237 1811 3291 est
1845 3251 1859 3289 :
1897 3248 2111 3308 neque
2146 3229 2383 3292 iterum
2425 3251 2573 3294 cum
2606 3229 3041 3305 adducemur,
3074 3240 3137 3294 et
3167 3229 3363 3295 rebus
3395 3229 3488 3295 sic
3514 3251 3627 3294 vo-

293 3312 594 3370 cantibus
627 3310 964 3379 cedamus;
1010 3309 1260 3370 timoris
1293 3327 1578 3390 namque
1611 3311 1734 3371 hoc
1764 3314 1862 3371 est
1895 3329 1910 3369 :
1944 3312 2055 3371 sed
2092 3312 2145 3372 si
2180 3312 2442 3389 quidem
2476 3312 2853 3390 przedicatio
2883 3315 3062 3375 verbi
3098 3331 3218 3375 nos
3246 3316 3624 3387 vocaverit,

293 3408 424 3449 non
460 3406 839 3473 renuamus.
876 3390 952 3449 Et
995 3390 1375 3473 simpliciter
1402 3389 1547 3450 dico
1598 3411 1611 3448 :
1661 3391 1799 3450 Non
1851 3396 2153 3473 exstante
2188 3411 2408 3469 neque
2441 3389 2722 3453 utilitate
2767 3393 3025 3470 aliqua,
3078 3412 3296 3473 neque
3328 3399 3625 3456 necessi-

294 3475 433 3530 tate
456 3487 601 3547 qua:
630 3469 1045 3550 ad_pietatem
1097 3470 1373 3547 pertinet
1406 3475 1713 3550 vocante,
1748 3488 1877 3531 non
1911 3470 2275 3542 irruamus;
2315 3475 2665 3533 ostentatio
2696 3469 2939 3550 quippe
2980 3479 3081 3535 est
3106 3483 3171 3536 et
3189 3469 3469 3536 ambitio
3500 3476 3625 3537 ho-

294 3551 473 3609 noris
506 3548 815 3627 superﬂui
852 3569 866 3607 :
898 3551 950 3608 si
983 3555 1198 3609 autem
1226 3549 1476 3631 aliquid
1508 3568 1768 3631 eorum,
1803 3567 1951 3626 quae
1976 3550 2217 3611 ltedunt
2239 3553 2547 3629 pietatem
2573 3548 2910 3631 contingat
2932 3598 2947 3623 ,
2981 3570 3057 3617 ac
3088 3556 3140 3615 si
3172 3554 3347 3616 mille
3381 3562 3625 3617 mortes

295 3632 634 3713 sustinere
656 3646 771 3689 nos
805 3636 1136 3713 oporteat,
1174 3629 1335 3688 nihil
1367 3648 1644 3690 renuere
1675 3630 2009 3713 debemus.
2048 3631 2187 3713 Non
2222 3650 2539 3709 provoces
2582 3629 3015 3705 tentati‘ones,
3049 3634 3317 3713 quando
3351 3636 3465 3696 tibi
3498 3652 3577 3697 ea
3608 3680 3624 3709 ,

293 3727 439 3793 qua:
466 3708 544 3770 ad
572 3709 879 3793 pietatem
902 3709 1261 3793 pertinent,
1298 3726 1413 3793 pro
1443 3718 1589 3793 voto
1624 3709 1991 3793 procedunt
2024 3731 2041 3771 :
2075 3712 2129 3772 si
2168 3708 2325 3774 vero
2362 3713 2835 3775 desideraveris
2858 3758 2873 3787 ,
2904 3708 3242 3793 superﬂua
3271 3716 3383 3776 tibi
3419 3708 3626 3777 assa-4

296 3789 414 3849 this
450 3788 772 3865 pericula,
802 3788 1057 3849 nullum
1086 3788 1341 3848 lucrum
1375 3789 1704 3850 habentia.

372 3880 523 3939 Haec
551 3876 693 3937 dico
717 3920 731 3942 ,
769 3876 988 3934 volens
1017 3890 1131 3934 vos
1161 3872 1487 3933 custodire
1514 3872 1690 3948 leges
1715 3868 1954 3929 Christi
1982 3866 2271 3947 jubentis
2316 3882 2553 3948 orare,
2580 3882 2661 3925 ne
2688 3865 3008 3948 intremus
3040 3866 3106 3927 in
3143 3867 3574 3928 tentationem
3603 3916 3620 3942 ,

289 3964 351 4017 et
376 3958 663 4037 jubentis
694 3960 767 4037 ut
813 3971 1071 4013 crucem
1106 3970 1290 4037 suam
1346 3950 1529 4037 tutlat
1558 3945 1706 4037 quis
1729 3993 1746 4021 ,
1781 3955 1844 4037 et
1873 3945 2192 4037 sequatur
2222 3950 2462 4037 ipsum.
2496 3945 2650 4037 Haec
2678 3946 2929 4037 quippe
2973 3963 3108 4037 nqn
3140 3954 3294 4037 sunt
3344 3954 3623 4037 contra-

291 4025 425 4109 ria',
460 4036 570 4097 sed
623 4033 805 4095 valde
847 4031 1326 4093 convenientia.
1362 4031 1457 4088 'l‘u
1492 4025 1756 4107 quidem
1791 4029 1881 4089 ita
1912 4034 2053 4089 esto
2106 4030 2547 4109 praeparatus,
2600 4025 2771 4109 sicut
2820 4026 3009 4087 miles
3046 4025 3229 4087 fortis
3263 4026 3329 4109 in
3366 4030 3567 4089 armis
3601 4052 3617 4089 :

288 4106 427 4179 esto
461 4122 771 4194 perpetuo
815 4113 1109 4180 sobrius,
1148 4110 1448 4194 vigilans,
1483 4106 1739 4194 semper
1766 4109 2471 4194 hostemexspectans;
2528 4106 2952 4194 bellaautem
2971 4122 3126 4194 ‘non
3172 4108 3460 4194 excites;
3497 4109 3623 4170 hoc

287 4185 531 4275 quippe
582 4185 798 4254 militis
836 4211 963 4251 non
997 4198 1126 4275 est.
1176 4185 1637 4275 sedseditiosi.
1665 4190 1727 4249 Si
1763 4187 2393 4275 vero_tubap_iet_atis
2424 4186 2791 4257 vocaverit,
2836 4185 3177 4275 confestim
3213 4188 3523 4275 procede,
3558 4198 3623 4250 et

290 4266 630 4337 contemne
659 4275 943 4335 animam
967 4318 981 4344 ,
1011 4277 1072 4332 et
1094 4269 1431 4347 ingredere
1468 4288 1615 4330 cum
1652 4269 1858 4329 multa
1888 4268 2227 4329 alacritate
2249 4269 2313 4326 in
2334 4284 2611 4347 agonem
2636 4311 2651 4336 ,
2690 4284 2920 4347 rumpe
2950 4267 3156 4327 aciem
3191 4266 3620 4329 adversario—

291 4318 436 4416 rum
462 4401 476 4420 .
511 4355 775 4416 concide
809 4318 1035 4412 facie’m
1062 4318 1327 4421 diaboli,
1359 4356 1571 4410 statue
1604 4355 1944 4427 tropaeum.
1976 4348 2036 4408 Si
2065 4354 2288 4408 autem
2318 4318 2526 4425 pietas
2559 4346 2719 4427 nihil
2745 4318 3025 4419 laeditur,
3062 4364 3279 4423 neque
3311 4348 3619 4426 depopu—

292 4437 379 4496 let
409 4437 645 4513 aliquis
679 4451 824 4511 quae
855 4433 931 4513 ad
968 4450 1083 4492 nos
1108 4432 1436 4513 pertinent
1465 4426 1769 4513 dOgmata
1802 4449 1815 4487 :
1851 4428 1993 4489 dico
2030 4434 2252 4513 autem
2280 4446 2356 4488 ea
2388 4426 2645 4513 quaead
2670 4428 2956 4513 animam
2992 4427 3321 4513 pertinent
3355 4448 3367 4485 :
3402 4446 3617 4513 neque

292 4521 481 4595 cogat
513 4505 569 4576 te
601 4505 863 4593 aliquis,
894 4505 1126 4595 facere
1152 4511 1323 4587 quod
1372 4511 1503 4595 Deo
1538 4505 1666 4595 non
1700 4510 1947 4595 placet,
1997 4508 2133 4569 noli
2165 4526 2317 4595 esse
2342 4505 2756 4595 superﬂuus;
2787 4507 3137 4595 Sanguinis
3171 4512 3427 4595 oportet
3474 4505 3618 4595 esse

293 4586 551 4674 plé'nam
588 4586 1217 4674 Christianivitam,
1255 4592 1593 4674 sanguinis
1624 4586 1845 4674 autem
1878 4589 2055 4674 dico,
2093 4607 2223 4674 non
2258 4594 2327 4648 ut
2354 4588 2634 4674 aliorum
2667 4586 3113 4674 effundamus,
3153 4586 3257 4674 sed
3294 4592 3375 4674 ut_
3402 4591 3613 4665 parati

292 4665 494 4736 simus
536 4682 831 4736 nostrum
881 4671 1235 4732 effundere.
1287 4665 1449 4731 Cum
1482 4676 1659 4731 tanta
1709 4672 1907 4749 igitur
1950 4670 2291 4749 alacritate
2335 4668 2676 4749 proprium
2726 4668 3114 4749 sanguinem
3160 4665 3569 4728 ell'undamus
3600 4716 3615 4738 ,

292 4755 557 4833 quando
608 4773 724 4833 pro
771 4753 1028 4833 Christo
1073 4750 1193 4811 hoc
1230 4752 1387 4815 erit,
1422 4769 1567 4810 cum
1598 4746 1861 4833 quauta
1894 4766 2137 4827 aquam
2186 4748 2334 4833 quis
2369 4746 2639 4833 effundit
2676 4769 2688 4806 :
2725 4746 2966 4809 etenim
3000 4764 3176 4825 aqua
3219 4754 3317 4808 est
3347 4750 3616 4827 sanguis

291 4827 725 4896 circumfusus
760 4831 1016 4909 corpori
1054 4851 1067 4889 :
1103 4836 1166 4891 et
1196 4849 1342 4891 cum
1375 4835 1553 4891 tanta
1590 4827 1895 4892 facilitate
1924 4848 2121 4890 carne
2168 4829 2437 4905 spoliari
2470 4827 2818 4909 debemus,
2855 4846 3002 4887 cum
3030 4834 3281 4909 quanta
3302 4834 3380 4909 “et
3408 4834 3617 4889 vesti—

293 4923 509 4975 mento
549 4936 562 4974 :
602 4915 727 4976 hoc
753 4907 972 4974 autem
1018 4912 1137 4971 erit
1164 4956 1178 4984 ,
1215 4911 1265 4971 si
1318 4928 1447 4970 non
1480 4911 1723 4971 erimus
1755 4911 2047 4988 pecuniis
2082 4909 2311 4981 dediti,
2349 4911 2400 4967 si
2436 4926 2567 4967 non
2607 4908 2941 4979 domibus,
2988 4908 3040 4969 si
3074 4926 3207 4969 non
3244 4907 3568 4970 affectioni
3598 4956 3615 4982 ,

291 4996 343 5056 si
378 4997 459 5056 ab
491 4997 793 5055 omnibus
823 4993 1067 5054 erimus
1115 4992 1424 5069 separati.
1458 4990 1518 5050 Si
1552 4993 1729 5052 enim
1763 4992 1876 5069 qui
1926 4990 2275 5050 militarem
2326 4990 2519 5049 vitam
2554 4988 2815 5061 vivunt,
2848 4990 3153 5049 omnibus
3190 4991 3570 5051 renuntiant
3598 5037 3614 5061 ,

290 5082 352 5135 et
379 5076 778 5153 ubicumque
804 5073 1443 5153 bellumvocaverit,
1494 5072 1583 5153 ibi,
1628 5071 1905 5153 aderunt
1932 5077 1995 5153 et
2028 5072 2163 5131 vias
2193 5069 2539 5141 incedunt,
2574 5074 2639 5128 et
2662 5070 2882 5129 omnia
2913 5087 3060 5130 cum
3094 5070 3433 5153 alacritate
3474 5090 3619 5131 sus-

294 5156 502 5217 tinent
554 5176 567 5213 :
621 5150 825 5215 multo
875 5152 1154 5230 amplius
1206 5169 1325 5211 nos
1357 5151 1589 5211 Christi
1644 5152 1880 5213 milites
1929 5152 2021 5212 sic
2063 5155 2465 5228 praeparatos
2510 5155 3003 5230 esserroportet,
3039 5157 3101 5211 et
3149 5150 3500 5228 dispositos
3535 5154 3614 5213 ad

295 5236 537 5297 bellum
587 5229 1002 5313 passionum;
1044 5233 1227 5293 Nunc
1273 5250 1404 5291 non
1453 5238 1550 5293 est
1605 5232 2065 5310 persequutio,
2102 5249 2317 5308 neque
2369 5230 2636 5309 contigit
2669 5229 2810 5313 fieri
2844 5230 3235 5313 aliquando,
3276 5232 3397 5313 sed
3441 5232 3616 5307 aliud

296 5317 535 5376 bellum
580 5310 687 5377 est
706 5313 1109 5392 cupiditatis,
1144 5313 1570 5392 pecuniarum
1596 5358 1610 5383 ,
1645 5313 1938 5385 invidias,
1974 5316 2492 5389 caeterarumque
2535 5310 2939 5392 passionum.
2976 5310 3151 5371 Istud
3188 5312 3433 5392 bellum
3469 5332 3620 5373 nar-

296 5414 447 5457 rans
484 5398 717 5457 Paulus
747 5390 912 5454 dixit
942 5413 957 5451 :
989 5393 1143 5455 Non
1174 5401 1260 5452 est
1300 5391 1480 5452 nobis
1522 5392 1889 5453 colluctatio
1924 5392 2221 5453 adversus
2256 5409 2502 5451 carnem
2530 5400 2585 5451 et
2617 5390 3010 5467 sanguinem.
3041 5391 3217 5451 Istud
3252 5393 3493 5452 bellum
3525 5394 3619 5454 in-

295 5482 454 5549 stat,
495 5481 763 5555 propter
794 5474 916 5535 hoc
953 5490 1211 5555 semper
1241 5490 1358 5555 nos
1402 5478 1689 5534 armatos
1722 5482 1905 5555 stare
1944 5474 2079 5555 vult
2124 5493 2138 5532 :
2187 5473 2345 5555 quia
2375 5472 2545 5533 enim
2594 5489 2853 5555 semper
2885 5478 3173 5532 armatos
3222 5481 3396 5533 stare
3435 5474 3572 5534 vult
3601 5520 3617 5545 ,

292 5552 781 5635 .S‘tatefinquit,
812 5554 1122 5615 succincti
1153 5552 1392 5613 lumbos
1421 5562 1695 5613 vestros:
1741 5554 1913 5629 quod
1956 5554 2150 5615 etiam
2193 5554 2406 5631 ipsum
2440 5554 2778 5635 partesentis
2806 5558 2904 5613 est
2938 5554 3249 5635 temporis
3283 5573 3297 5610 :
3330 5560 3389 5611 et
3419 5556 3622 5633 signi-

294 5637 542 5701 ficavit.
592 5633 750 5715 quia
791 5652 1047 5712 semper
1088 5640 1344 5712 oportet
1372 5636 1637 5695 armari.
1682 5636 1961 5695 Multum
2017 5635 2259 5695 bellum
2311 5652 2424 5712 per
2464 5633 2805 5715 linguam,
2862 5634 3138 5715 multum
3190 5650 3304 5710 per
3336 5635 3563 5695 oculos
3599 5656 3613 5693 :

296 5717 465 5779 istud
498 5713 738 5779 bellum
773 5717 1111 5776 vincamus
1144 5736 1156 5772 :
1190 5715 1463 5774 multum
1512 5717 1754 5775 bellum
1782 5723 1883 5777 est
1918 5716 2369 5793 cupiditatum.
2413 5713 2659 5774 Idcirco
2692 5713 2842 5774 inde
2886 5714 3115 5791 incipit
3146 5730 3406 5773 armare
3451 5716 3621 5775 mili-

298 5805 425 5859 tem
452 5799 687 5859 Christi
722 5817 735 5855 :
766 5799 975 5861 State,
1010 5795 1256 5873 inquit,
1289 5796 1599 5856 succincti
1632 5795 1871 5857 lumbos
1919 5811 2187 5864 t'cstros;
2218 5802 2282 5857 et
2312 5795 2532 5856 intulit
2555 5839 2568 5860 .
2604 5796 2683 5855 In
2712 5795 3001 5854 veritate.
3049 5795 3265 5869 Quare
3288 5840 3302 5861 ,
3337 5796 3418 5855 In
3453 5796 3621 5856 νενί-

299 5881 478 5940 tute?
536 5879 761 5942 lllusio
806 5892 1050 5955 quippe
1120 5880 1217 5939 cst
1278 5880 1343 5938 ct
1387 5875 1632 5938 falsitas
1700 5877 2016 5955 cupiditas
2058 5899 2071 5937 :
2108 5881 2453 5957 propterea
2514 5874 2675 5935 dixit
2722 5875 3040 5955 prepheta
3076 5896 3088 5934 :
3130 5877 3319 5936 Renes
3354 5876 3468 5938 mci
3511 5894 3619 5937 rc—
