4062 6426
222 411 327 463 filii
844 407 1162 464 MU'I'IANO
1203 407 1447 463 SCHOL.
1495 405 1960 462 lNTEllPRETE.
2003 433 2075 449 —
2115 407 2268 462 CAP.
2316 408 2426 463 VII.
2475 406 2708 464 llOlllL.
2756 407 2869 460 ΧΗ.
3032 416 3034 418 ’
3398 409 3500 464 ’516

198 525 696 597 circumponere
721 563 737 587 ,
770 524 839 576 ut
872 523 1046 597 tuam
1081 514 1334 591 frangat
1362 514 1672 573 animam.
1712 515 1772 573 Si
1811 514 2155 574 viderimus
2185 513 2469 597 aliquem
2500 515 2562 572 in
2597 514 2824 597 habitu
2858 514 3047 597 liberi
3080 515 3495 597 interpellan-

202 611 330 661 tem
364 595 480 659 nos
503 644 517 667 ,
550 599 709 668 iste,
748 597 962 672 inquis
987 639 1001 662 ,
1035 595 1349 670 impostor
1376 599 1505 662 est,
1549 600 1608 652 et
1639 599 1705 652 ut
1735 600 1994 670 putetur
2024 611 2105 652 ex
2142 595 2471 672 generosis
2500 611 2642 654 esse
2664 638 2680 664 ,
2716 595 2838 655 isto
2866 595 3056 652 modo
3087 596 3458 673 interpellat
3491 643 3506 664 ,

198 682 253 741 si
292 679 639 740 viderimus
664 696 728 736 In
757 675 1083 734 contrario
1118 673 1341 732 habitu
1363 717 1378 741 ,
1431 679 1493 732 et
1538 673 1717 732 illum
1748 675 2109 752 culpamus.
2149 674 2312 746 Quid
2343 679 2540 750 agant
2568 673 2645 734 de
2681 676 2958 735 cetero?
2983 673 3038 734 Ο
3067 676 3417 737 crudelitas
3451 686 3507 736 et

199 759 522 836 supinitas
550 758 564 816 ι
597 761 811 829 Quare
837 799 852 825 ,
889 754 1139 830 inquis,
1173 753 1372 828 aliqui
1407 754 1690 836 membra
1719 754 2232 836 suadenuda‘nt?
2273 755 2540 830 Propter
2567 753 2709 836 tezsi
2742 754 3189 816 misericordes
3217 775 3511 816 essemus

198 831 378 908 istis,
432 839 523 899 eis
560 836 806 897 artibus
856 851 1018 909 opus
1073 849 1201 891 non
1239 837 1408 892 esset
1442 851 1456 889 :
1492 831 1542 891 si
1596 833 1798 908 prima
1832 833 2353 909 interpellatione
2385 833 2867 909 persuasissent
2891 877 2906 902 ,
2948 850 3078 893 non
3110 841 3289 896 tanta
3323 853 3514 896 com-

197 925 422 979 menta
480 916 944 993 exquisissent.
991 912 1147 993 Quis
1177 915 1289 993 est
1336 911 1422 972 ita
1483 911 1716 980 miser,
1752 919 1822 993 ut
1861 913 2010 993 velit
2042 917 2291 972 tantum
2321 912 2602 993 clamare
2619 920 2748 993 λιιι
2779 912 3027 973 velitad
3059 915 3513 977 confusionem

197 999 461 1063 venire,
497 1001 565 1055 ut
591 990 742 1054 velit
774 991 1027 1070 publice
1050 991 1424 1070 deplorare,
1459 1008 1606 1050 cum
1640 991 1808 1052 nuda
1845 992 2120 1070 conjuge
2143 1035 2158 1061 ,
2193 1009 2338 1051 cum
2371 990 2561 1050 filiis?
2616 992 2765 1054 Haec
2797 1010 2926 1070 qua
2960 1001 3343 1070 paupertate
3381 1013 3512 1060 n0n

196 1083 354 1136 sunt
383 1075 646 1152 peiora?
689 1069 806 1134 Sed
844 1088 958 1149 pro
983 1070 1080 1132 his
1134 1087 1262 1128 non
1305 1069 1516 1129 solum
1566 1069 2072 1132 misericordiam
2107 1072 2352 1133 nullam
2379 1087 2419 1132 ει
2447 1072 2636 1133 vobis
2660 1069 3026 1150 accipiunt,
3057 1069 3260 1152 magis
3296 1083 3512 1134 autem

195 1173 390 1233 etiam
420 1171 832 1228 accusantur.
866 1162 1090 1224 Adhuc
1116 1165 1331 1242 autem
1362 1168 1423 1220 et
1452 1160 1898 1238 indignamur,
1933 1159 2245 1237 quoniam
2285 1162 2489 1242 Deum
2526 1168 2866 1238 precantes
2913 1180 3042 1221 non
3075 1162 3467 1242 exaudimur
3497 1215 3515 1242 ,

193 1251 410 1311 adhuc
439 1246 720 1324 graviter
767 1243 1028 1324 ferimus
1053 1241 1409 1324 ,_quoniarr_i
1446 1257 1573 1298 non
1609 1242 2031 1316 impetramus
2058 1245 2390 1319 rogantes.
2426 1241 2565 1324 Non
2600 1243 3195 1324 contremisczmus,
3229 1241 3522 1324 dilectis-i-

194 1329 398 1391 simi?
427 1319 546 1385 Sed
579 1325 812 1402 sepius
848 1322 1027 1394 dedi,
1076 1321 1326 1402 inquis.
1357 1320 1452 1379 Tu
1491 1330 1706 1402 autem
1744 1335 1875 1378 non
1929 1337 2186 1402 semper
2222 1322 2544 1402 vesceris?
2609 1319 2964 1381 infantulos
3012 1328 3229 1402 autem
3287 1323 3523 1400 saepius

193 1411 489 1488 petentes
525 1421 651 1488 non
672 1398 1008 1488 advocas?
1054 1400 1108 1461 Ο
1144 1398 1641 1488 inverecuudial
1700 1415 2054 1488 pauperem
2087 1400 2866 1488 inverecundumvocas?
2898 1409 2963 1488 tu
2998 1401 3260 1488 rapiens
3295 1398 3424 1463 non
3453 1420 3523 1466 es

195 1479 676 1548 inverecundus
699 1527 714 1552 ,
747 1483 853 1542 ille
881 1486 1098 1541 autem
1125 1496 1240 1557 pro
1270 1495 1439 1561 pane
1465 1479 1818 1554 deprecans
1839 1522 1854 1548 ,
1884 1479 2358 1561 inverecundus
2377 1479 2914 1561 judicatur7Non
2947 1480 3250 1561 intelligis
3278 1490 3526 1559 quanta

198 1572 302 1629 est
329 1564 685 1652 necessitas
705 1561 945 1652 ventris
966 1561 993 1618 ?
1012 1576 1242 1652 ononne
1269 1558 1487 1652 omnia
1518 1558 2048 1652 propterea‘facis
2069 1560 2252 1652 {non
2266 1577 2343 1620 ne
2375 1558 2741 1652 spiritualia
2774 1567 3038 1652 propter
3062 1558 3185 1621 hoc
3207 1558 3481 1652 negligis
3499 1563 3528 1621 τ

198 1665 334 1706 non
371 1645 594 1704 caelum
622 1641 732 1700 tihi
767 1640 1168 1718 propositum
1199 1644 1327 1706 est,
1358 1643 1726 1720 etregpmn
1769 1638 2124 1720 caelorum?
2171 1644 2501 1720 tu_autem
2529 1641 2773 1702 ventris
2808 1643 3045 1701 timens
3073 1638 3483 1720 tyrannidem
3507 1683 3523 1710 ,

199 1724 424 1786 omnia
485 1716 804 1783 sustines.
857 1716 918 1780 et
969 1720 1076 1778 illa
1126 1718 1509 1778 contemnis.
1550 1716 1694 1798 Haec
1747 1721 1845 1776 est
1875 1717 2363 1780 inverecundia.
2425 1719 2480 1780 Ο
2513 1721 2801 1782 vanitas!
2836 1722 2947 1782 [lle
2975 1766 2990 1792 ,
3023 1716 3276 1798 inquis,
3314 1726 3526 1780 tantos

201 1820 444 1866 aureos
476 1801 860 1870 faeneratur,
891 1799 999 1859 ille
1036 1803 1246 1858 tantos
1275 1841 1290 1868 ,
1325 1803 1387 1856 et
1417 1796 1755 1854 mendicat.
1791 1798 2145 1856 Puerorum
2179 1799 2274 1859 hae
2305 1798 2538 1860 fabulae
2563 1806 2757 1874 sunt,
2792 1807 2852 1863 et
2885 1796 3202 1863 vanitates
3242 1821 3255 1858 :
3291 1801 3531 1861 etenim

203 1882 584 1963 pueritales
616 1879 868 1963 fabulas
900 1895 936 1938 a
970 1877 1332 1963 nutricibus
1363 1875 1657 1963 audiunt.
1699 1875 1838 1934 Non
1882 1877 2039 1963 mihi
2087 1878 2713 1963 persuadetur,_non
2739 1882 2931 1963 credo
2958 1928 2973 1955 ,
3005 1880 3197 1963 absit.
3233 1880 3324 1940 Ad
3361 1897 3535 1963 usu-

202 1956 348 2025 ram
382 1962 488 2021 dat
519 1959 662 2036 quis
684 2003 698 2028 ,
729 1965 792 2017 et
826 1959 890 2016 in
923 1957 1324 2017 abundantia
1351 1956 1744 2037 constitutus
1780 1956 2118 2037 mendicat.
2167 1959 2309 2031 Qua
2340 1961 2584 2019 causa?
2613 1960 2713 2020 die
2746 1962 2902 2020 mihi
2939 1981 2952 2019 :
2982 1960 3138 2037 quid
3175 1966 3271 2020 est
3303 1958 3531 2022 confu-

205 2043 464 2104 sibilius
487 2041 514 2097 ?
540 2034 775 2097 melius
808 2038 1047 2114 quippe
1076 2041 1172 2096 est
1202 2034 1404 2116 mori,
1438 2051 1636 2111 quam
1670 2035 2058 2096 mendicare.
2091 2037 2413 2109 Quamdiu
2450 2039 2538 2100 ita
2571 2041 2786 2116 supini
2831 2034 3107 2101 sumus?
3137 2039 3302 2114 Quid
3334 2038 3534 2116 ergo?

206 2139 437 2181 omnes
467 2119 542 2178 ad
578 2133 845 2177 usuram
878 2117 1068 2184 dant,
1105 2132 1328 2174 omnes
1363 2115 1747 2195 impostores
1786 2121 1973 2195 sunt,
2009 2118 2224 2177 nullus
2258 2135 2487 2178 revera
2519 2115 2768 2195 pauper
2816 2121 2956 2180 est?
2983 2121 3192 2179 Etiam
3219 2163 3238 2190 ,
3271 2115 3489 2195 inquis
3512 2161 3529 2189 ,

209 2209 276 2262 et
305 2199 510 2269 multi,
536 2196 698 2270 Quid
733 2196 1063 2274 ergo?Vel
1096 2196 1187 2254 eis
1220 2212 1347 2254 non
1370 2193 1637 2253 exhibes
1669 2194 1990 2253 auxilium
2021 2215 2033 2252 :
2069 2196 2311 2272 utquid
2357 2193 2618 2257 exsistis
2656 2193 3096 2275 scrupulosus
3131 2200 3275 2260 vitae
3305 2193 3532 2258 eorum

210 2278 632 2340 enucleator?
663 2275 780 2336 Sed
824 2277 922 2335 ha:
962 2275 1337 2354 occasiones
1378 2277 1531 2332 sunt
1566 2278 1628 2333 et
1681 2275 2161 2335 excusationes.
2219 2276 2410 2336 Omni
2443 2279 2686 2354 petenti
2717 2288 2770 2337 te
2803 2279 2914 2345 da,
2956 2290 3010 2338 et
3057 2280 3363 2339 colentem
3408 2297 3444 2336 a
3478 2287 3534 2336 te

209 2358 494 2418 mutuari
523 2374 652 2415 non
683 2356 1005 2415 averseris.
1042 2352 1329 2413 Extende
1358 2369 1620 2412 manum
1651 2356 1859 2421 tuam,
1903 2371 2035 2412 non
2065 2352 2521 2416 sitcontracta.
2556 2358 2695 2417 Non
2729 2360 2902 2417 enim
2947 2360 3228 2418 vitarum
3276 2357 3536 2418 consti-

211 2439 334 2499 tuti
363 2454 586 2498 sumus
615 2436 1046 2504 discussores;
1085 2432 1331 2509 alioqui
1368 2433 1584 2515 nullus
1631 2431 2441 2515 hocgmodomiserebitur.
2472 2436 2686 2509 Quare
2716 2483 2730 2507 ,
2766 2438 3028 2514 quando
3061 2440 3264 2499 Deum
3304 2455 3494 2515 rogas
3517 2480 3532 2504 ,

213 2519 374 2578 dicis
409 2537 423 2574 :
456 2517 870 2576 Peccatorum
895 2531 1292 2593 meorumne
1321 2512 1737 2593 memineris?
1768 2512 2037 2571 Proinde
2059 2518 2169 2593 ,ret
2205 2515 2254 2574 si
2294 2515 2477 2574 valde
2519 2518 2600 2575 sit
2637 2517 2744 2576 ille
2784 2512 3090 2593 peccator
3115 2565 3129 2588 ,
3168 2518 3288 2577 hoc
3317 2512 3532 2593 ipsum

210 2603 280 2656 et
309 2598 374 2655 in
409 2596 548 2671 ipso
571 2593 906 2653 considera
927 2637 941 2662 ,
972 2599 1034 2652 et
1068 2592 1197 2650 noli
1230 2591 1553 2650 reminisci
1593 2597 2004 2671 peccatorum
2040 2592 2202 2670 ejus.
2235 2596 2516 2671 Tempus
2546 2602 2644 2656 est
2669 2591 3155 2663 misericordia},
3191 2614 3320 2656 non
3345 2591 3538 2656 scru-

214 2670 465 2754 pulosa:
490 2673 952 2754 discussionis;
989 2671 1480 2754 misericordia},
1518 2687 1645 2754 non
1678 2670 2215 2754 ratiocinationis.
2265 2670 2508 2733 Nutriri
2544 2677 2676 2736 vult
2712 2696 2724 2732 :
2760 2677 3082 2753 siquidem
3109 2678 3204 2737 vis
3229 2722 3244 2747 ,
3281 2675 3534 2746 tribue;

216 2750 272 2816 si
310 2761 526 2816 autem
560 2769 685 2813 non
724 2753 816 2812 vis
842 2797 856 2822 ,
892 2752 1135 2810 dimitte
1169 2751 1306 2832 sine
1340 2750 1801 2832 increpatione.
1835 2750 2058 2832 Quare
2092 2754 2287 2813 miser
2314 2773 2380 2813 es
2415 2762 2475 2814 et
2511 2755 2784 2815 infelix?
2830 2750 3035 2832 quare
3068 2775 3186 2817 nec
3219 2763 3285 2815 tu
3329 2757 3539 2815 mise-

216 2835 383 2895 reris
412 2878 428 2904 ,
462 2840 522 2892 et
561 2832 848 2913 volentes
880 2833 1160 2913 avertis?
1186 2828 1464 2913 Quando
1489 2829 1660 2888 enim
1695 2829 2110 2913 illeaudierit
2145 2851 2176 2891 a
2217 2838 2307 2899 te,
2342 2834 2666 2907 Quoniam
2701 2836 2819 2895 iste
2851 2828 3166 2913 deceptor
3194 2842 3324 2906 est,
3358 2853 3539 2913 quo-

215 2915 395 2974 niam
424 2913 528 2971 ille
549 2911 738 2992 fictor
761 2917 856 2970 est
881 2955 895 2979 ,
921 2912 1229 2992 quoniam
1254 2909 1360 2968 ille
1389 2908 1466 2967 ad
1499 2925 1762 2992 usuram
1794 2909 1939 2992 dat,
1968 2910 2192 2992 incipit
2226 2931 2436 2990 neque
2472 2915 2609 2973 istis
2644 2915 2798 2975 dare
2821 2959 2835 2986 ,
2874 2908 3084 2992 neque
3111 2917 3277 2975 illis:
3311 2908 3537 2975 omnes

221 2996 291 3052 in
324 2991 986 3072 suspicionehabebit
1009 3038 1022 3062 ,
1061 2988 1690 3072 t_ales_esse_putabit.
1727 2987 1912 3072 _Scit_is
1941 2990 2110 3072 enim
2143 2993 2294 3068 quia
2321 2987 2462 3068 quae
2499 2995 2667 3054 mala
2697 3001 2848 3054 sunt
2876 2987 3062 3068 facile
3086 2997 3537 3072 suSpicamur;

218 3089 372 3148 quae
403 3067 558 3131 vero
585 3070 824 3152 optima
855 3113 868 3137 ,
901 3087 1044 3152 non
1083 3070 1189 3129 ita;
1234 3067 1605 3152 Efficiamur
1660 3068 2106 3152 misericordes
2130 3067 2175 3138 ,ί
2205 3067 2354 3129 ηοῐϊ
2380 3067 3024 3152 quomodocumque,
3065 3076 3175 3136 sed
3205 3067 3541 3152 quomodo

217 3147 410 3212 Pater
441 3149 949 3233 nosterczelestis
983 3149 1158 3233 :ipse
1191 3153 1252 3233 e_t
1279 3147 1604 3233 adulteros
1642 3151 1704 3233 et
1753 3149 2122 3233 meretrices
2158 3156 2218 3209 et
2251 3147 2575 3233 maleficos
2628 3147 2953 3232 gubernat
2997 3175 3011 3214 :
3061 3161 3123 3216 et
3154 3147 3309 3233 quid
3354 3153 3542 3213 dico?

218 3248 479 3288 omnem
513 3229 793 3304 speciem
828 3228 1185 3304 iniquitatis
1220 3228 1553 3310 habentes.
1580 3227 1650 3286 In
1685 3231 1861 3310 tanto
1893 3229 2062 3310 enim
2107 3231 2347 3310 mundo
2398 3227 2664 3293 necesse
2695 3240 2793 3293 est
2839 3251 2979 3294 esse
3017 3227 3276 3295 tales—et
3330 3235 3544 3310 pluri—

217 3328 361 3368 mos
398 3329 410 3365 :
449 3314 888 3390 verumtamen
922 3325 1146 3390 omnes
1194 3307 1431 3375 nutrit,
1482 3323 1704 3390 omnes
1755 3304 1962 3390 induit
1997 3308 2260 3390 :nullus
2315 3310 2480 3370 fame
2532 3314 2723 3389 periit
2779 3315 3175 3390 aliquando,
3216 3304 3344 3374 nisi
3375 3313 3542 3375 forte

114 3424 128 3444 .
220 3394 474 3465 sponte.
505 3387 603 3445 Sic
632 3387 990 3467 efficiamur
1020 3389 1210 3446 etiam
1248 3405 1363 3445 nos
1400 3386 1827 3467 miseratores
1865 3405 1878 3441 :
1914 3388 1965 3446 si
1988 3387 2345 3467 quisquam
2378 3386 2549 3467 opus
2572 3386 2910 3464 habuerit,
2945 3401 3008 3454 et
3057 3394 3121 3453 in
3157 3393 3544 3454 necessitate

217 3466 827 3550 fuerit,_auxiliare.
867 3467 1049 3526 Nunc
1088 3474 1303 3550 autem
1339 3465 1572 3550 adhoc
1617 3465 2202 3550 irrationabilitatis
2245 3465 2538 3550 venimus
2563 3517 2577 3542 ,
2615 3477 2684 3531 ut
2737 3491 2864 3532 non
2919 3473 3128 3533 solum
3163 3475 3334 3534 circa
3370 3489 3544 3550 pau—

223 3564 408 3625 peres
458 3545 581 3606 hoc
639 3545 990 3611 faciamus,
1046 3547 1157 3622 qui
1211 3563 1328 3622 per
1382 3545 1555 3625 vicos
1608 3544 1981 3625 ambulant,
2019 3545 2131 3606 sed
2181 3549 2374 3607 etiam
2422 3551 2593 3612 circa
2626 3554 2801 3612 viros
2849 3554 3300 3614 monachalem
3347 3544 3545 3613 vitam

220 3623 512 3704 agentes.
547 3625 661 3684 llle
692 3626 1005 3702 impostor
1030 3633 1156 3706 est,
1197 3625 1436 3706 inquis.
1469 3624 1608 3682 Non
1643 3624 1762 3682 hoc
1791 3623 2082 3706 dicebam
2106 3627 2352 3703 pridem
2378 3674 2392 3699 ,
2451 3631 2607 3706 quia
2639 3632 2690 3691 si
2729 3631 3174 3692 indifferenter
3235 3633 3545 3694 omnibus

218 3703 446 3790 demus
468 3749 481 3774 ,
517 3722 774 3790 semper
800 3705 1283 3790 miserebimur;
1318 3705 1370 3764 si
1403 3711 1617 3790 autem
1642 3703 2024 3790 coeperimus
2065 3708 2342 3790 scrutari
2364 3753 2378 3779 ,
2417 3703 2777 3790 numquam
2809 3712 3322 3772 misericordiam
3371 3731 3548 3790 pra".—

223 3785 586 3847 stabimus?
613 3784 776 3854 Quid
807 3784 1009 3843 dicis?
1035 3792 1105 3844 ut
1131 3802 1364 3860 panem
1395 3784 1707 3860 accipiat,
1738 3783 2052 3859 impostor
2079 3787 2226 3846 est?
2269 3786 2327 3845 Si
2367 3783 2628 3863 quidem
2662 3791 2804 3850 auri
2839 3793 3080 3851 talenta
3124 3783 3447 3866 quaereret
3478 3797 3544 3853 et

160 3937 170 3942 _
220 3871 520 3948 argenti,
571 3875 686 3931 aut
735 3878 941 3931 vestes
996 3870 1347 3947 pretiosas,
1379 3874 1486 3929 aut
1531 3887 1752 3928 servos
1781 3912 1794 3936 ,
1841 3867 1940 3926 vel
1974 3866 2148 3948 aliud
2187 3867 2578 3948 quidquam,
2624 3869 2856 3927 merito
2889 3869 3031 3943 quis
3076 3868 3268 3928 istum
3312 3871 3556 3931 diceret

223 3947 636 4026 deceptorem
674 3969 687 4007 :
723 3951 775 4010 si
808 3956 1025 4009 autem
1059 3949 1216 4007 nihil
1253 3950 1484 4008 horum
1515 3993 1528 4016 ,
1564 3953 1669 4007 sed
1702 3947 2242 4026 gubernationem
2268 3989 2282 4015 ,
2318 3951 2381 4004 et
2413 3947 2868 4006 vestimentum
2899 3992 2912 4012 ,
2948 3964 3093 4023 qua:
3121 3948 3556 4026 philosophiae

224 4025 415 4098 sunt,
453 4029 770 4106 numquid
819 4030 954 4090 haec
1007 4029 1366 4105 deceptoris
1400 4031 1594 4088 sunt?
1627 4029 1727 4087 dic
1763 4025 1944 4084 mihi.
1978 4025 2403 4096 Quiescamus
2454 4028 2534 4106 ab
2580 4026 2699 4086 hac
2745 4027 3029 4086 absurda
3078 4029 3458 4090 curiositate
3491 4038 3555 4090 et

223 4110 550 4169 diabolica
602 4104 663 4168 et
720 4104 1182 4186 peremptoria.
1229 4108 1296 4167 'Si
1338 4109 1507 4167 enim
1568 4109 1631 4166 in
1668 4108 1841 4166 clero
1890 4106 2164 4186 electum
2200 4122 2267 4162 se
2295 4121 2434 4165 esse
2464 4104 2671 4176 dicat,
2703 4108 2753 4166 si
2790 4106 3189 4166 sacerdotem
3223 4111 3550 4176 nominet,

225 4197 562 4257 scrutare;
621 4183 749 4247 non
812 4183 982 4247 enim
1039 4189 1177 4248 siue
1238 4189 1527 4265 periculo
1584 4189 1649 4247 in
1700 4187 1935 4245 talibus
1976 4183 2356 4268 indiscussa
2390 4187 2893 4268 communicatio
2922 4191 3056 4257 est;
3091 4189 3266 4248 circa
3300 4189 3550 4268 majora

223 4268 588 4347 periculum
631 4269 900 4328 vertitur
952 4288 965 4326 :
1010 4268 1061 4327 si
1106 4263 1258 4326 vero
1293 4284 1409 4344 pro
1467 4268 1865 4347 nutrimento
1900 4264 2226 4341 postulat,
2270 4263 2433 4322 nihil
2468 4266 2848 4334 examines;
2882 4283 3010 4347 non
3045 4269 3218 4327 enim
3252 4269 3365 4328 das
3392 4263 3553 4337 ,vsed

227 4345 490 4424 accipis.
515 4348 853 4420 Quomodo
885 4348 1212 4407 Abraham
1246 4347 1746 4424 hospitalitatem
1775 4345 1946 4404 circa
1975 4361 2200 4424 omnes
2231 4347 2643 4424 transeuntes
2676 4345 3095 4405 ostendebat?
3131 4348 3192 4406 Si
3229 4354 3557 4409 scrutator

228 4422 457 4487 fuisset
486 4429 658 4488 circa
698 4427 1090 4505 refugientes
1123 4427 1201 4487 ad
1252 4446 1318 4486 se
1344 4422 1750 4503 {numquam
1785 4424 2055 4505 angelos
2112 4422 2409 4505 hospitio
2445 4426 2835 4501 recepisset;
2889 4425 3181 4505 fortassis
3213 4429 3385 4487 enim
3422 4447 3553 4488 non

228 4513 465 4586 putans
489 4525 599 4566 eos
637 4502 904 4584 angelos
938 4525 1080 4567 esse.
1106 4552 1119 4574 ,
1151 4525 1295 4568 cum
1343 4502 1614 4583 reliquis
1651 4504 2031 4581 repelleret:
2072 4502 2181 4586 sed
2211 4503 2522 4586 quoniam
2553 4521 2778 4586 omnes
2813 4504 3244 4581 suscipiebat,
3271 4510 3556 4586 suscepit

227 4582 290 4647 et
320 4586 610 4663 angelos.
640 4582 775 4645 Non
815 4587 1090 4666 enimex
1125 4587 1252 4647 vita
1285 4587 1741 4664 accipientium
1774 4601 1810 4643 a
1844 4589 1903 4666 te
1931 4582 2293 4666 mercedem
2322 4583 2432 4666 tibi
2482 4585 2922 4666 retributurus
2969 4591 3063 4666 est
3094 4587 3301 4655 Deus;
3333 4587 3442 4666 sed
3469 4582 3555 4648 ex

227 4661 566 4725 voluntate
592 4709 606 4732 ,
636 4684 719 4726 ex
750 4665 1241 4726 honoriﬁcentia
1274 4661 1473 4726 multa
1502 4711 1515 4733 ,
1546 4684 1626 4725 ex
1657 4661 2100 4723 misericordia
2127 4706 2141 4731 ,
2169 4681 2248 4720 ex
2281 4663 2592 4722 bonitate.
2619 4665 2768 4724 Haec
2797 4665 2848 4722 si
2876 4665 3003 4723 sint
3032 4665 3094 4724 in
3128 4673 3185 4724 te
3206 4711 3219 4735 ,
3251 4672 3311 4725 et
3339 4661 3557 4729 omnia

229 4745 607 4813 adipisceris
643 4747 810 4804 bona
841 4765 854 4803 :
885 4762 1030 4821 quae
1060 4746 1306 4805 cunctis
1339 4748 1524 4806 nobis
1555 4745 1888 4818 contingat
1918 4740 2183 4817 adipisci
2208 4786 2221 4808 ,
2249 4743 2457 4814 gratia
2492 4748 2553 4800 et
2575 4744 3024 4804 misericordia
3061 4746 3316 4804 Domini
3352 4750 3557 4808 nostri

225 4826 384 4883 Jesu
417 4822 690 4883 Christi:
725 4843 873 4884 cum
909 4842 1040 4900 quo
1073 4826 1242 4884 Patri
1277 4843 1409 4886 una
1441 4844 1586 4885 cum
1631 4830 1855 4883 sancto
1906 4821 2151 4898 Spiritu
2206 4822 2415 4900 gloria
2441 4866 2456 4894 ,
2510 4823 2853 4900 imperium
2883 4869 2897 4895 ,
2963 4824 3173 4885 honor
3199 4869 3214 4898 ,
3278 4845 3452 4888 nunc
3501 4834 3562 4888 et

228 4921 523 4980 semper,
560 4911 619 4962 et
652 4904 716 4962 in
749 4905 984 4965 sweula
1025 4906 1434 4965 szeculorum.
1467 4908 1694 4964 Amen.

1619 5145 1976 5206 HOMILIA
2022 5144 2169 5207 XII.

343 5293 409 5352 11
418 5293 473 5351 in
505 5289 668 5349 enim
699 5280 1169 5347 Melchisedech,
1206 5298 1320 5339 rex
1343 5276 1568 5342 Salem,
1621 5273 1909 5333 sacerdos
1941 5273 2058 5331 Dei
2110 5270 2363 5352 summi,
2401 5269 2510 5348 qui
2544 5268 2824 5352 obriavit
2879 5267 3160 5352 Apbrahm,
3216 5290 3495 5350 regresso
3545 5297 3581 5336 η

259 5349 674 5447 εφξὶθήγρθῑιγη,
708 5375 760 5425 et.
791 5363 1106 5425 benedixit
1141 5361 1214 5426 ei.
1241 5359 1341 5418 cui
1371 5357 1647 5447 decimas
1669 5355 1943 5412 omnium
1964 5352 2182 5440 dii-isi!
2216 5351 2534 5442 aprimum
2557 5349 2802 5439 quidem
2828 5350 2938 5425 qui
2967 5350 3429 5447 ίηζρνρνρτηιιέν
3467 5373 3583 5445 ηοω

247 5430 547 5535 jasumé',
584 5445 804 5506 deinde
834 5453 1038 5504 autem
1072 5460 1187 5500 rex
1223 5438 1446 5535 Salnem,
1479 5434 1647 5525 quod
1678 5443 1906 5535 est'rex
1941 5432 2117 5520 pacis
2159 5431 2336 5535 :qsi'ne
2362 5439 2566 5535 patre,
2600 5430 2972 5535 siqueiinut're,
3009 5430 3142 5489 sine
3172 5434 3536 5535 geqeealogi'a
3565 5485 3578 5503 ,

262 5509 742 5610 'riequeririitium
788 5524 1052 5594 dierum,
1084 5539 1280 5599 neque
1312 5509 1663 5610 ﬁngat-vine
1687 5513 1938 5610 habens,
1971 5510 2358 5610 (issinzilatus
2388 5518 2591 5610 autem
2630 5509 2997 5610 ‘Fitiomlhlz",
3051 5515 3585 5610 mouet-sacerdos

353 5589 756 5689 'perpetuum.
788 5589 1761 5689 Volens'Paulus'differentiam
1792 5593 2238 5689 demonstrare
2261 5591 2422 5689 ‘no‘vi
2455 5595 2518 5649 et
2549 5589 2782 5649 veteris
2819 5590 3240 5689 'Ileslamcnli.
3365 5596 3584 5657 munis

264 5671 389 5754 hoc
428 5671 828 5751 disseminat,
868 5689 930 5742 et
960 5674 1309 5761 jaculatur,
1344 5683 1407 5761 et
1436 5676 1632 5761 veluti
1663 5672 1944 5761 quodam
1977 5671 2415 5761 tintinnabulo
2461 5674 3108 5761 praioencupatnaures
3139 5671 3541 5761 .auditorum
3568 5721 3584 5747 ,

258 5748 642 5832 e‘t-exercet.
677 5748 1024 5826 Confestim
1058 5761 1298 5839 quippe
1321 5760 1402 5818 ab
1435 5748 1871 5839 ipso__exordio
1911 5753 2031 5839 hoc
2067 5750 2308 5839 injecit,
2342 5750 2562 5839 dicens
2593 5769 2605 5804 :
2641 5750 2818 5839 Quia
2841 5748 3302 5839 illis-quidem
3335 5755 3588 5839 loquu—

260 5829 376 5915 tus
396 5857 495 5913 est
531 5849 595 5907 in
625 5844 980 5924 prophetis,
1015 5829 1201 5924 nobis
1224 5829 1731 5924 autemjidFilio
1768 5853 1782 5891 :
1817 5839 1880 5892 et
1912 5832 2038 5922 illis
2062 5831 2324 5924 quidem
2342 5829 2764 5924 multifariam
2796 5833 2857 5887 et
2877 5830 3106 5924 inultis
3136 5832 3366 5924 modis,
3396 5829 3587 5896 nobis

263 5906 494 5997 l‘hie'daf
518 5906 642 6008 per.
669 5906 926 5986 Filium.
967 5906 1205 5984 Deinde
1241 5920 1317 5980 de
1348 5918 1510 5978 Filio
1543 5917 1879 5994 loquutus,
1914 5911 2061 5992 quis
2099 5910 2216 5971 iste
2251 5907 2356 5985 sit,
2387 5919 2445 5972 et
2484 5906 2637 5988 quid
2670 5914 2974 5987 Operatus
3005 5911 3110 5985 sit,
3136 5918 3197 5972 et
3230 5912 3586 5978 admonens
