4036 6424
158 310 259 366 ὀδὸ
1603 297 1942 356 ΜυΝΓΓυΜ.
3296 287 3401 342 ιείϐ

156 428 285 487 sive
322 422 551 498 bestia,
585 425 721 485 sive
755 422 930 484 mille
971 419 1349 504 muscipula;
1375 417 1712 504 ;_quandiu
1748 415 1920 504 enim
1954 412 2233 504 quisque
2284 408 2525 504 ignitus
2560 403 2830 504 inee‘tlit3
2864 400 3398 504 p‘utmtlnifjlﬂiirerfl:

161 477 934 573 b'uhta'ééédtifo'rﬁ'tiiit
968 477 1344 563 Eb’h‘té’rﬁﬁiil
1377 477 1657 559 'Flja‘mma
1691 495 1932 573 quippe
1972 477 2430 575 insuperabilis
2479 503 2579 547 res
2618 492 2733 574 est,
2771 491 2831 545 et
2864 477 3270 575 imporlabile
3306 487 3404 575 est

160 582 406 645 cunctis
440 580 633 644 rebus
660 568 1047 645 incendium
1076 602 1089 637 :
1124 577 1291 657 ignis
1321 577 1565 657 quippe
1599 568 1824 657 cuncta
1860 568 2207 657 Consumit.
2241 568 2376 627 Hoc
2410 568 2801 657 itaque-igne
2835 568 3406 657 circttniseptarnur

159 644 483 731 exhortor,
518 644 801 737 gloriam
827 644 1183 737 oﬂ‘erentes
1201 644 1730 717 Domino'nostro
1762 652 1914 711 Jesu
1963 648 2237 737 Christo,
2273 660 2418 737 cum
2452 660 2579 721 quo
2621 644 3153 737 Eatripunpeum
3185 644 3407 695 sancto

160 720 430 817 simil“,
466 720 699 817 ὲῗδΐίθ.
732 736 1105 818 imperium,
1137 734 1362 808 honOr,
1398 750 1569 794 nunc
1600 739 1662 795 et
1692 746 1973 807 semper,
2008 732 2071 788 et
2101 726 2167 787 in
2202 723 2433 787 Stecula
2468 720 2875 782 Steculorutn.
2927 720 3154 777 Amen.

163 917 3413 965 Wa

1495 1093 2076 1193 MONITUM.

671 1368 675 1372 -
724 1327 810 1389 IN
867 1322 1226 1390 UNDEClM
1292 1322 1355 1384 S.
1419 1321 1757 1384 JOANNIS
1818 1316 2393 1383 CHRYSOSTOMI
2450 1314 2851 1379 HOMILIAS

1131 1505 1321 1565 NUNC
1357 1502 1631 1561 PRIMUM
1675 1502 1718 1557 Ε
1757 1501 2102 1559 TENEBRIS
2141 1498 2445 1557 ERUTAS.

238 1685 315 1740 Eu
383 1686 504 1750 tibi,
561 1686 755 1743 Lector
790 1688 1018 1752 erudite,
1077 1702 1291 1751 novam,
1326 1682 1581 1755 amplam,
1637 1682 1968 1753 omninoque
2016 1678 2347 1752 singularem
2388 1676 2731 1733 bomiliarum
2789 1675 3169 1746 Chrysostomi
3224 1690 3421 1730 acces~

169 1779 373 1834 sionem
414 1780 761 1847 proferimus,
796 1797 916 1852 quae
948 1783 1088 1836 haud
1114 1784 1183 1834 ita
1215 1782 1421 1850 pridem
1452 1792 1517 1833 ex
1549 1786 1731 1831 monte
1785 1776 1946 1842 Atho,
1984 1784 2043 1829 ut
2107 1774 2351 1843 quidam,
2397 1771 2477 1826 vel
2514 1785 2578 1826 ex
2614 1768 2784 1825 insula
2835 1767 3045 1831 Pattno,
3105 1777 3163 1820 ut
3215 1766 3302 1821 alii
3339 1767 3421 1820 di-

169 1878 313 1933 r‘unt,
351 1871 406 1924 in
440 1869 831 1926 Bibliothecatu
868 1871 1179 1928 Vaticanam
1219 1871 1410 1930 allatae,
1446 1883 1475 1922 a
1504 1867 1779 1923 sodalibus
1826 1868 2049 1929 nostris,
2102 1865 2195 1936 qui
2256 1872 2369 1918 tum
2412 1861 2595 1918 Romae
2647 1858 3096 1936 Congregationis
3153 1856 3212 1912 S.
3249 1858 3419 1912 Mauri

168 1966 397 2033 negotiis
430 1965 820 2034 advigilabant,
852 1982 881 2017 a
917 1964 1105 2021 Graeco
1132 1962 1445 2019 amauuensi
1479 1962 1787 2031 exscriptus,
1835 1960 2169 2015 transmissae
2207 1957 2341 2013 mihi
2392 1955 2574 2019 fuere;
2618 1952 2871 2007 nimirum
2912 1968 2943 2008 a
2976 1952 3033 2004 Ι).
3068 1949 3231 2005 Petro
3300 1952 3381 2007 Ma
3403 1984 3417 1991 -

170 2057 292 2118 luet,
340 2058 437 2127 qui
484 2066 608 2110 tunc
638 2057 1003 2125 procuratoris
1025 2056 1292 2122 generalis
1318 2054 1493 2109 ochio
1522 2053 1862 2123 fungebatur,
1895 2063 1950 2107 et
1974 2053 2087 2123 jam
2123 2052 2176 2105 in
2208 2054 2537 2108 monasterio
2579 2054 2639 2110 S.
2683 2053 2939 2115 Germani
2974 2070 3007 2112 a
3034 2054 3214 2108 Pratis
3255 2052 3410 2106 Prior

163 2160 279 2215 est;
329 2162 386 2207 et
425 2166 457 2204 a
489 2153 552 2205 υ.
579 2149 811 2220 Josepho
838 2150 1017 2215 Avril,
1050 2150 1166 2216 ejus
1194 2150 1366 2214 socio,
1393 2149 1507 2218 jam
1560 2150 1612 2203 in
1664 2147 1995 2204 monasterio
2039 2146 2365 2207 Corbeiensi
2408 2146 2617 2216 Priore,
2668 2148 2761 2220 qui
2790 2153 2951 2204 ambo
2996 2164 3236 2217 semper,
3290 2148 3418 2203 dum

164 2244 346 2299 Romae
373 2254 585 2310 essent,
618 2243 890 2298 assiduam
921 2242 1049 2297 mihi
1090 2244 1397 2312 prmstitere
1422 2255 1665 2309 operam.

223 2341 493 2410 Quodque
541 2353 765 2409 prorsus
827 2352 1022 2392 novum
1076 2336 1456 2405 insolitumque
1495 2344 1600 2398 est,
1638 2342 1802 2403 atque
1830 2331 2077 2389 utilitatis
2108 2334 2335 2389 multum
2379 2333 2551 2401 all‘ert,
2582 2335 2663 2389 lue
2698 2335 2933 2391 homilize
2963 2336 3249 2406 descripta:
3274 2336 3426 2398 fuere

160 2452 186 2487 a
215 2436 481 2504 quodam,
511 2432 603 2501 qui
634 2430 696 2485 8.
730 2428 977 2485 Doctoris
1008 2427 1161 2484 lateri
1197 2428 1420 2484 haesisse
1449 2427 1683 2486 videtur,
1739 2424 1941 2495 quique
1979 2426 2032 2481 in
2098 2426 2444 2482 homiliarum
2482 2428 2650 2484 titulis
2685 2427 2800 2482 loca
2840 2429 3003 2483 refert
3052 2429 3138 2483 ιὼί
3180 2429 3431 2489 humilia;

164 2530 363 2584 habita:
394 2536 550 2590 sunt,
580 2534 637 2580 et
663 2538 807 2592 sape
848 2537 1065 2578 causam
1102 2537 1203 2577 cur
1233 2521 1589 2577 concionatus
1627 2519 1701 2575 sit
1734 2519 1959 2585 indicat,
1988 2535 2052 2576 ac
2084 2536 2189 2576 non
2236 2536 2407 2593 pauca
2452 2522 2516 2576 ad
2563 2523 2843 2578 historiam
2877 2522 3199 2592 pertinentia
3250 2522 3419 2576 admi-

158 2632 293 2677 scet.
331 2618 827 2687 Certissimuutque
864 2626 949 2671 est
982 2616 1101 2672 illas
1132 2615 1607 2687 Constantinopoli
1630 2616 1845 2673 habitas
1872 2613 2063 2681 fuisse,
2097 2628 2393 2687 omnesque
2419 2619 2577 2673 annis
2604 2619 2709 2675 598
2744 2629 2800 2674 et
2826 2619 2955 2675 599.
3009 2620 3089 2673 Att
3125 2633 3255 2670 vero
3283 2632 3423 2672 cott-

160 2720 401 2773 tinenter
433 2724 488 2770 et
511 2714 605 2768 illo
630 2727 738 2782 quo
764 2712 959 2768 habita:
994 2711 1141 2766 fuere
1175 2710 1368 2766 ordine
1402 2710 1491 2765 hic
1544 2709 1866 2778 referantur,
1900 2711 1965 2765 de
2007 2710 2190 2766 multis
2246 2711 2515 2782 liquidum
2567 2724 2671 2777 est,
2727 2715 2792 2766 de
2823 2712 3076 2767 omnibus
3136 2711 3419 2767 aflirmare

158 2831 259 2869 non
292 2810 500 2871 ausim,
536 2818 824 2876 tamenque
849 2805 1148 2861 verisimile
1174 2814 1259 2860 est
1289 2821 1481 2859 omnes
1514 2804 1625 2870 illo,
1655 2821 1763 2875 quo
1797 2806 1885 2861 hic
1909 2813 2208 2874 ponuntur,
2237 2807 2427 2861 ordine
2462 2807 2634 2862 dictas
2671 2807 2859 2864 fuisse.

223 2929 266 2981 1.
303 2927 491 2982 Prima
526 2923 580 2977 itt
612 2922 895 2993 martyrio,
927 2936 1021 2976 seu
1052 2921 1105 2975 in
1160 2920 1390 2975 ecclesia
1461 2920 1786 2992 Martyrum,
1815 2936 1936 2990 qua:
1968 2921 2022 2974 in
2053 2920 2289 2989 Antiqua
2318 2921 2506 2985 Petra.
2538 2926 2595 2976 ὲν
2627 2922 2843 2993 Halat;
2880 2923 3090 2993 Πέτρᾳ,
3127 2922 3231 2975 sita
3279 2927 3419 2981 erat,

155 3022 295 3076 dicta
329 3021 455 3075 fuit.
512 3017 745 3085 Quinam
779 3016 868 3071 hic
894 3014 1044 3070 locus
1084 3025 1234 3070 esset
1270 3014 1413 3083 apud
1467 3030 1646 3068 rerum
1680 3013 2412 3084 Cunstantinopolitanarum
2442 3017 2735 3085 scriptores
2759 3017 2999 3072 nondum
3029 3015 3231 3081 reperi.
3265 3009 3426 3066 Teut-

155 3128 251 3180 pus
277 3121 471 3167 autem
497 3110 743 3184 assignat
772 3108 1214 3177 Cltrysostomtts,
1244 3122 1369 3162 cum
1428 3108 1591 3176 paqu
1620 3118 1742 3177 post
1768 3108 1978 3161 initium
2018 3108 2147 3164 dicit
2187 3109 2437 3164 habitam
2472 3110 2750 3171 lmtttiliarn
2791 3110 2959 3164 fuisse
3009 3125 3131 3163 cum
3188 3107 3424 3160 nondum

156 3206 371 3274 triginta
401 3203 522 3258 dies
550 3200 889 3257 ellluxissent
920 3202 988 3255 ab
1014 3200 1217 3267 ingenti
1250 3198 1341 3252 illo
1372 3206 1534 3252 terrae
1566 3209 1735 3261 tnutn,
1768 3200 1860 3266 qui
1892 3208 2057 3251 totam
2095 3199 2283 3252 urbem
2316 3210 2671 3256 concusserat
2698 3219 2712 3255 :
2752 3202 2822 3254 ita
2851 3212 2907 3253 ut
2935 3200 3155 3268 plurimi
3195 3213 3261 3252 ex
3289 3211 3428 3262 opu-

159 3296 507 3360 lentioribus,
540 3296 698 3349 bonis
727 3294 1003 3356 omnibus,
1034 3291 1473 3361 possessionibus
1506 3301 1561 3343 et
1590 3292 1762 3358 patria
1797 3291 2021 3354 relictis,
2059 3302 2213 3346 extra
2248 3291 2481 3360 patriam
2513 3301 2566 3345 et
2601 3301 2752 3347 extra
2797 3291 2930 3351 lines
2973 3307 3083 3361 pra:
3136 3289 3426 3345 formidine

166 3388 499 3458 aufugerim,
529 3386 730 3457 aliique
764 3386 901 3441 bona
930 3386 1145 3443 illorum
1178 3383 1497 3440 invaserint.
1527 3381 1747 3438 Certum
1784 3393 1967 3438 autem
2005 3383 2216 3439 videtur
2262 3393 2419 3441 terra:
2454 3396 2656 3439 motum
2688 3385 2839 3439 illum
2871 3401 2933 3439 cx
2964 3400 3192 3439 numero
3236 3396 3422 3437 eomut

163 3482 348 3546 fuisse,
377 3497 518 3553 quos
537 3481 865 3538 Claudianus
894 3479 1357 3550 Constantinopoli
1390 3480 1653 3533 accidisse
1685 3491 1950 3535 memorat
1979 3477 2292 3551 (Claudian.
2321 3479 2412 3532 lib.
2441 3480 2477 3535 2
2510 3480 2565 3531 in
2603 3478 2943 3548 Eutropium,
2978 3494 3021 3532 υ.
3046 3476 3119 3530 24
3145 3477 3284 3547 sqq.)
3306 3485 3433 3528 ante

161 3573 507 3629 consulatum
547 3573 813 3642 Eutropii,
850 3587 995 3627 anno
1028 3572 1278 3629 videlicet
1327 3572 1459 3628 598.
1494 3571 1698 3628 Omnes
1750 3573 1948 3642 quippe
1984 3572 2233 3627 homilias
2270 3572 2401 3628 istas
2443 3572 2525 3627 vel
2574 3580 2700 3626 ante
2750 3570 3090 3625 consulatum
3154 3569 3430 3640 Eutropii,

162 3666 244 3718 vel
275 3667 395 3733 ipso
429 3667 676 3729 consule,
708 3666 804 3721 sed
826 3675 952 3721 ante
984 3664 1162 3735 fugam
1194 3666 1504 3734 caedemque
1534 3666 1695 3730 illius,
1727 3680 1845 3735 quae
1882 3680 2067 3723 mense
2098 3666 2335 3721 circiter
2368 3667 2610 3735 Augusto
2642 3665 2769 3719 anni
2798 3664 2904 3720 599
2933 3663 3154 3729 accidit,
3217 3664 3431 3722 habitas

168 3754 333 3809 fuisse
358 3766 573 3815 certum
607 3765 712 3811 est.

229 3849 630 3914 Tilletnontitts,
668 3850 756 3920 qui
792 3849 1048 3905 homilias
1080 3849 1246 3905 hasce
1280 3865 1385 3904 non
1418 3851 1647 3913 viderat,
1680 3860 1831 3919 ptttat
1858 3850 2141 3907 hontiliam
2181 3852 2325 3907 illam
2361 3853 2426 3907 de
2458 3862 2615 3905 terra:
2647 3862 2817 3917 motu,
2877 3866 3039 3920 quam
3072 3850 3431 3906 Combellsins

161 3941 553 4012 publicaverat,
607 3951 661 3996 et
722 3957 882 4011 quam
936 3956 1003 3997 ex
1070 3940 1335 3997 Vaticano
1366 3943 1555 3997 codice
1601 3944 1943 3998 emendatam
1984 3945 2230 3999 dedimus
2289 3954 2417 3996 tom.
2447 3944 2501 4007 2,
2537 3960 2589 4013 p.
2621 3943 2773 3996 717:
2848 3944 3152 4009 homiliam,
3180 3945 3427 4013 inquam,

165 4036 310 4088 illam
356 4035 599 4088 habitam
639 4033 805 4087 fuisse
832 4041 953 4104 post
988 4042 1145 4091 terrae
1177 4044 1405 4101 motum,
1444 4035 1537 4102 qui
1575 4051 1720 4088 anno
1755 4036 1883 4098 598,
1920 4047 2204 4105 postquam
2230 4036 2651 4105 Chrysostontus
2685 4034 2978 4104 episcopus
2998 4035 3283 4089 ordinatus
3309 4034 3426 4088 fue-

162 4140 258 4184 rat.
295 4128 518 4184 accidit.
570 4127 639 4180 At
660 4141 782 4183 cum
823 4126 908 4181 ille
947 4138 1104 4181 teme
1142 4137 1317 4180 motus
1351 4127 1569 4190 accidit,
1613 4126 2037 4198 Cltrysostotnus
2071 4131 2259 4183 morbo
2280 4128 2651 4190 detiucoatur,
2686 4140 2741 4180 ut
2774 4128 2887 4195 ipse
2925 4128 2975 4181 itt
3002 4127 3236 4183 homiliae
3278 4130 3432 4196 prin-

160 4222 303 4295 cipio
333 4221 501 4276 dicit:
538 4234 713 4290 neque
757 4221 962 4286 uspiam
1000 4220 1230 4287 legimus
1290 4221 1735 4292 librysostonutn
1801 4224 1977 4294 primo
2011 4224 2091 4279 vel
2126 4227 2369 4279 secundo
2404 4223 2749 4290 episcopatus
2784 4225 2865 4276 sui
2925 4237 3090 4288 anno,
3125 4224 3204 4277 vel
3240 4221 3430 4277 mut-hu

160 4314 238 4368 vel
269 4312 589 4366 infirmitate
619 4311 871 4381 quapiam
903 4320 1210 4379 correptum
1239 4311 1436 4378 fuisse;
1472 4329 1645 4383 neque
1675 4314 1724 4367 itt
1784 4316 1884 4371 hac
1948 4317 2120 4385 prima
2184 4315 2425 4381 humilia,
2481 4330 2602 4382 qute
2659 4324 2780 4382 post
2837 4325 2994 4369 terra:
3038 4326 3237 4367 motum
3280 4314 3429 4368 illum

160 4408 281 4460 anui
307 4406 415 4460 398
446 4404 630 4458 habita
663 4414 770 4467 est,
803 4405 868 4458 de
896 4404 1215 4458 inﬁrmitate
1245 4422 1341 4460 sua
1377 4407 1655 4476 quidpiam
1699 4407 1961 4477 loquitur.
2020 4411 2097 4463 Ad
2130 4410 2246 4464 htec
2275 4410 2501 4478 populus
2525 4410 2616 4478 qui
2644 4412 2769 4463 huic
2827 4412 3015 4478 prima:
3049 4410 3295 4467 conc-iuni
3328 4410 3423 4460 ati-

160 4497 255 4551 luit
290 4497 376 4549 vel
411 4496 605 4550 adesse
632 4495 838 4559 debuit,
866 4494 935 4549 ob
962 4495 1342 4565 negligentiam
1378 4505 1432 4550 et
1467 4498 1731 4566 ignaviam
1770 4502 2035 4553 acerrime
2079 4501 2347 4568 carpitur;
2382 4512 2571 4554 contra
2616 4517 2743 4556 vero
2775 4502 2825 4553 itt
2865 4503 2950 4554 illa
3010 4502 3111 4555 alia
3162 4503 3227 4556 de
3273 4510 3432 4555 terrm

158 4600 302 4641 ntqu
341 4588 563 4642 humilia
593 4585 819 4654 populus
848 4588 917 4641 ob
948 4588 1186 4640 studium
1222 4599 1275 4641 et
1312 4586 1580 4642 fervorem
1622 4592 1847 4645 summis
1889 4591 2134 4645 laudibus
2178 4591 2507 4657 celebratur,
2544 4607 2702 4667 quem
2736 4592 3135 4649 Atttiuchenutn
3170 4592 3426 4660 populum

155 4698 275 4736 esse
302 4690 458 4749 puto.
486 4680 768 4732 Antiochia
803 4681 971 4743 enim,
1002 4689 1059 4732 ιιι
1087 4680 1323 4734 diximus
1347 4690 1399 4733 et
1429 4682 1779 4749 probavimus
1812 4684 1862 4737 in
1898 4684 2099 4737 Muttito
2128 4685 2193 4739 ad
2236 4683 2523 4738 Homiliam
2553 4686 2617 4738 de
2645 4685 2854 4739 Lazaro
2889 4697 2943 4739 et
2971 4684 3039 4739 de
3065 4684 3247 4737 Terrae
3286 4694 3429 4735 motu

160 4786 289 4830 tum.
352 4774 394 4836 l,
422 4789 478 4843 p.
514 4771 638 4842 7‘72,
672 4771 1123 4841 frtqueutissitnis
1155 4783 1313 4827 teme
1348 4776 1584 4829 motibus
1628 4778 1954 4843 agitabatur.
1994 4777 2191 4833 Verum
2224 4780 2373 4833 addit
2407 4778 2809 4845 Tillemontius,
2844 4781 2894 4833 in
2934 4780 3152 4839 humilia
3198 4779 3284 4831 illa
3323 4778 3431 4831 fre-

160 4870 518 4937 quentissime
542 4867 607 4920 de
636 4866 835 4921 litauiis
872 4870 977 4937 agi,
1014 4883 1134 4936 quae
1162 4866 1365 4921 litauite
1402 4871 1467 4919 ab
1503 4869 1619 4939 ipso
1648 4870 2068 4940 Cbrysusmmo,
2095 4872 2256 4939 paulo
2282 4884 2569 4943 postquam
2596 4873 2884 4942 episcopus
2911 4872 3195 4929 ordinatus
3220 4872 3419 4931 fttcrn',

158 4963 397 5034 primum
431 4961 695 5014 institutte
719 4960 897 5015 fuere.
973 4963 1039 5014 At
1072 4962 1203 5014 nihil
1241 4962 1309 5015 de
1341 4962 1544 5015 litaniis
1586 4964 1695 5018 illic
1725 4966 1923 5033 agitur,
1958 4965 2049 5019 sed
2083 4968 2148 5019 de
2189 4978 2351 5023 cantu
2380 4968 2707 5037 psalmorum
2734 4978 2789 5021 et
2823 4968 3170 5038 hymnorum,
3211 4980 3346 5034 quos
3376 4966 3426 5017 itt

160 5070 403 5121 tempore
434 5053 805 5107 calamitatum
849 5055 1113 5108 canebant
1141 5052 1430 5107 Christiani
1468 5055 1534 5107 ad
1566 5058 1851 5110 ecclesiam
1885 5057 2180 5125 venientes,
2217 5060 2308 5115 diu
2353 5072 2644 5129 antequam
2695 5059 3113 5131 Cbrysusmmus
3142 5059 3429 5133 episcopus

157 5150 525 5203 ordinaretur.
565 5144 677 5201 Hac
722 5147 785 5199 de
813 5161 870 5199 re
892 5148 1001 5214 jam
1030 5156 1213 5201 actum
1248 5157 1330 5201 est
1367 5148 1419 5199 in
1452 5148 1571 5202 Vita
1608 5150 2001 5218 Chrysostomi.
2029 5150 2063 5193 ο

232 5265 294 5318 Il.
344 5263 601 5319 Secunda
631 5261 850 5316 homilia
900 5262 1268 5315 celebritatem
1303 5262 1459 5313 nobis
1496 5263 1821 5332 singularem
1862 5263 2084 5320 iudicat.
2161 5265 2297 5319 Cum
2355 5276 2652 5340 martyrum
2711 5265 2949 5334 reliquiae
3011 5265 3235 5319 solemni
3308 5266 3413 5317 ritu

164 5355 592 5409 transferrentur
618 5366 685 5405 ex
720 5350 908 5419 Magna
941 5352 1175 5404 Ecclesia
1208 5352 1272 5403 ad
1310 5353 1627 5421 martyrium
1666 5369 1760 5407 seu
1799 5355 2087 5409 ecclesiam
2126 5356 2186 5410 S.
2218 5357 2440 5411 Thomas
2466 5358 2690 5426 apostoli
2730 5368 2784 5411 et
2820 5359 3097 5427 martyris,
3132 5358 3180 5409 in
3219 5357 3412 5427 Drypia

164 5450 323 5501 sitam
356 5457 413 5501 et
449 5462 641 5502 novem
681 5446 1004 5501 tnilliarihus
1030 5462 1059 5499 a
1095 5446 1283 5518 Magna
1318 5447 1557 5501 Ecclesia
1596 5449 1907 5511 distantem,
1962 5452 2151 5520 ingens
2186 5455 2364 5522 populi
2399 5454 2701 5524 frequentia
2739 5452 2879 5520 fuit;
2943 5457 3047 5505 imo
3093 5452 3418 5517 Itnpcratrix

164 5543 272 5610 ipsa
309 5540 555 5595 Euduxia
592 5540 805 5594 Arcadii
847 5556 997 5601 uxor,
1036 5551 1192 5595 nocte
1228 5552 1277 5594 et
1306 5541 1393 5594 dte
1427 5557 1521 5608 per
1558 5553 1764 5595 trttttum
1801 5546 1898 5597 vim
1924 5547 2157 5614 spatium
2188 5564 2352 5618 prepe
2384 5549 2485 5604 SS.
2522 5564 2819 5620 martyrum
2876 5552 3086 5603 thecam
3138 5549 3302 5615 pedes
3338 5550 3419 5602 itt-

168 5637 344 5688 cessit.
428 5636 775 5699 Quapropter
805 5633 890 5685 ubi
926 5633 988 5684 ad
1023 5635 1338 5701 martyrium
1377 5644 1696 5703 perventum
1728 5647 1832 5700 est,
1866 5637 2294 5707 Chrysustouttts
2324 5643 2639 5698 concionem
2679 5644 2884 5709 habuit,
2923 5643 3009 5695 ttlti
3045 5642 3414 5695 celebritatem

177 5728 313 5781 illam
348 5728 666 5783 descripsit.
699 5736 749 5780 ct
786 5727 1181 5796 lttq‘tttt'atriecm
1212 5731 1435 5785 summis
1468 5729 1716 5785 laudibus
1750 5733 1961 5786 cxtttltt.
2306 5736 2307 5739 “
2785 5744 2791 5749 '
