4036 6410
609 276 709 329 -ὶῖοἺ
2064 276 2404 332 ΜΟΝΙἹἪΜ.
3766 271 3871 327 455

690 385 776 441 lll.
816 386 1135 458 lnseqnente
1164 388 1249 444 die
1283 388 1577 459 Imperator
1609 391 1674 440 ad
1722 390 1859 443 idem
1895 391 2214 461 martyrium
2272 406 2365 445 seu
2401 390 2684 445 ecclesiam
2748 392 2894 446 venit
2940 407 3062 447 cum
3122 392 3377 448 satellitio
3434 400 3486 445 et
3528 396 3867 443 armatorum

617 489 803 543 manu,
836 488 999 549 atque
1027 480 1274 551 deposito
1304 480 1627 545 diademate,
1682 482 1937 552 reliquias
1971 482 2155 537 debito
2184 482 2329 537 cultu
2380 491 2700 552 prosecutus
2758 494 2841 537 est
2877 502 2891 540 :
2930 486 3003 539 illi
3035 500 3252 556 quoque
3282 483 3474 556 positis
3501 483 3670 536 armis
3717 479 3871 548 paria

618 568 1022 637 praestiterunt:
1072 582 1135 624 ac
1161 586 1266 625 non
1300 581 1613 642 exspectata
1647 572 1934 637 concione,
1968 574 2267 644 Imperator
2300 590 2421 629 cum
2449 574 2561 628 suis
2591 576 2837 630 recessit.
2894 576 3157 646 Tuncque
3204 578 3557 631 concinnatus
3624 572 3874 641 Chryso-

617 671 830 715 stomus
856 669 959 725 est,
987 661 1339 733 pluribusque
1370 666 1618 734 probavit
1646 675 1763 735 post
1789 667 1917 721 Adae
1951 678 2230 735 peccatum
2258 668 2502 723 homines
2540 666 2605 722 ad
2644 668 3086 724 excellentiorem
3124 679 3327 724 statum
3360 678 3616 724 venturos
3638 679 3786 727 esse,
3824 663 3870 717 si

619 760 769 805 recte
800 753 963 806 vitam
991 754 1797 821 instituant;resurrectionem
1847 767 2025 813 tamen
2077 758 2311 812 futuram
2362 758 2593 813 obscure
2636 761 2835 830 priscis
2884 760 2990 814 illis
3054 762 3392 828 temporibus
3451 759 3873 830 praenuntiatum

619 843 785 899 fuisse
817 846 965 901 dicit.

691 959 777 1015 IV.
810 959 1012 1027 Quarta
1044 965 1262 1021 homilia
1306 968 1356 1021 in
1390 968 1585 1037 templo
1614 967 1671 1021 S.
1710 968 2015 1023 Anastasis:
2046 969 2229 1023 habita
2271 968 2404 1025 fuit:
2441 971 2595 1041 pauci
2652 970 2801 1025 fuere
2837 969 3146 1033 auditores;
3181 976 3475 1037 tamenque
3529 965 3875 1035 Chrysosto-

619 1063 736 1103 mus
767 1051 834 1105 de
862 1051 980 1108 ,Ιοὺί
1014 1057 1273 1125 patientia
1302 1068 1356 1112 et
1385 1059 1583 1114 virtute
1612 1059 1823 1131 longam
1855 1070 1909 1115 et
1939 1060 2237 1132 elegantem
2272 1063 2459 1119 habuit
2481 1064 2787 1119 orationem
2821 1061 2922 1133 (η).

689 1159 751 1215 V.
806 1162 1035 1221 llomilia
1080 1168 1264 1235 quinta
1308 1170 1359 1223 in
1404 1169 1601 1238 templo
1632 1168 1690 1223 S.
1728 1170 1912 1225 [rencs
1948 1169 2131 1225 habita
2171 1179 2275 1225 est.
2338 1170 2396 1227 In
2436 1186 2499 1227 ea
2547 1172 2969 1242 Chrysostomus
3004 1172 3071 1225 tle
3107 1169 3430 1226 absentibus
3488 1171 3873 1238 conqueritur,

617 1267 670 1310 et
696 1260 1051 1324 praesentibus
1086 1261 1431 1330 gratulatur;
1454 1262 1519 1316 de
1550 1262 1883 1331 psalmorum
1915 1272 2077 1318 cantu
2116 1264 2249 1334 agit,
2307 1266 2607 1335 probatque
2642 1264 2962 1319 muliebrem
2998 1276 3188 1318 sexum
3247 1262 3698 1333 impedimentum
3762 1275 3873 1316 non

619 1362 742 1403 esse
768 1348 834 1403 ad
863 1350 1076 1405 virtutis
1106 1353 1448 1407 exercitium.

696 1466 776 1523 Vl.
809 1467 1040 1525 Homilia
1070 1480 1221 1527 sexta
1253 1472 1434 1526 habita
1465 1484 1547 1528 est
1574 1474 1625 1527 in
1662 1472 1893 1528 ecclesia
1925 1473 2248 1528 Sanctorum
2284 1474 2665 1545 Apostolorum
2698 1476 2751 1530 in
2788 1476 2875 1530 die
2904 1474 3195 1529 Theodosii
3242 1470 3616 1543 Imperatoris,
3680 1478 3879 1523 contra

616 1571 713 1613 eos
739 1560 831 1629 qui
862 1574 923 1616 se
953 1560 1221 1618 Catbaros
1245 1565 1359 1620 sive
1389 1562 1561 1620 Puros
1593 1564 1878 1621 vocabant.
1917 1564 2362 1638 Cbrysostomus,
2392 1578 2676 1639 postquam
2712 1570 2818 1624 duo
2866 1567 2955 1621 alii
2994 1567 3232 1637 episcopi
3268 1564 3579 1621 concionati
3636 1562 3883 1624 fuerant,

617 1649 760 1705 hanc
789 1650 928 1706 dixit
958 1653 1256 1709 homiliam.

688 1740 875 1800 Primo
901 1743 1092 1802 ambos
1132 1747 1417 1818 episcopos
1450 1747 1652 1814 laudat,
1694 1763 1926 1818 quorum
1959 1748 2096 1807 alter
2136 1750 2342 1819 iunior,
2406 1752 2603 1822 inquit,
2659 1754 2809 1807 senis
2840 1752 3190 1821 gravitatem,
3248 1751 3384 1805 alter
3416 1765 3605 1814 senex,
3636 1746 3885 1818 juttioris

618 1836 856 1904 vigorem
887 1852 999 1908 pra:
1023 1852 1083 1892 se
1121 1839 1349 1894 ferebat.
1382 1839 1587 1895 Deinde
1616 1840 1983 1898 Theodosium
2017 1841 2269 1912 Magnum
2306 1844 2551 1899 laudibus
2583 1841 2761 1908 θαλίη,
2796 1843 2951 1911 cujus
2983 1843 3101 1897 dies
3141 1851 3270 1896 tunc
3305 1843 3719 1909 celebrabatur;
3763 1840 3887 1895 dies

620 1946 813 2000 nempe
840 1938 899 1985 ut
927 1931 1219 1987 verisimile
1242 1942 1325 1988 est
1353 1936 1546 1988 mortis
1574 1933 1711 1999 eius,
1746 1936 1835 2004 qui
1870 1934 2120 1990 Januarii
2156 1935 2369 1989 decimo
2398 1937 2631 2006 septimo
2676 1936 2763 1991 die
2796 1936 3046 2004 contigit.
3107 1934 3260 1991 Unde
3288 1935 3537 2004 arguitur
3602 1938 3743 1989 hanc
3777 1932 3885 1987 lto-

620 2021 822 2078 miltam
853 2038 1041 2080 mense
1078 2022 1340 2080 Januario
1377 2025 1503 2079 anni
1537 2026 1643 2081 599
1673 2027 1872 2082 dictam
1906 2028 2093 2084 fuisse.
2151 2028 2486 2084 Theodosius
2520 2038 2699 2083 autem
2737 2043 2881 2082 anno
2934 2027 3041 2083 595
3074 2028 3308 2083 obierat.
3363 2027 3519 2082 Hunc
3572 2030 3883 2097 imperato-

621 2131 735 2171 rem
763 2114 1003 2171 celebrat
1033 2115 1125 2172 ille
1153 2133 1181 2170 a
1214 2117 1412 2186 pietate
1441 2127 1495 2171 et
1522 2132 1549 2171 a
1590 2118 1850 2185 victoriis,
1890 2134 2027 2189 quas
2053 2120 2358 2190 opitulante
2394 2119 2505 2174 Deo
2549 2119 2734 2173 retulit
2787 2120 2853 2173 de
2898 2118 3146 2189 tyrannis
3190 2116 3429 2172 Maximo
3483 2125 3537 2172 et
3596 2118 3872 2187 Eugenio.

619 2210 762 2280 ραις
791 2212 879 2265 ille
906 2210 1185 2275 victorias,
1218 2212 1385 2268 tacito
1420 2220 1772 2283 tyrannorum
1804 2214 2047 2278 nomine,
2080 2214 2152 2268 ita
2190 2212 2381 2280 refert,
2416 2223 2475 2268 ut
2507 2214 2573 2268 ah
2602 2213 2723 2268 aliis
2750 2213 2994 2267 historia:
3034 2210 3398 2281 scriptoribus
3422 2220 3743 2267 narrantur.

691 2303 921 2359 llomilia
957 2318 1085 2358 vero
1111 2304 1260 2360 istaec
1298 2304 1353 2358 in
1384 2306 1562 2360 medio
1592 2321 1784 2376 magna
1816 2306 1901 2360 sui
1936 2313 2089 2376 parte
2135 2308 2322 2361 mutila
2348 2316 2452 2370 est,
2484 2307 2553 2359 ita
2594 2316 2651 2360 ut
2698 2305 3105 2374 quamplurima
3137 2318 3325 2359 eorum
3373 2317 3494 2372 qua:
3543 2313 3732 2356 contra
3773 2302 3885 2358 Ca-

622 2397 808 2452 tbaros
833 2412 924 2452 seu
955 2395 1286 2452 Horatianos
1308 2398 1646 2463 dicebautur,
1690 2399 2065 2454 intercidet-int
2091 2414 2155 2454 ae
2187 2398 2473 2469 perierint.
2532 2396 2817 2452 Novatiani
2852 2408 3031 2451 autem
3074 2408 3199 2450 tunc
3234 2394 3710 2463 Constantinopoli
3758 2410 3882 2449 m2-

618 2505 727 2555 gno
752 2503 976 2545 numero
1001 2498 1178 2555 erant,
1214 2490 1519 2559 episcopum
1551 2504 1661 2545 suae
1696 2498 1857 2546 secta:
1890 2490 2215 2561 peculiarem
2253 2489 2555 2551 habebant,
2592 2503 2657 2542 ac
2683 2501 2805 2541 sese
2833 2485 3129 2557 καθαρούς,
3153 2500 3247 2540 seu
3279 2501 3463 2553 puros,
3508 2485 3883 2555 appellabant,

620 2600 723 2653 qua
764 2585 831 2640 de
853 2598 1013 2639 causa
1050 2583 1171 2639 illos
1198 2582 1463 2638 acerrime
1497 2581 1815 2652 perstringit
1844 2583 2285 2655 Chrysostotuus,
2323 2582 2453 2636 utin
2478 2580 2711 2635 homilia
2740 2578 2845 2635 fine
2873 2580 3077 2633 videas.

689 2674 817 2731 Post
848 2675 994 2730 illam
1026 2682 1231 2729 contra
1256 2674 1522 2728 Catbaros
1567 2673 1868 2739 homiliam,
1912 2674 1966 2728 in
1997 2673 2194 2729 Codice
2222 2670 2484 2727 Vaticano
2511 2670 2756 2741 sequitur
2787 2670 3007 2724 homilia
3039 2668 3192 2738 cujus
3218 2668 3426 2735 titulus,
3465 2668 3728 2724 Adversus
3775 2688 3871 2727 eos

617 2769 704 2835 qui
733 2768 803 2821 ad
825 2768 1158 2838 hippodromi
1187 2776 1236 2820 et
1264 2767 1589 2821 theatrorum
1624 2766 1925 2836 spectacula
1954 2783 2008 2820 se
2032 2766 2329 2835 conferunt.
2364 2765 2527 2835 Cujus
2556 2764 2770 2818 initium
2802 2773 2903 2827 est,
2936 2760 3178 2816 lla'cct'ne
3198 2762 3452 2832 ferentia?
3481 2763 3713 2814 Izwccine
3747 2764 3882 2817 tole-

619 2863 787 2916 randa
812 2862 838 2916 .’
864 2861 1003 2917 vobis
1025 2861 1164 2914 enim
1198 2861 1325 2929 ipsis
1377 2860 1643 2927 iudicibus
1669 2871 1856 2914 contra
1887 2876 1974 2915 vos
2003 2861 2080 2914 uti
2107 2860 2246 2914 voto.
2305 2858 2478 2928 Quam
2518 2858 2786 2915 edidimus
2834 2867 2967 2913 tom.
3007 2856 3094 2923 Vl,
3143 2871 3199 2925 p.
3243 2855 3373 2922 272,
3428 2872 3494 2913 ex
3538 2858 3886 2917 Coislinianu

618 2956 820 3009 tiodice
856 2952 1232 3023 desumptam:
1266 2951 1493 3021 ideoque
1527 2952 1671 3005 illam
1710 2952 1798 3008 hic
1843 2952 2341 3022 praetermittimus.

696 3045 894 3100 Verum
925 3046 1052 3115 quia
1090 3043 1403 3099 inbomiliaa
1439 3059 1595 3098 nona:
1627 3046 1911 3113 sequentis
1946 3045 2127 3107 titulo,
2166 3053 2222 3098 et
2254 3044 2304 3097 in
2340 3045 2450 3111 ipsa
2485 3041 2704 3097 homilia
2740 3057 2902 3105 nona,
2935 3040 3104 3093 multa
3142 3041 3412 3095 habentur
3444 3059 3565 3111 qua:
3598 3044 3665 3097 ad
3712 3046 3879 3100 istam

618 3140 897 3195 bomih’am
930 3138 1261 3203 referuntur,
1296 3139 1383 3192 hic
1418 3138 1726 3193 necessario
1771 3140 2017 3209 quasdam
2060 3139 2125 3194 de
2165 3137 2323 3207 hujus
2366 3137 2600 3191 homilia:
2636 3135 2924 3191 occasione
2960 3135 3134 3202 deque
3181 3134 3302 3189 aliis
3344 3136 3700 3205 quisbusdam
3742 3140 3885 3195 refe-

618 3235 808 3288 renda.

692 3326 849 3379 Anno
880 3324 1010 3391 399,
1048 3333 1331 3397 postquam
1366 3340 1531 3379 unum
1558 3324 1667 3394 jam
1703 3341 1907 3379 annum
1937 3327 1988 3379 in
2015 3327 2327 3395 episcopatu
2358 3339 2611 3380 emensus
2643 3333 2764 3378 erat
2813 3322 3265 3395 Chrysostomns,
3316 3324 3604 3378 ordinatus
3666 3340 3872 3393 nempe

616 3432 757 3471 anno
790 3415 917 3483 398,
951 3418 1021 3474 26
1053 3416 1535 3479 Februarii;feria
1588 3431 1778 3485 quarta
1832 3418 2184 3472 hebdomadte
2232 3426 2603 3486 sanctae,qua:
2660 3416 2793 3471 feria
2855 3432 2999 3471 anno
3054 3416 3164 3471 399
3227 3416 3501 3471 incidebat
3550 3416 3602 3469 in
3661 3428 3885 3470 sextam

614 3511 839 3579 Aprilis,
871 3520 979 3566 tam
1010 3513 1200 3582 ingens
1221 3510 1397 3580 pluvia
1430 3510 1652 3576 decidit,
1678 3520 1735 3563 ιιι
1769 3522 1943 3564 metus
1978 3519 2125 3564 esset
2165 3524 2231 3565 ne
2273 3509 2388 3578 agri
2423 3510 2855 3573 devastarentur,
2894 3523 3209 3577 messesque
3253 3522 3443 3563 omnes
3496 3508 3547 3561 in
3576 3510 3887 3577 perniciem

619 3614 863 3659 tuerent.
921 3604 1058 3659 llinc
1087 3618 1297 3672 preces,
1326 3602 1747 3671 supplicationes
1769 3612 1823 3657 et
1850 3602 2142 3667 λιτανεῖαι,
2173 3617 2267 3656 seu
2319 3602 2715 3671 processiones.
2772 3602 3028 3669 episcopo
3050 3600 3189 3655 duce
3239 3609 3290 3655 et
3345 3609 3457 3655 toto
3504 3614 3889 3655 concurrente

618 3702 813 3769 pupulo
840 3700 905 3754 ad
936 3700 1221 3755 ecclesi’am
1257 3700 1658 3769 Apostolorum.
1715 3698 1843 3755 Post
1883 3701 2021 3766 haec,
2056 3700 2229 3754 imbre
2260 3708 2527 3762 cessante,
2572 3700 2809 3752 necdum
2836 3698 3049 3752 sublata
3088 3698 3396 3761 formidine,
3447 3698 3672 3766 trajecto
3730 3701 3885 3753 navi-

617 3796 719 3847 bus
760 3794 1021 3861 Bosporo,
1050 3793 1117 3846 ad
1146 3792 1430 3848 ecclesiam
1462 3792 1559 3848 SS.
1595 3792 1740 3847 Petri
1764 3804 1818 3848 et
1839 3792 2014 3855 Pauli,
2042 3795 2092 3847 in
2125 3794 2369 3861 opposita
2413 3793 2579 3845 maris
2610 3806 2702 3845 ora
2734 3793 2917 3859 sitam,
2942 3808 3066 3846 cum
3105 3792 3361 3861 episcopo
3412 3802 3554 3846 totus
3582 3799 3761 3846 cattus
3796 3808 3893 3847 ae—

616 3890 809 3945 currit.
863 3890 975 3945 lloe
1032 3889 1297 3959 perfuncti
1331 3889 1569 3959 periculo
1608 3889 2184 3959 Constantinopolitani
2239 3888 2501 3957 plerique,
2539 3904 2642 3941 una
2699 3897 2903 3940 tantum
2958 3888 3272 3955 interposita
3329 3886 3435 3948 die,
3492 3900 3685 3954 nempe
3749 3885 3890 3940 feria

616 3983 802 4051 quinta
841 3982 892 4037 itt
919 3983 1082 4038 Cmtta
1110 3983 1342 4048 Domini,
1375 3998 1498 4036 cum
1532 3982 1583 4035 in
1612 3981 1913 4035 Parasceve
1942 3981 2049 4035 lttdi
2084 3988 2373 4049 equestres
2403 3980 2763 4049 agitarentur,
2795 3978 2926 4032 nihil
2975 3990 3231 4033 curantes
3266 3980 3408 4031 diem
3469 3977 3613 4031 illam
3667 3994 3891 4032 sacram

618 4074 683 4128 ad
714 4075 816 4129 hoc
844 4074 1210 4143 spectaculum
1244 4084 1622 4137 occurrerunt,
1652 4075 1867 4127 interim
1907 4074 2299 4143 iugemiscente
2338 4074 2590 4141 domique
2614 4075 2838 4125 sedente
2860 4071 3291 4141 Cllrysostomo;
3333 4071 3564 4125 imordie
3591 4084 3889 4139 sequente,

620 4181 814 4235 nempe
841 4166 1078 4222 Sabbato
1110 4176 1319 4231 sancto,
1354 4168 1419 4219 ad
1450 4167 1742 4220 theatrales
1771 4166 1921 4220 ludos
1953 4182 2011 4219 se
2041 4164 2408 4227 contulerunt,
2444 4166 2531 4218 ubi
2564 4164 2870 4218 meretricia
2905 4174 3060 4217 erant
3102 4162 3435 4233 spectacula,
3472 4178 3593 4232 qua:
3626 4164 3887 4232 singula—

620 4262 715 4314 tim
745 4273 799 4316 et
827 4264 1041 4331 egregie
1082 4262 1322 4331 depingit
1346 4261 1771 4332 Chrysostuunts
1795 4263 1844 4314 in
1874 4265 1975 4315 ista
2006 4262 2288 4325 concione,
2323 4262 2411 4315 ubi
2436 4262 2485 4313 in
2512 4259 2956 4330 praevaricatores
2985 4256 3289 4324 hujustnodi
3326 4255 3647 4325 gravissime
3671 4254 3895 4308 invehi-

620 4365 729 4418 tur,
763 4356 1089 4425 domumque
1124 4357 1175 4410 itt
1208 4357 1328 4409 illos
1357 4356 1919 4409 excommunicationi:
1952 4357 2278 4410 sententiam
2315 4355 2655 4425 pronuntiat,
2688 4353 2783 4407 sed
2829 4350 3217 4407 comminando
3251 4360 3484 4415 tantum,
3526 4360 3585 4401 ut
3628 4357 3787 4418 puto,
3836 4360 3895 4402 et

620 4455 677 4498 ut
701 4446 897 4501 ibidem
930 4448 1173 4516 pluribus
1210 4450 1342 4502 dixi.

688 4558 845 4615 Circa
877 4562 1015 4616 diem
1044 4578 1147 4630 qua
1178 4564 1289 4617 haec
1318 4566 1505 4619 concio
1536 4566 1674 4618 dicta
1711 4564 1830 4630 fuit,
1865 4564 2065 4632 aliquid
2105 4564 2438 4619 difficultatis
2475 4565 2604 4617 mihi
2632 4564 2813 4618 offerri
2842 4562 3144 4616 videbatur.
3211 4560 3353 4613 Dixit
3409 4558 3496 4613 ille
3531 4559 3581 4612 in
3620 4558 3897 4612 concione

618 4664 740 4707 ante
771 4662 871 4706 tres
903 4654 1013 4707 dies
1048 4654 1213 4708 imber
1240 4657 1439 4725 ingens.
1506 4656 1681 4713 ltnber
1711 4669 1891 4713 autem
1923 4639 2012 4713 iile
2039 4656 2174 4710 feria
2206 4666 2394 4725 quarta
2432 4657 2651 4726 majoris
2680 4655 3030 4710 hebdomadas
3064 4655 3294 4719 decidit;
3334 4653 3465 4707 feria
3500 4652 3690 4721 quinta
3736 4651 3876 4704 nihil

618 4757 953 4801 memoratur
982 4750 1268 4817 incidisse;
1305 4750 1437 4803 ferio
1468 4762 1618 4803 sexta
1657 4750 1709 4802 itt
1743 4750 2037 4804 Parasceve
2066 4750 2128 4801 ad
2157 4748 2309 4801 ludos
2343 4747 2616 4802 circenses
2659 4749 2791 4801 itutn
2824 4758 2930 4813 est,
2966 4746 3205 4802 Sabbalo
3237 4751 3301 4799 ad
3336 4744 3622 4799 theatralia
3660 4753 3894 4813 specta-

621 4838 777 4906 cula;
804 4839 874 4893 ita
908 4852 965 4895 ut
1006 4841 1223 4895 homilia
1262 4843 1409 4897 ἰδίως
1446 4841 1586 4893 dicta
1622 4838 1790 4893 fuisse
1819 4840 2042 4893 omnino
2072 4840 2319 4893 videatur
2354 4838 2632 4893 Dominica
2684 4838 3124 4895 liesnrrcctionis
3166 4837 3410 4891 Domini.
3448 4834 3642 4889 Verum
3673 4836 3915 4905 aliquid

622 4940 749 4984 tunc
778 4933 925 4985 dubii
958 4948 1042 4985 nte
1088 4933 1411 4994 incessebat,
1466 4947 1582 4991 cur,
1614 4931 1659 4984 si
1687 4930 1802 4985 dies
1829 4929 2111 4983 Paschatis
2143 4939 2303 4995 esset,
2339 4946 2406 4985 ue
2440 4932 2660 4984 verbum
2722 4929 2935 4999 quidem
2987 4933 3051 4983 de
3110 4930 3375 4983 Pascbate
3431 4927 3612 4981 faciat.
3679 4926 3892 4983 Verum

618 5023 733 5091 jam
764 5022 906 5076 nulla
946 5023 1239 5078 difficultas
1273 5034 1540 5093 superest,
1584 5038 1706 5077 cum
1744 5023 1797 5075 in
1829 5023 2239 5077 titulobomiliae
2270 5038 2426 5077 noua:
2476 5024 2774 5091 sequentis,
2808 5033 2861 5076 et
2891 5024 2942 5076 itt
3005 5022 3227 5076 homilia
3293 5022 3406 5090 ipsa
3459 5021 3674 5074 dicatur
3739 5022 3892 5075 diem

624 5116 774 5170 illum
805 5115 858 5168 in
891 5130 998 5185 quo
1039 5127 1150 5168 tam
1184 5118 1425 5186 graviter
1450 5116 1568 5171 illos
1594 5116 1923 5169 circensium
1951 5122 2009 5168 es
2036 5113 2381 5167 theatralium
2413 5114 2661 5168 ludorum
2692 5124 3030 5179 Spectatores
3075 5114 3377 5166 insectatus
3403 5120 3506 5176 est,
3539 5111 3888 5165 Dominicam

622 5207 815 5273 fuisse,
849 5217 1012 5277 atque
1042 5208 1175 5261 adeo
1198 5209 1339 5262 diem
1368 5207 1806 5263 Resurrectionis
1828 5206 2035 5259 Domini
2062 5224 2075 5261 :
2106 5221 2267 5274 quam
2298 5207 2419 5259 ideo
2441 5222 2543 5259 non
2570 5205 3013 5258 commemoravit
3039 5202 3488 5273 Chrysostomus,
3514 5203 3655 5272 quod
3688 5216 3890 5259 contra

626 5312 964 5375 spectatores
994 5304 1111 5359 illos
1137 5306 1372 5373 graviter
1399 5320 1696 5360 succensus
1722 5314 1887 5370 esset,
1916 5304 2171 5373 illamque
2200 5319 2311 5357 rem
2346 5304 2501 5358 unice
2528 5304 2791 5373 cogitaret
2824 5301 2920 5369 (ὁ).

626 5574 648 5621 Γ
690 5511 758 5569 (ιι)
794 5510 987 5569 Mcntf.,
1020 5510 1187 5558 nescio
1220 5509 1397 5570 quibus
1422 5512 1665 5559 rationum
1692 5508 1959 5560 momentis
1981 5512 2178 5564 ductus.
2205 5510 2329 5557 hanc
2357 5506 2608 5555 bomiiiam
2642 5512 2752 5569 post
2774 5504 3125 5567 Septembrem
3164 5518 3385 5553 mcnmm
3414 5502 3527 5552 anni
3553 5504 3646 5551 I398
3674 5506 3897 5556 habitam

648 5576 776 5620 uisse
803 5576 1094 5621 susotcatur.

648 5576 776 5620 uisse
803 5576 1094 5633 suspicatur.

629 5720 663 5768 r
690 5658 763 5765 εὑ)Ι
784 5658 1075 5718 Mattltzeius,
1102 5662 1184 5721 qui
1216 5660 1374 5709 locum
1405 5658 1619 5711 homilite
1642 5664 1789 5712 aliter
1824 5662 2081 5723 intelligit,
2112 5662 2372 5710 contendit
2403 5658 2652 5709 homiliam
2677 5663 2843 5709 contra
2882 5656 3073 5701 lh";t!ra
3105 5654 3321 5702 habitam
3352 5653 3498 5701 fuisse
3530 5652 3747 5701 Subitam
3779 5664 3895 5705 amo

669 5734 745 5766 ἰὴν
771 5735 827 5765 tu.

669 5734 827 5766 ‘dm‘lla.
