4036 6410
173 234 272 284 453
1644 233 1767 285 MU?

1870 234 1987 283 un.
3357 221 3464 265 "‘0

238 344 345 400 ΠΙ.
387 344 618 401 llomilia
650 347 880 417 septima
909 349 962 402 in
994 347 1226 403 ecclesia
1260 346 1479 402 Sanctae
1511 346 1817 418 Anastasize
1844 345 2029 399 habita
2063 340 2201 415 fuit,
2236 341 2324 396 ubi
2357 341 2770 403 modicnserat,
2804 337 2981 404 inquit
3010 334 3120 399 ille,
3152 332 3461 386 auditorum

168 451 450 501 numerus,
486 452 667 507 neque
699 450 883 494 tamen
926 439 1047 494 ideo
1074 438 1453 507 conqueritur,
1514 438 1607 493 sed
1634 436 1944 506 exemplum
1976 434 2341 489 Samaritana:
2371 431 2568 487 affert:
2621 446 2784 500 quam
2836 429 2966 483 Icet
3005 440 3173 481 unam
3223 432 3462 487 tacitum,

164 531 288 600 quia
326 539 508 584 tamen
542 531 797 585 audiendi
832 532 1015 585 studio
1040 531 1311 598 fervebat,
1356 531 1517 600 longo
1553 541 1795 599 tempore
1821 527 2135 599 alloquntus
2164 536 2247 582 est
2270 526 2547 583 Christus.
2597 524 2800 580 Deinde
2827 536 2956 576 vero
2994 519 3241 592 pluribus
3283 513 3463 586 expli-

166 630 250 675 cat
274 622 407 691 quid
437 622 538 677 sibi
580 622 711 676 velit
740 621 961 687 Paulus,
994 639 1120 678 cum
1153 624 1253 690 ait,
1294 622 1375 677 De
1407 621 1816 691 conﬁrmatione
1840 620 2139 688 Evangelii,
2172 627 2228 674 et
2260 621 2311 672 in
2344 619 2432 674 his
2461 619 2772 673 orationem
2805 614 3031 671 claudit.
3348 658 3349 661 η

234 709 389 765 Dicta
424 711 600 767 fuisse
631 713 850 768 videtur
878 713 993 769 haec
1027 712 1252 768 humilia
1287 714 1342 768 in
1376 712 1718 769 hebdomada
1757 711 2079 766 Paschatis:
2111 726 2239 766 nam
2292 711 2385 780 qui
2420 709 2680 765 homilias
2726 708 2890 764 hasce
2924 705 2979 761 iu
3034 707 3157 775 ipso
3221 708 3474 768 tempore

165 802 480 872 colligebat,
523 814 581 859 ut
612 805 886 861 extitulis
913 806 1245 862 concionem
1278 805 1734 876 deprehenditur,
1764 804 1857 859 illo
1883 820 1995 873 quo
2025 805 2353 860 dicebantur
2376 803 2569 858 ordine
2604 816 2701 857 eas
2731 798 3045 867 descripsit.

234 893 375 949 Vill.
414 894 653 950 Humilia
699 908 892 953 oetava
945 912 1062 952 rem
1112 912 1343 968 prorsus
1390 896 1670 953 insolitam
1708 896 1864 952 nobis
1893 897 2120 951 exhibet
2170 903 2337 961 atque
2374 894 2701 948 inauditam.
2756 889 2912 945 Tune
2953 887 3286 946 Gotthorum
3341 904 3471 958 pars

166 989 431 1054 maxima,
468 991 563 1059 qui
591 990 685 1045 vel
700 987 1176 1060 Constantinopoli
1198 989 1291 1045 vel'
1305 988 1513 1045 circum
1548 996 1725 1045 erant.
1755 984 2125 1039 Ariauismnm
2158 984 2535 1037 sectabantur.
2570 978 2743 1034 Erant
2796 992 2975 1035 tamen
3006 978 3285 1035 Catholici
3333 995 3473 1049 gen-

165 1084 231 1137 tis
261 1080 513 1149 ejusdem
544 1096 649 1136 non
678 1081 857 1151 pauci.
920 1079 1056 1135 Cum
1098 1090 1281 1137 autem
1323 1080 1378 1135 in
1434 1079 1724 1135 ecclesiam
1762 1075 1954 1131 Sancti
2001 1074 2158 1130 Pauli
2191 1073 2606 1135 convenissent,
2653 1071 2824 1141 jussit
2872 1071 3302 1140 Chrysostomus
3329 1068 3470 1125 Got-

166 1178 284 1230 thos
312 1174 523 1244 aliquot
553 1175 671 1231 loca
699 1156 1401 1247 quasdamScripturarum,
1435 1189 1560 1246 quae
1594 1174 1647 1228 in
1670 1171 1983 1229 Golthicam
2019 1171 2260 1239 linguam
2296 1182 2582 1223 conversa:
2613 1168 2851 1229 fuerant,
2883 1164 3142 1221 Gotthice
3173 1165 3379 1236 legere,
3414 1175 3472 1221 et

163 1277 350 1334 postea
376 1267 639 1328 Gotthum
665 1271 1046 1339 presbyterum
1078 1268 1339 1325 Gotthice
1373 1260 1714 1324 concionari.
1748 1265 1859 1321 Cur
1886 1274 2069 1319 autem
2102 1264 2173 1317 ita
2195 1262 2426 1330 jusserit
2459 1261 2595 1317 satis
2620 1259 2871 1316 declarat
2915 1262 2968 1314 in
2999 1259 3268 1315 concione
3295 1274 3463 1329 qnam

167 1359 281 1427 ipse
304 1358 659 1414 continenter
681 1368 804 1428 post
831 1359 1092 1415 Gotthum
1126 1359 1510 1432 presbyterum
1545 1359 1739 1413 eadem
1770 1358 1825 1411 in
1869 1355 2103 1412 ecclesia
2133 1353 2363 1420 habuit;
2423 1364 2484 1407 ut
2522 1352 2779 1409 videlicet
2837 1351 3062 1408 Graecus
3114 1350 3475 1423 philosophos

166 1462 470 1519 eorumque
499 1450 786 1521 religionis
810 1464 1096 1520 sequaces,
1136 1459 1190 1505 et
1220 1447 1437 1505 Iudaeos
1472 1461 1693 1517 quoque
1722 1444 1931 1516 pudore
1957 1444 2333 1502 suﬂ'onderet:
2367 1442 2511 1513 quod
2539 1443 2666 1498 dum
2703 1442 2778 1497 illi
2813 1443 3063 1497 veritatis
3126 1441 3305 1497 lucem
3364 1458 3469 1497 re-

168 1547 450 1607 spuerent,
492 1540 739 1595 barbarie
767 1555 864 1610 per
909 1548 1080 1595 totum
1116 1541 1306 1595 urbem
1353 1538 1605 1595 nationes
1664 1536 1780 1593 sole
1827 1535 2176 1607 folgidiorem
2216 1534 2497 1605 Evangelii
2553 1533 2733 1588 lucem
2781 1533 3267 1602 amplecterentur.
3304 1534 3470 1590 Addit

167 1627 328 1681 etiam
358 1643 513 1693 eum,
544 1630 635 1700 qui
668 1630 719 1685 in
755 1627 935 1685 Veteri
973 1629 1326 1687 Testamento
1348 1630 1563 1701 primus
1597 1640 1831 1686 vocatus
1856 1629 1978 1696 fuit,
2006 1645 2204 1700 nempe
2228 1629 2633 1695 Abrahamum,
2666 1628 2964 1684 barbarum
2989 1622 3169 1685 tuisse
3197 1630 3250 1684 in
3286 1632 3467 1684 medio

168 1716 526 1774 barbarorum
566 1730 903 1789 versantem;
956 1721 1221 1777 barbaros
1243 1736 1463 1793 quoque
1496 1722 1667 1779 fuisse
1710 1722 1842 1777 illos
1865 1725 1959 1794 qui
2010 1721 2220 1779 Christi
2252 1732 2436 1781 ortum
2506 1723 2669 1793 primi
2724 1721 3153 1790 annuntiaruut,
3208 1715 3473 1777 nimirum

169 1824 378 1880 magos,
408 1814 503 1882 qui
532 1828 600 1867 ex
631 1811 857 1869 Oriente
887 1822 1169 1869 venerant.

234 1901 361 1960 Hac
390 1916 577 1960 autem
605 1905 1018 1962 concio-habita
1068 1906 1171 1961 fuit
1205 1906 1258 1961 in
1287 1904 1521 1962 ecclesia
1553 1904 1613 1961 S.
1654 1905 1811 1962 Pauli
1863 1907 2005 1962 intra
2040 1902 2437 1959 hebdomadam
2469 1902 2759 1959 Paschalis
2788 1901 2988 1957 festum
3044 1903 3475 1971 subsequentem

165 2005 219 2052 et
254 2011 356 2068 per
388 2008 672 2062 octavam,
714 2009 772 2053 ut
821 2014 888 2054 ex
929 2000 1213 2067 sequentis
1244 2000 1486 2054 homilize
1536 1999 1715 2063 titulo,
1764 2000 1836 2054 ab
1879 2014 1946 2054 eo
1974 1999 2066 2069 qui
2101 1999 2188 2053 his
2220 1998 2583 2054 conciouibus
2634 1996 2826 2054 aderat
2860 1995 3170 2067 praemisso,
3201 1995 3468 2065 liquidum

165 2098 243 2143 est
268 2107 283 2156 ;
312 2090 595 2159 etiamque
622 2089 983 2145 conﬁrmatur
1011 2106 1091 2145 ex.
1112 2092 1330 2162 iis.qua:
1361 2092 1520 2146 initio
1557 2093 1797 2146 humilia:
1830 2092 2423 2161 sequentisdicuntur.

235 2186 454 2240 Etenim
490 2202 614 2240 cum
649 2186 769 2241 illos
796 2186 1115 2257 gravissime
1147 2188 1467 2257 pupugisset
1502 2188 1745 2259 ipsisque
1783 2188 2093 2242 molestiam
2126 2196 2371 2242 creasset
2410 2187 2464 2242 in
2497 2201 2562 2242 ea
2601 2186 2849 2254 humilia,
2891 2203 3056 2256 quam
3089 2188 3143 2243 in
3174 2185 3462 2272 Dominica

172 2276 618 2334 Resurrectionis
646 2278 854 2334 Christi
884 2280 1175 2343 habuerat,
1210 2295 1277 2335 eo
1305 2280 1453 2351 quod
1494 2283 1545 2335 in
1576 2282 1666 2335 die
1695 2281 2029 2336 Parasceves
2056 2290 2105 2336 et
2154 2281 2207 2335 in
2236 2280 2483 2335 Sabbato
2539 2291 2735 2335 sancto
2772 2281 2839 2336 ad
2880 2282 3160 2337 circenses
3192 2290 3251 2337 et
3306 2281 3466 2334 thea-

163 2367 327 2422 trales
369 2366 530 2421 ludos
561 2383 622 2422 se
647 2369 1036 2436 contulissent,
1073 2370 1183 2426 imo
1205 2371 1801 2427 excommunicationis
1845 2371 2203 2437 sententiam,
2239 2370 2434 2426 saltem
2476 2373 2983 2439 comminatur-iam,
3015 2373 3070 2427 in
3104 2371 3227 2428 illos
3278 2383 3469 2443 protu-

164 2457 353 2514 lissu:
388 2458 469 2513 illi
500 2469 682 2514 tamen
717 2472 925 2530 postea,
959 2476 1017 2517 re
1042 2477 1232 2517 secum
1266 2462 1414 2518 serio
1455 2477 1747 2533 perpensa,
1776 2478 1882 2517 non
1916 2462 2037 2517 sine
2059 2478 2224 2519 causa
2262 2478 2323 2520 se
2363 2463 2571 2519 acriter
2603 2463 2887 2534 impetitos
2911 2464 3086 2520 fuisse
3120 2464 3395 2528 videntes,
3422 2476 3478 2518 et

160 2551 310 2620 plura
345 2551 433 2606 his
459 2552 529 2609 de
566 2554 729 2609 rebus
757 2554 949 2610 audire
988 2556 1299 2625 cupientes,
1335 2556 1405 2611 ad
1439 2556 1694 2627 Magnam
1734 2554 2066 2621 Ecclesiam,
2100 2565 2160 2612 ut
2199 2556 2452 2612 concioni
2506 2554 2861 2621 interierunt,
2902 2556 3111 2628 ingenti
3156 2570 3391 2612 numero
3422 2574 3483 2615 se

158 2648 467 2705 rontulere.
500 2649 704 2707 Verum
733 2652 929 2709 accidit
964 2664 1021 2709 ut
1054 2654 1146 2709 illo
1177 2654 1287 2721 die,
1322 2669 1519 2724 nempe
1549 2653 1827 2709 Dominica
1867 2662 1991 2723 post
2026 2652 2265 2719 Pascha,
2310 2655 2531 2727 quidam
2574 2656 2794 2712 adesset
2823 2670 2886 2709 ex
2918 2653 3135 2711 Galatia
3160 2654 3476 2724 episcenos.

159 2746 241 2800 vir
267 2757 386 2801 tum
417 2761 487 2802 ex
513 2758 818 2815 senectute,
854 2758 965 2804 tum
997 2765 1064 2804 ex
1092 2750 1219 2804 aliis
1251 2750 1422 2804 animi
1448 2750 1667 2804 dotibus
1691 2749 2063 2809 venerandus.
2099 2751 2186 2806 cui
2212 2750 2581 2808 couciouandi
2613 2753 2787 2808 vicem
2814 2751 3251 2824 Chrysostomus
3276 2751 3469 2807 cessit:

158 2841 301 2911 quod
334 2840 618 2896 auditores
648 2842 931 2911 aegerrime
960 2842 1173 2899 tulere:
1204 2857 1420 2897 summo
1451 2842 1595 2897 enim
1628 2841 2009 2915 Chrysostomi
2053 2856 2115 2898 se
2152 2843 2351 2899 iterum
2381 2845 2691 2916 carpentis,
2753 2846 2865 2899 imo
2912 2844 3192 2909 secantis,
3237 2852 3298 2899 ut
3359 2843 3479 2915 ipse

158 2938 253 3002 ait,
288 2937 555 2991 audiendi
588 2936 866 2993 desiderio
900 2939 1250 2993 tenebantur.

232 3032 329 3089 ιι.
356 3034 708 3104 Quapropter
730 3034 819 3089 ille
848 3034 1153 3098 Dominica,
1190 3045 1243 3086 ul
1298 3034 1525 3089 credere
1575 3045 1678 3099 est,
1731 3035 2009 3107 sequenti,
2072 3035 2316 3092 secunda
2379 3035 2643 3093 videlicet
2694 3047 2818 3107 post
2866 3037 3105 3102 Pascha,
3135 3038 3190 3091 in
3232 3037 3477 3093 Ecclesia

160 3129 352 3199 Magna
384 3128 709 3182 concionem
744 3130 884 3183 hanc
921 3128 1133 3191 habuit,
1166 3128 1254 3181 ubi
1282 3130 1468 3183 statim
1496 3128 1844 3188 auditoribus
1875 3132 2202 3201 gratulatur,
2246 3130 2392 3200 quod
2413 3130 2543 3187 licet
2566 3142 2677 3186 tam
2707 3133 2952 3203 graviter
2973 3134 3189 3202 excepti
3247 3132 3301 3186 in
3332 3148 3469 3187 con-

162 3224 322 3278 cione
349 3222 442 3275 illa
475 3219 774 3278 Dominicas
810 3223 1275 3290 Resurrectionis,
1311 3233 1420 3279 tam
1454 3226 1731 3280 ferventer
1763 3236 1819 3280 et
1846 3236 1997 3281 tanto
2028 3242 2262 3282 numero
2287 3228 2487 3281 iterum
2518 3238 2895 3299 compareant.
2932 3228 3070 3283 Tum
3097 3243 3221 3284 sese
3242 3236 3475 3283 excusat

164 3319 303 3383 quod
335 3316 619 3372 Dominica
661 3319 987 3387 praecedenti
1020 3319 1279 3387 episcopo
1311 3319 1542 3375 Galatiae
1580 3323 1784 3376 seniori
1821 3323 2183 3378 conciouaudi
2242 3323 2421 3379 locum
2465 3325 2730 3393 cesserit;
2787 3324 3095 3394 iterumque
3124 3340 3318 3382 contra
3369 3327 3482 3382 cir—

163 3427 355 3468 censes
387 3413 566 3479 ludos,
610 3415 832 3470 etiamsi
864 3415 1052 3470 mitius
1090 3418 1539 3488 moderatinsque
1566 3418 1828 3487 loquitur,
1868 3434 2095 3489 remque
2132 3421 2312 3490 tangit
2342 3421 2569 3474 omnino
2608 3420 3020 3491 deplorandam,
3064 3437 3187 3492 quae
3224 3422 3480 3476 hesterna

163 3506 248 3561 die
285 3507 341 3560 in
375 3506 739 3577 hippodromo
776 3509 1103 3578 contigerat,
1138 3509 1285 3564 etab
1312 3508 1618 3576 hujusmudi
1658 3511 1802 3566 ludis
1833 3511 1970 3568 alios
1999 3522 2257 3569 avertere
2297 3514 2552 3569 debebat.
2592 3513 2826 3579 Quidam
2866 3513 3037 3579 enim,
3066 3514 3160 3585 qui
3213 3515 3484 3585 postridie

165 3621 388 3662 uxorem
423 3608 689 3662 ducturus
726 3617 871 3673 erat,
898 3609 1023 3661 dum
1062 3623 1185 3662 cum
1223 3609 1345 3664 aliis
1380 3613 1703 3668 cursoribus
1749 3623 2099 3669 cuncertaret
2144 3615 2505 3686 interceptus,
2556 3616 2862 3671 miserabili
2918 3630 3049 3671 casu
3099 3616 3283 3685 capite
3332 3625 3484 3669 trun-

164 3715 339 3768 Catus,
374 3712 432 3758 et
472 3704 735 3758 extremis
772 3704 1031 3759 membris
1055 3706 1417 3761 abscissisihi
1452 3719 1752 3764 manserat.
1823 3708 2025 3764 Deinde
2054 3712 2291 3780 explicat
2343 3711 2472 3766 illud
2508 3709 2790 3782 Evangelii
2828 3712 3061 3777 dictum,
3130 3708 3296 3765 Pater
3336 3726 3487 3764 meus

165 3811 321 3864 usque
352 3795 513 3848 modo
545 3805 812 3863 operatur,
849 3807 895 3850 et
929 3813 1025 3865 ego
1053 3814 1264 3863 oneror,
1290 3800 1594 3869 probatque
1621 3801 1817 3855 Filium
1846 3802 2109 3871 aequalem
2135 3818 2259 3858 esse
2280 3802 2451 3858 Patri.

231 3887 300 3942 Χ.
344 3886 577 3941 Humilia
614 3887 819 3941 decima
858 3888 1039 3942 habita
1072 3889 1173 3943 fuit
1206 3890 1256 3944 in
1286 3892 1517 3945 ecclesia
1551 3893 1795 3962 Apostoli
1830 3894 1931 3966 (α),
1969 3905 2261 3967 postquam
2310 3913 2480 3952 senex
2536 3899 2759 3968 quidam
2796 3899 3089 3967 episcOpus
3131 3906 3261 3952 ante
3313 3897 3486 3969 Chry-

166 3994 467 4036 sostomum
501 3982 856 4038 concinnatus
890 3982 1100 4039 fuerat:
1138 3986 1395 4056 quodque
1428 3990 1835 4046 observandum
1867 4006 1977 4059 est,
2013 3994 2163 4047 illum
2198 4009 2409 4062 senem,
2450 4005 2505 4049 et
2537 4011 2597 4050 se
2623 3996 2882 4064 juvenem
2917 4005 3100 4062 vocat,
3134 3996 3239 4051 etsi
3268 4011 3334 4049 ex
3365 3998 3486 4047 vul—

166 4072 277 4142 gari
313 4072 579 4141 opinione
607 4087 810 4126 annum
842 4071 915 4126 52
944 4075 1056 4142 jam
1089 4090 1348 4130 emensus
1379 4092 1500 4131 erat
1535 4079 1635 4149 (b).

236 4165 326 4219 XI.
366 4164 667 4219 Undecima
700 4179 994 4235 quoquee-t
1035 4179 1310 4238 postrema
1380 4174 1602 4229 humilia
1642 4177 1784 4231 dicta
1818 4178 1920 4232 fuit
1954 4194 1983 4233 a
2020 4180 2416 4250 Chrysostomo
2448 4183 2562 4252 (die
2602 4182 2733 4239 festi
2774 4182 3262 4254 Machahmornm),
3326 4195 3478 4255 pust-

166 4272 324 4323 quam
358 4271 529 4311 senex
564 4259 781 4327 quidam
807 4261 1165 4315 concionatus
1207 4261 1402 4317 fuerat-
1463 4264 1517 4319 Id
1551 4266 1726 4335 ipsum
1764 4284 1908 4338 szepe
1944 4270 2215 4337 videmus,
2245 4274 2382 4328 duas
2412 4290 2606 4343 nempe
2644 4284 2699 4329 ct
2733 4275 3031 4344 aliquando
3066 4284 3175 4329 tres
3228 4274 3482 4329 humilias

166 4350 518 4406 continenter
542 4352 810 4406 baberiin
842 4356 1035 4408 cadent
1069 4356 1300 4411 ecclesia
1337 4368 1391 4411 ct
1422 4359 1614 4414 eodem
1668 4360 1925 4418 audiente
1982 4367 2203 4436 populo.
2267 4366 2322 4422 In
2384 4369 2484 4425 hac
2538 4378 2724 4425 autem
2781 4373 2894 4440 agit
2927 4369 3359 4441 (ihrysostomus
3416 4372 3484 4426 de

166 4445 429 4503 Eleazaro
459 4459 513 4502 et
548 4446 612 4501 de
629 4446 976 4517 Machabteis,
1011 4465 1149 4521 quos
1181 4454 1376 4523 probat
1402 4454 1489 4510 ille
1513 4470 1613 4524 pro
1644 4455 1866 4515 Christo
1897 4477 2087 4531 passos
2120 4465 2308 4519 fuisse.

224 4672 297 4734 tu)
323 4671 1336 4743 IIl‘atlhejuscontenditillamhomllfam
1370 4666 1593 4743 habitam
1632 4677 1789 4727 fuisse
1824 4680 2117 4743 inrecclesia
2141 4681 2543 4743 Apostolorum,
2574 4678 2624 4729 id
2651 4695 2713 4731 ex
2745 4694 2807 4729 eo
2834 4680 3111 4742 conjiciens
3144 4683 3275 4743 quod
3312 4682 3363 4731 in
3387 4686 3463 4731 dr-

164 4733 308 4807 eursu
337 4733 737 4807 illiusdica‘turi
756 4736 841 4807 .44
876 4737 1221 4797 Apostolorum
1248 4738 1653 4807 tltecusuenimus
1685 4743 1817 4807 (Col.
1845 4740 2066 4807 5264131.
2094 4733 2205 4801 31):
2240 4743 2378 4791 Idem
2409 4755 2467 4791 ex
2496 4733 2570 4791 his
2603 4744 2787 4800 verbis,
2816 4742 2889 4792 Iis
2916 4733 3026 4807 qua;
3048 4733 3198 4807 hodie
3220 4743 3343 4794 lecta
3368 4752 3476 4794 sum

596 4796 647 4873 97,
675 4798 767 4870 1'37)
800 4793 972 4873 demus
996 4812 1227 4873 operam,
1254 4814 1367 4873 quas
1391 4801 1598 4873 ibidem,
1624 4793 1735 4873 post
1758 4806 1950 4873 aliquot
1978 4806 2141 4873 lineas
2162 4793 2420 4873 leguntur,
2448 4814 2716 4873 quotetnp
2742 4793 2805 4854 ire
2843 4793 3058 4873 homilia‘
3086 4793 3475 4873 halliitail'uer'tt.

164 4858 437 4923 concludit.
469 4872 489 4904 ι
518 4858 664 4914 Hinc,
691 4860 870 4923 inquit,
900 4858 1093 4910 constat
1123 4872 1221 4922 quo
1248 4858 1330 4910 die.
1357 4866 1484 4912 hanc
1526 4858 1781 4914 hdniiliam
1814 4858 2047 4915 habuerit
2084 4880 2095 4911 ε
2135 4858 2365 4915 nimirum
2403 4858 2659 4917 tricesimo
2687 4858 2884 4917 'mensis
2924 4870 3084 4917 Junii.
3124 4870 3193 4919 lio
3227 4871 3360 4918 enim
3396 4871 3477 4918 die

165 4921 455 4970 celebratur
477 4925 716 4970 memoria
744 4921 807 4973 in
830 4921 1187 4985 apostolorum.
1217 4923 1427 4987 Legitur
1450 4936 1619 4976 autem
1656 4927 1829 4976 Matth.
1859 4927 1915 4988 9,
1940 4930 2002 4977 56
2038 4925 2105 4976 ad
2154 4930 2231 4988 10,
2263 4932 2311 4976 8.
2357 4930 2409 4979 Id
2447 4932 2564 4979 mihi
2606 4940 2780 4980 uotum
2814 4940 2893 4981 est
2925 4944 2986 4980 ex
3015 4931 3307 4991 Synaxariis
3344 4935 3456 4980 (ira.-

168 4995 351 5031 eorum.
383 4997 403 5031 δ

226 5044 296 5118 (ρ)
327 5045 607 5118 l’erperam
632 5046 739 5115 haec
763 5051 940 5097 notant
962 5047 1299 5118 Benedictini,
1322 5063 1432 5100 cum
1470 5050 1519 5100 in
1538 5053 1637 5118 hac
1665 5053 1869 5118 hornilia
1900 5051 2183 5118 minimese
2204 5054 2446 5116 juvenem
2470 5060 2632 5113 vocet,
2656 5055 2748 5104 sed
2776 5058 3067 5117 epist-opum
3092 5057 3178 5118 qui
3201 5058 3317 5105 ante
3339 5055 3481 5104 ilium

168 5116 272 5158 erat
297 5112 649 5168 concionatus,
671 5112 911 5170 juvenem
935 5112 1081 5160 simul
1104 5118 1158 5161 et
1180 5123 1354 5161 senem
1382 5126 1494 5164 esse
1521 5115 1670 5173 dicat,
1706 5116 1799 5165 sub
1824 5116 2011 5178 duplici
2035 5112 2235 5167 scilicet
2258 5124 2492 5180 respectu
2517 5112 2666 5168 animi
2692 5126 2743 5169 et
2767 5112 3011 5181 corporis.
