4036 6402
502 230 507 235 ⁷
569 267 671 323 tua
1348 251 1402 306 s.
1445 242 1722 305 JO.\N.\‘IS
1759 234 2152 296 cunvsosrc

2282 234 2603 291 ARClllEP.
2637 235 3175 293 CONSTANTINOP.

570 398 690 439 eum
716 393 886 450 neque
911 374 1153 447 pecunia!
1172 370 1277 424 sint
1306 361 1709 436 profundenda',
1730 363 2033 450 nee-tantus
2054 352 2149 450 du-

572 477 653 529 Ior
692 443 1030 531 subeundus;
1075 463 1167 524 sed
1215 460 1442 529 teipsum
1488 456 1539 507 in
1580 446 1941 506 omnimodam
1972 443 2149 515 perui-

571 568 708 620 cicm
742 562 961 633 conjicis
982 562 1005 612 ?
1029 568 1085 613 et
1112 550 1380 625 quomodo
1404 545 1516 602 lue:
1544 542 1701 600 venia
1725 542 1883 611 digna
1916 537 2151 633 fuerint?

575 659 632 715 Si
664 659 805 714 enim
829 631 1060 710 dicerem
1092 667 1105 702 ε
1144 650 1347 701 Avarus
1367 684 1383 709 ,
1420 651 1625 709 raptor,
1672 635 1978 694 fornicator,
2002 631 2153 686 adul-

575 767 678 817 ter,
720 765 785 804 ne
810 745 1063 803 accedant
1089 742 1153 797 ad
1184 739 1491 799 ecclesiam,
1520 732 1564 787 si
1596 730 1917 801 expellerent
1946 736 1999 779 et
2027 739 2149 793 pcr-

573 857 826 915 scquercr
852 840 971 897 illos
994 848 1183 891 omnes
1204 832 1292 903 qui
1319 831 1373 885 in
1405 824 1637 898 peccatis
1663 830 1807 915 sunt,
1841 820 2004 915 ne
2031 818 2118 886 qui

572 913 693 989 dein
733 930 1009 986 excusatio
1052 926 1224 990 foret;
1285 927 1559 992 oporteret
1610 914 1768 973 enim
1808 914 1876 968 ab
1922 913 1985 965 iis
2030 927 2156 980 pur-

572 1036 752 1096 gatum
810 1019 1068 1075 accedere
1100 1033 1113 1070 :
1149 1030 1289 1069 nunc
1338 1021 1514 1065 autem
1557 1022 1661 1061 non
1706 1005 1808 1059 hoc
1860 1004 2006 1096 diro,
2058 1000 2151 1096 sed

574 1093 698 1169 licet
740 1111 1050 1176 forniceris,
1098 1106 1307 1161 adulter
1349 1103 1460 1163 sis.
1502 1100 1701 1170 rapias,
1758 1095 2009 1165 pecunias
2040 1093 2154 1147 col—

572 1207 706 1276 ligas
738 1218 831 1272 per
875 1201 1136 1262 (tandem,
1167 1200 1217 1251 in
1244 1193 1527 1250 ecclesiam
1554 1190 1784 1271 accede,
1812 1198 1867 1242 ut
1901 1186 2013 1242 Ita-c
2046 1200 2151 1239 nou

576 1300 713 1353 ultra
744 1297 1030 1352 admittere
1073 1292 1248 1345 discas
1280 1309 1293 1343 :
1320 1300 1511 1341 omnes
1540 1283 1775 1347 attrahe,
1803 1288 1856 1335 et
1886 1277 2033 1333 verbi
2068 1284 2153 1331 re-

574 1393 643 1444 tia
676 1390 904 1458 undique
925 1384 1251 1453 expandeus,
1280 1394 1385 1433 non
1411 1392 1573 1431 sanos
1603 1384 1828 1437 tantum,
1857 1370 1949 1425 sed
1979 1383 2151 1439 a-gros

574 1481 658 1535 hic
685 1493 878 1547 capere
905 1475 1055 1529 volo.
1075 1473 1199 1527 flare
1226 1468 1462 1539 quotidie
1482 1466 1603 1520 dico
1636 1483 1648 1517 :
1676 1463 1831 1527 Veni,
1863 1471 1912 1517 et
1944 1475 2150 1515 mecum

572 1574 857 1628 sanitatem
877 1567 1062 1637 accipe
1091 1581 1106 1622 :
1138 1580 1259 1618 nam
1284 1578 1383 1633 ego
1408 1574 1620 1630 quoque
1648 1555 1884 1612 medicus
1905 1551 2156 1623 pharma-

572 1666 647 1720 cis
676 1679 812 1734 opus
840 1661 1010 1716 habeo
1044 1678 1057 1713 :
1085 1659 1244 1711 homo
1269 1668 1500 1722 namque
1534 1667 1673 1713 sum,
1699 1648 1940 1719 ejusdem
1977 1657 2151 1701 tecmn

574 1769 777 1811 natura:
826 1752 1103 1808 allectibus
1149 1748 1391 1804 subditus
1430 1764 1443 1801 :
1476 1744 1653 1798 verbis
1701 1758 1835 1810 opus
1880 1749 1964 1796 est
2000 1739 2151 1805 utihi,

572 1864 691 1917 qua:
741 1845 1099 1899 inordinatum
1153 1840 1389 1894 animum
1435 1834 1650 1889 vinculo
1700 1832 1910 1887 freneut
1939 1850 1954 1885 :
1982 1846 2154 1902 neque

574 1939 733 1993 vitam
779 1936 916 1991 duco
963 1932 1333 2003 tranquillam,
1385 1927 1528 1982 curis
1552 1936 1604 1981 et
1633 1926 1863 1980 tumultu
1895 1939 2157 1989 vacuam;

574 2028 667 2083 sed
700 2032 869 2098 agitor
899 2026 1012 2094 ipse
1041 2038 1252 2095 quoque
1273 2017 1728 2090 concupiscentia:
1756 2016 2071 2077 tumultibus
2100 2024 2157 2070 et

577 2119 1035 2189 perturbationum
1078 2114 1347 2170 ﬂuctibus.
1390 2112 1495 2168 Sed
1523 2127 1619 2165 cur
1643 2109 1722 2164 vel
1751 2124 1838 2164 me
1868 2109 1951 2164 vel
1990 2108 2155 2161 alium

574 2211 825 2277 dixerint,
862 2208 1076 2279 quando
1108 2208 1154 2261 is
1181 2207 1295 2276 ipse
1314 2205 1403 2276 qui
1434 2204 1595 2259 caelos
1620 2202 1914 2272 attingebat
1938 2200 2153 2261 Paulus,

574 2305 734 2357 multa
768 2318 901 2371 opus
933 2299 1163 2355 habebat
1194 2297 1514 2353 curatione?
1540 2296 1605 2351 Et
1632 2296 1773 2367 quod
1804 2308 1865 2349 ea
1896 2307 2031 2363 opus
2056 2292 2154 2346 ba-

574 2396 767 2459 huerit,
807 2396 918 2463 ipse
961 2392 1113 2445 nobis
1164 2388 1484 2445 declaravit.
1523 2387 1705 2457 Neque
1758 2386 1845 2440 ille
1893 2384 2154 2453 tranquil-

576 2489 678 2541 lam
733 2487 921 2557 agebat
975 2485 1167 2549 vitam,
1226 2482 1319 2538 sed
1378 2482 1541 2536 multa
1594 2480 1763 2534 inibat
1814 2477 2153 2533 certamina:

574 2581 802 2649 ideoque
844 2579 1054 2633 dicebat
1096 2596 1109 2606 ·
1150 2576 1353 2645 Castigo
1391 2590 1575 2642 corpus
1614 2588 1815 2636 meum,
1846 2580 1893 2623 et
1939 2570 1992 2623 in
2044 2586 2156 2623 ser-

574 2672 777 2724 vitutem
817 2670 1008 2740 redigo,
1042 2685 1103 2721 ne
1144 2668 1275 2736 forte
1324 2665 1442 2719 aliis
1484 2664 1788 2733 pra’dicans,
1835 2663 1941 2733 ipse
1975 2676 2156 2729 repro-

572 2763 660 2816 bus
692 2763 921 2831 ρίπσὶατ(
951 2762 1001 2815 1.
1032 2756 1152 2814 Cor.
1192 2758 1245 2814 9.
1277 2759 1346 2811 27
1381 2759 1417 2822 ).
1450 2756 1754 2825 Castigabat
1797 2764 1975 2809 autem
2029 2753 2156 2808 illud

571 2854 711 2921 qttod
758 2852 1096 2921 insurgebat,
1122 2861 1173 2905 ct
1203 2850 1252 2902 in
1280 2848 1591 2902 servitutem
1630 2846 1904 2915 redigebat
1936 2844 1986 2899 id
2014 2845 2155 2914 quod

574 2944 784 2999 frenum
816 2944 1100 2997 admittere
1144 2941 1353 2995 nolebat
1391 2939 1657 3007 :ideoque
1697 2937 1829 2992 alios
1868 2938 2151 3003 mouebat,

573 3035 761 3087 dicens
791 3052 802 3086 :
832 3034 932 3098 Qui
957 3035 1051 3087 sibi
1077 3035 1271 3086 videtur
1297 3045 1453 3097 stare,
1474 3031 1641 3085 rideat
1660 3046 1723 3083 ne
1749 3030 1901 3083 cadat
1930 3031 2005 3099 (1.
2033 3030 2153 3084 Cor.

574 3126 659 3180 10.
694 3127 805 3197 12).
831 3127 981 3194 Quod
1009 3127 1051 3180 si
1084 3126 1279 3181 Paulus
1307 3139 1409 3179 non
1447 3124 1830 3191 tranquillitate
1860 3121 2011 3175 frueb
2046 3130 2154 3188 tur,

572 3218 667 3273 sed
702 3219 838 3273 haud
869 3233 1023 3272 secus
1052 3234 1210 3287 quam
1242 3219 1271 3271 ii
1300 3218 1386 3285 qtti
1420 3218 1470 3269 in
1500 3217 1630 3269 mari
1662 3223 1935 3285 navigans.
1958 3216 2157 3269 multos

576 3311 812 3380 nudique
841 3310 1032 3364 ﬂuctus
1060 3311 1314 3364 concitari
1348 3309 1563 3362 videbat
1596 3327 1608 3361 :
1643 3308 1760 3377 quis
1800 3308 1939 3360 ausit
1973 3307 2156 3362 dicere

572 3418 629 3455 sc
668 3417 772 3455 non
822 3416 981 3473 cgere
1024 3402 1396 3467 correctione,
1454 3400 1732 3455 curatione
1777 3406 1829 3453 et
1884 3400 2156 3469 perpetuis

572 3492 800 3561 vigiliis?

656 3582 802 3636 Verbi
829 3582 926 3637 Dei
953 3585 1129 3637 tit-tus.
1155 3614 1209 3622 —-
1242 3582 1372 3637 \‘eni
1416 3582 1593 3653 igitur,
1625 3590 1677 3637 et
1704 3597 1912 3637 mecum
1936 3581 2155 3637 doctore

575 3675 906 3727 curationem
930 3673 1142 3728 adhibe.
1166 3672 1318 3741 Quod
1346 3674 1389 3726 si
1426 3686 1589 3727 sanus
1620 3688 1699 3739 es,
1732 3672 1851 3726 ideo
1880 3672 2077 3727 accede
2100 3684 2156 3726 ut

575 3765 754 3817 sanior
799 3763 1012 3818 evadas.
1072 3764 1299 3818 Verbum
1341 3764 1482 3817 enim
1523 3774 1576 3817 et
1606 3764 1793 3818 morbo
1823 3762 2044 3819 allectos
2088 3762 2156 3816 ab

574 3857 887 3927 a-gritudine
918 3858 1123 3922 liberat,
1148 3865 1202 3911 et
1228 3858 1411 3910 morbo
1434 3857 1632 3911 liberos
1662 3856 1925 3912 ﬁrmiores
1956 3858 2153 3924 reddit;

576 3957 759 4018 utpote
790 3950 929 4017 quod
978 3958 1031 4003 ct
1076 3949 1308 4003 admissa
1347 3954 1599 4018 corrigat,
1652 3960 1705 4003 et
1733 3951 1988 4003 adversus
2020 3967 2155 4006 non-

573 4037 699 4091 dum
724 4038 949 4093 admissa
989 4050 1295 4109 praesen-et.
1340 4040 1488 4107 Quod
1523 4042 1564 4094 si
1600 4058 1703 4094 non
1731 4042 1863 4105 hoc,
1917 4054 1971 4096 at
2008 4044 2151 4097 aliud

574 4133 739 4186 babes
768 4143 1043 4202 peccatum
1074 4152 1086 4185 :
1121 4133 1243 4199 Quis
1269 4136 1397 4185 cnim
1428 4135 1724 4203 gloriabitur
1750 4152 1803 4188 se
1835 4146 2025 4189 castum
2056 4137 2151 4189 Ita-

575 4226 687 4275 bcre
714 4240 799 4276 cor
820 4224 846 4277 .7
886 4233 973 4275 aut
1015 4225 1125 4293 quis
1168 4225 1380 4291 ﬁdenter
1420 4226 1601 4277 dixerit
1630 4242 1681 4278 se
1715 4228 1958 4280 mundum
1987 4245 2092 4281 esse
2124 4246 2154 4282 tt

577 4312 974 4384 peccato(Prov.
1001 4315 1091 4369 20.
1123 4314 1215 4384 9)?
1242 4315 1317 4369 Ne
1342 4317 1516 4385 igitur,
1550 4320 1669 4386 quia
1699 4320 1948 4385 peccasti,
1982 4330 2029 4373 te
2059 4336 2149 4388 pu-

576 4404 697 4457 deat
736 4406 1030 4470 accedere;
1080 4408 1185 4459 imo
1227 4407 1297 4460 ob
1343 4408 1443 4462 hoc
1490 4408 1660 4477 ipsum
1720 4410 1935 4463 accede.
1983 4409 2154 4463 Nemo

576 4499 718 4552 enim
748 4498 875 4552 dicit
912 4516 924 4551 :
954 4498 1084 4565 Quia
1115 4498 1266 4551 ulcus
1290 4500 1463 4553 habeo
1484 4542 1497 4564 ,
1533 4500 1796 4553 medicum
1828 4516 1931 4553 non
1964 4517 2150 4556 accer-

578 4605 672 4655 so,
720 4606 890 4660 neque
919 4589 1262 4658 pharmacum
1296 4591 1539 4659 accipio:
1575 4592 1680 4645 imo
1723 4593 1793 4645 ob
1836 4592 1935 4646 hoc
1978 4594 2149 4661 ipsum

580 4682 808 4735 maxime
852 4688 909 4734 et
950 4680 1137 4734 medici
1161 4682 1451 4735 advocandi
1485 4693 1627 4743 sont,
1654 4691 1706 4735 ct
1740 4688 2148 4752 p'armacnrum

577 4775 682 4827 vim
708 4774 979 4843 requirere
1005 4787 1137 4841 opus
1170 4781 1269 4827 est.
1298 4772 1507 4828 Scimus
1534 4775 1693 4829 etiam
1728 4791 1822 4829 nos
1853 4778 2148 4845 ignoscere,

578 4862 699 4927 quia
721 4868 772 4911 et
802 4856 898 4927 ipsi
928 4857 1047 4911 aliis
1079 4859 1310 4926 peceatis
1336 4874 1519 4912 smnus
1547 4860 1779 4914 obnoxii.
1833 4860 1953 4916 Ideo
1999 4879 2150 4916 nam-

580 4965 682 5017 que
714 4949 852 5003 Deus
882 4965 987 5003 non
1018 4950 1235 5020 angelos
1273 4951 1425 5005 dedit
1468 4954 1621 5006 nobis
1665 4954 1932 5016 doctores,
1984 4972 2154 5025 neque

581 5040 881 5095 Gabrielem
923 5043 1151 5111 desuper
1193 5044 1412 5096 mittens
1461 5045 1630 5111 ipsmn
1674 5047 1817 5113 gregi
1874 5049 2149 5115 przt-lecit;

580 5132 674 5187 sed
722 5148 786 5187 ex
816 5134 929 5202 ipso
960 5134 1085 5187 ovili
1121 5146 1356 5203 pastores
1398 5136 1641 5199 assumit,
1674 5152 1734 5189 ex
1768 5137 1956 5189 ovibus
1981 5141 2156 5207 gregis

580 5226 768 5278 ducem
788 5265 805 5290 ,
859 5225 946 5294 qui
972 5225 1037 5279 ad
1066 5225 1445 5296 ignoscendum
1475 5226 1699 5280 subditis
1730 5244 1929 5296 pronus
1952 5232 2057 5294 sit,
2106 5242 2158 5284 ct

582 5316 941 5371 inﬁrmitatem
970 5318 1236 5386 prepriam
1268 5318 1627 5386 perpendens,
1659 5333 1763 5372 non
1794 5320 2029 5389 insurgat
2059 5322 2159 5375 ad-

582 5427 767 5465 versus
790 5412 1103 5480 gregarios;
1159 5410 1251 5463 sed
1290 5409 1497 5465 frenum
1530 5413 1721 5466 habeat
1764 5423 1816 5468 et
1847 5415 2158 5469 humilitatis

583 5520 798 5557 causam
818 5520 927 5557 sua:
947 5519 1136 5575 nempe
1166 5506 1503 5560 conscientia!
1522 5507 1987 5562 necessitudinem.
2007 5507 2157 5574 Quod

583 5608 758 5652 autem
807 5599 919 5654 lure
967 5616 1069 5651 non
1118 5600 1429 5668 augur:me
1460 5603 1591 5655 dicta
1637 5602 1991 5666 fuerint,audi
2025 5602 2155 5655 Pau—

578 5690 683 5745 lum
719 5693 827 5747 luet-
849 5693 1168 5747 scribentem
1202 5706 1247 5746 ct
1282 5694 1738 5757 philubttpltanitttti
1776 5716 1784 5748 :
1814 5697 1874 5748 ad
1902 5695 2154 5749 Hebraeos

3746 237 3851 292 ιθι

2260 350 2400 404 enim
2445 351 2720 415 scribens,
2772 353 2850 408 sic
2897 354 3013 410 ait:
3055 353 3232 407 Omnis
3269 371 3485 423 namque
3525 352 3761 423 pontifex
3790 369 3850 407 ει

2256 442 2542 494 hominibus
2584 453 2912 511 assumpfm,
2956 459 3049 512 pro
3090 444 3375 497 hominibus
3398 444 3747 508 constituitur,
3795 454 3850 494 ut

2255 530 2435 597 o/I'erat
2462 533 2598 585 dona
2623 543 2670 586 et
2702 534 2998 603 atteri/icio;
3027 534 3115 605 qui
3150 536 3421 589 condolcre
3458 537 3620 604 possit
3660 536 3725 588 iis
3762 536 3850 604 qui

2256 622 2489 692 ignorant
2515 633 2561 676 et
2600 634 2789 688 errant,
2815 625 3052 693 quoniam
3082 635 3128 678 et
3154 626 3262 695 ipse
3287 626 3631 680 circumdatus
3658 636 3734 680 est
3765 626 3853 679 in-

2257 714 2493 780 ﬁrmitate
2523 729 2541 767 :
2569 724 2623 769 et
2648 725 2914 786 propterea
2940 716 3082 770 debet
3107 719 3536 785 quemadtmdtun
3565 735 3657 787 pro
3681 735 3856 789 popu-

2255 804 2326 868 lo,
2348 806 2419 857 ita
2441 807 2594 861 etiam
2620 817 2665 859 et
2683 824 2775 876 pro
2797 807 3061 877 semetipso
3081 806 3270 873 οῇειτε
3287 824 3383 879 pro
3402 811 3618 880 peculis
3656 808 3850 880 (Hebr.

2256 898 2307 953 5.
2338 899 2485 969 l-3).
2523 898 2709 954 Yiden‘
2735 916 2893 971 quam
2924 901 3179 970 optimam
3202 901 3359 955 nobis
3386 917 3602 957 causam
3624 900 3851 960 dixerit,

2260 990 2329 1042 ob
2369 1005 2527 1059 quam
2575 1006 2680 1044 non
2721 991 2930 1062 angeli,
2973 1005 3080 1044 non
3111 991 3439 1063 archangeli,
3473 993 3566 1048 sed
3599 992 3859 1047 homines

2258 1080 2519 1135 Et-clcsiis
2546 1080 2928 1151 praelii-lantur,
2966 1091 3015 1136 ut
3044 1082 3334 1139 condidere
3373 1084 3582 1153 possint
3616 1085 3702 1150 iis,
3756 1083 3853 1154 qui

2256 1176 2496 1244 ejusdem
2525 1187 2651 1231 sunt
2679 1187 2915 1241 naturae;
2945 1185 3529 1246 peccatorumsuorum
3560 1178 3851 1231 conscien-

2258 1270 2383 1321 tiam
2439 1284 2537 1322 ceu
2569 1270 2859 1322 maximam
2906 1267 3225 1322 humilitatis
3263 1267 3599 1337 disciplinam
3643 1268 3853 1322 haben—

2258 1362 2381 1415 tes?
2430 1362 2636 1416 Etenim
2669 1372 2725 1417 et
2758 1363 2870 1431 ipse
2891 1404 2905 1426 ,
2942 1362 3148 1431 inquit,
3195 1362 3562 1417 circumdatus
3588 1372 3672 1417 est
3698 1363 3851 1417 isitir-

2256 1452 2481 1517 ntitate,
2535 1460 2591 1507 et
2648 1460 2927 1522 propterea
2975 1452 3181 1520 debet,
3246 1453 3700 1522 quemadmodum
3754 1469 3857 1523 pro

2258 1546 2476 1616 populo,
2502 1546 2571 1599 ita
2603 1546 2761 1600 ctiam
2794 1561 2892 1615 pro
2918 1547 3212 1615 semetipso
3244 1545 3440 1602 oﬂerre
3466 1562 3561 1616 pro
3588 1550 3853 1616 peccatis.

2259 1636 2369 1691 lloc
2407 1638 2577 1705 ipsimi
2625 1651 2767 1694 nunc
2802 1652 3017 1707 quoque
3066 1636 3297 1693 efﬁcitur
3343 1655 3357 1690 :
3400 1639 3452 1692 iu
3502 1638 3603 1693 hac
3652 1638 3858 1707 quippe

2257 1744 2408 1783 sacra
2458 1744 2643 1785 mensa
2686 1729 2981 1790 adstantes.
3033 1739 3090 1783 ct
3135 1729 3475 1785 tremendum
3522 1729 3856 1785 sacriﬁcium

2256 1819 2567 1884 offerentes,
2591 1818 3042 1890 quemadmodum
3073 1831 3170 1889 pro
3199 1821 3377 1890 populi
3404 1821 3614 1876 delictis
3638 1822 3858 1874 veniam

2258 1913 2484 1983 petimus
2505 1954 2519 1978 ,
2567 1912 2635 1965 ita
2668 1926 2763 1982 pro
2799 1913 2993 1965 nostris
3015 1909 3147 1980 ipsis
3172 1927 3386 1982 quoque
3417 1927 3700 1983 rogamus,
3729 1930 3855 1966 nra-

2260 2020 2398 2069 mus,
2430 2003 2785 2073 deprecamur
2805 2045 2819 2069 ,
2849 2011 2904 2058 et
2946 2018 3043 2073 pro
3080 2003 3331 2058 munibus
3363 2002 3687 2058 sacriﬁcium
3717 2002 3859 2059 offe-

2258 2096 2521 2149 tinnis...
2558 2095 2636 2164 (ιι)

2330 2187 2385 2240 3.
2435 2184 2511 2239 Ne
2562 2184 2689 2239 mihi
2734 2199 2977 2252 avarum,
3006 2184 3213 2241 ventris
3248 2201 3486 2252 servum,
3518 2197 3573 2243 et
3606 2202 3731 2241 eum
3762 2188 3855 2258 qui

2260 2286 2462 2331 natura:
2486 2276 2814 2331 nobilitatem
2847 2277 3097 2347 nequitia:
3129 2277 3383 2347 prodidit,
3408 2277 3725 2343 adduxeris;
3758 2282 3858 2335 sed

2261 2367 2409 2422 hunc
2432 2378 2486 2423 et
2514 2383 2608 2423 cos
2638 2371 2727 2439 qui
2755 2370 2895 2425 sicut
2924 2369 3015 2424 ille
3040 2369 3391 2441 archetypum
3437 2381 3744 2436 servarunt,
3797 2382 3855 2431 et

2260 2458 2463 2529 regium
2509 2460 2872 2515 characterem
2903 2475 2966 2515 ac
2996 2458 3221 2516 formam
3261 2478 3367 2516 non
3415 2460 3807 2519 labefactat-unt
3843 2488 3856 2520 ;

2260 2558 2316 2605 ct
2352 2560 2477 2605 tune
2515 2551 2655 2606 scies
2688 2552 2813 2623 quid
2856 2553 2923 2607 sit
2965 2552 3148 2609 homo.
3176 2553 3307 2609 Nam
3336 2554 3426 2609 hic
3451 2570 3662 2627 quoque
3689 2556 3859 2613 homo

2261 2647 2399 2707 crat,
2428 2639 2668 2696 mulieris
2695 2650 2848 2710 partu
2874 2652 3031 2697 natus
3056 2653 3111 2698 et
3140 2643 3278 2698 lacte
3307 2644 3540 2699 nutritus
3573 2664 3586 2700 :
3620 2646 3674 2699 in
3710 2657 3857 2703 terra

2262 2729 2558 2797 h.-bitahat,
2589 2746 2769 2787 acrem
2800 2731 3054 2802 spirabat,
3079 2743 3132 2789 et
3160 2736 3361 2799 omnia,
3393 2750 3513 2806 qua:
3542 2736 3716 2803 nobis,
3756 2740 3857 2808 ipsi

2260 2838 2474 2894 quoque
2492 2826 2793 2879 communia
2820 2834 2972 2881 erant
2996 2844 3009 2879 :
3032 2828 3359 2893 communia,
3384 2829 3623 2899 inquam,
3647 2845 3711 2885 ea
3736 2848 3859 2900 qua:

2259 2916 2325 2970 ad
2359 2926 2602 2971 naturam
2638 2918 2936 2987 pertinent;
2972 2918 3063 2973 sed
3092 2920 3343 2991 quoniam
3380 2922 3501 2976 vita:
3551 2923 3857 2977 institutum

2261 3015 2740 3085 spcctantegregia
2762 3023 2938 3080 erant,
2979 3014 3099 3069 ideo
3144 3014 3246 3070 hac
3278 3024 3424 3070 tanta
3472 3017 3639 3087 gratia
3683 3016 3853 3071 fulsit.

2263 3107 2420 3176 Atqui
2447 3122 2550 3160 non
2576 3107 2816 3176 pecuniis
2841 3108 3130 3162 instructus
3151 3118 3286 3172 erat,
3306 3116 3411 3162 non
3444 3110 3655 3179 generis
3673 3110 3855 3180 Splen-

2262 3198 2411 3261 dore,
2448 3215 2553 3252 non
2614 3201 2795 3269 patria:
2840 3201 3173 3268 celebritate,
3209 3218 3313 3257 non
3362 3203 3669 3273 eloquentia
3699 3246 3713 3269 ,
3750 3223 3856 3260 non

2264 3290 2453 3360 lingua:
2480 3292 2745 3358 acumine,
2771 3279 2874 3345 non
2900 3306 3177 3348 servorum
3217 3309 3399 3365 grege,
3439 3310 3536 3349 nec
3571 3298 3857 3352 cunucho-

2262 3396 2377 3436 rum
2404 3383 2617 3451 agminc
2641 3400 2653 3437 :
2687 3398 2791 3438 non
2830 3385 3021 3438 domus
3044 3384 3141 3455 ipsi
3170 3385 3427 3440 deaurato
3450 3395 3612 3455 tecto,
3641 3405 3751 3444 non

2262 3474 2384 3527 rica:
2405 3485 2584 3529 vestes
2607 3460 2715 3528 non
2736 3490 2916 3530 mensa
2936 3476 3143 3532 deliciis
3166 3478 3377 3543 referta,
3400 3496 3509 3535 non
3538 3481 3681 3535 aliud
3702 3486 3863 3553 quid-

2260 3567 2399 3634 piam
2422 3580 2485 3620 ex
2516 3566 2599 3629 iis,
2621 3582 2736 3636 qua:
2761 3566 2910 3621 multi
2934 3568 3085 3623 beata
3112 3584 3231 3625 esse
3256 3580 3530 3641 reputant;
3556 3574 3652 3628 sed
3677 3586 3860 3632 extre-

2262 3674 2345 3713 ma
2371 3668 2684 3729 paupertas:
2713 3675 2817 3714 non
2845 3661 2920 3716 illi
2952 3661 3017 3715 ad
3044 3663 3240 3717 victum
3270 3667 3571 3720 necessaria
3601 3679 3861 3737 suppete-

2264 3752 2411 3820 bant,
2433 3753 2524 3808 sed
2548 3753 2687 3822 apud
2714 3754 2923 3807 viduam
2954 3754 3251 3820 mulierem,
3275 3757 3529 3827 illamque
3548 3758 3858 3824 Sidoniam,

2262 3845 2669 3910 emendicabat,
2713 3860 2925 3899 mamun
2966 3846 3265 3902 extendens
3292 3858 3347 3902 et
3375 3863 3566 3918 panem
3613 3862 3810 3919 petens
3844 3872 3859 3907 :

2264 3937 2621 3991 habitaculum
2655 3937 2752 4008 ipsi
2779 3947 2891 3992 erat
2923 3940 3174 4008 spelunca
3199 3982 3213 4005 ,
3246 3943 3625 3997 vestimentum
3661 3945 3822 4013 pellis
3844 3990 3857 4009 ,

2263 4043 2446 4082 mensa
2490 4036 2668 4096 terra,
2711 4031 3082 4101 progenitores
3124 4032 3387 4102 ignobiles
3430 4043 3485 4088 et
3526 4049 3593 4089 ne
3634 4038 3863 4091 nomine

2261 4123 2473 4193 quidem
2504 4123 2637 4189 noti,
2670 4124 2835 4192 patria
2866 4125 3003 4187 vilis,
3035 4127 3139 4179 vita
3163 4126 3409 4195 agrestis.
3440 4130 3691 4183 Attamen
3724 4131 3860 4185 nihil

2262 4217 2452 4271 horum
2472 4219 2853 4287 impedimento
2876 4221 2970 4288 ipsi
2996 4220 3091 4274 fuit
3107 4222 3173 4276 ad
3196 4223 3537 4292 splendorem
3558 4236 3609 4279 et
3625 4228 3862 4282 celebri-

2264 4320 2422 4365 tatem
2443 4311 2534 4365 sed
2557 4312 2717 4367 etiam
2738 4313 2951 4383 rcgihus
2978 4314 3226 4369 onmibus
3248 4318 3572 4385 opulentior,
3599 4328 3654 4373 et
3682 4320 3861 4387 philo-

2261 4403 2445 4473 sophis
2474 4405 2680 4457 cunctis
2706 4404 3123 4476 rhetoribusque
3165 4409 3477 4478 sapientior,
3512 4420 3566 4465 et
3612 4410 3720 4466 illis
3766 4416 3861 4482 qui

2262 4499 2565 4552 diademate
2617 4499 2977 4567 insigniuntur
3018 4484 3279 4556 illustrior
3309 4512 3425 4557 erat
3449 4524 3461 4556 :
3489 4514 3539 4558 et
3573 4504 3862 4561 nobilitate

2265 4592 2431 4659 magis
2458 4590 2831 4657 decorabatur,
2866 4606 3023 4661 quam
3055 4592 3087 4644 ii
3117 4593 3206 4663 qui
3257 4596 3428 4665 regias
3462 4596 3623 4651 urbes
3652 4598 3862 4654 habeat

2263 4686 2522 4755 patriam:
2554 4686 2735 4739 orbem
2767 4700 2997 4753 namque
3028 4686 3252 4754 patriam
3281 4688 3540 4752 habebat;
3566 4693 3674 4745 imo
3691 4697 3861 4748 etiam

2264 4778 2410 4830 orbis
2441 4778 2538 4846 ipsi
2566 4792 2663 4831 ceu
2696 4792 2852 4845 parva
2882 4776 3011 4831 urbs
3040 4786 3187 4844 erat,
3217 4779 3519 4850 clamatque
3553 4783 3748 4839 Paulus
3778 4787 3863 4841 di-

2264 4887 2393 4927 cens
2428 4871 2785 4927 :Circuierunt
2835 4872 2886 4922 in
2932 4870 3130 4924 metatis
3156 4912 3171 4936 ,
3224 4873 3275 4925 in
3325 4874 3537 4941 pellibus
3579 4879 3811 4943 caprinis
3846 4898 3862 4931 :

2264 4965 2439 5034 quibus
2462 4964 2645 5034 dignus
2666 4981 2765 5016 non
2778 4974 2882 5016 erat
2902 4965 3119 5017 mundus
3140 4964 3353 5030 (llcbr.l
3374 4968 3390 5019 Ι
3408 5007 3417 5018 .
3438 4968 3548 5034 37).
3574 4969 3787 5025 Etenim
3812 4978 3865 5026 in

2267 5071 2494 5124 superna
2522 5057 2738 5110 civitate
2768 5058 3101 5122 versabatur,
3124 5058 3275 5125 Cttjtts
3303 5058 3493 5113 artifex
3526 5071 3580 5113 et
3609 5064 3870 5119 conditor

2268 5161 2348 5203 est
2398 5149 2555 5202 Deus.
2604 5147 2727 5202 ldeo
2754 5147 2845 5202 tibi
2874 5164 3162 5217 pauperem
3194 5160 3241 5203 et
3274 5160 3541 5219 agrestem
3568 5153 3741 5206 virum
3778 5158 3865 5209 in-

2268 5242 2392 5297 duxi
2435 5242 2628 5311 pietate
2658 5236 3025 5310 conSpicuum,
3052 5250 3109 5294 ut
3146 5240 3349 5295 nullum
3382 5242 3658 5297 obtentum
3693 5244 3869 5301 habe-

2271 5350 2375 5390 res.
2408 5334 2539 5389 Nam
2571 5334 2614 5388 si
2642 5333 2855 5387 divitem
2884 5343 2937 5387 et
2967 5334 3260 5403 sapientem
3292 5335 3643 5401 induxissent,
3675 5337 3869 5394 dicere

2271 5426 2559 5495 potuisses,
2590 5425 2881 5493 Paupertas
2903 5434 2957 5478 et
2986 5425 3280 5494 ignorantia
3306 5426 3545 5493 impedit,
3571 5430 3868 5493 QUOIttllltlS

2274 5518 2393 5572 talis
2422 5514 2621 5571 cfliciar
2647 5533 2657 5567 :
2688 5530 2827 5570 nunc
2856 5525 3032 5569 autem
3066 5516 3130 5569 ad
3160 5516 3362 5570 tutllttnt
3394 5519 3549 5572 talem
3575 5520 3863 5580 obtentum

2336 5697 2776 5758 (1)115'.I.lccsi,ttl
2808 5710 2939 5757 anan
2959 5706 3024 5747 et.
3057 5700 3227 5759 tagina
3256 5696 3437 5745 mulsa.
