4036 6402
164 304 258 360 ³165

159 415 446 485 confugere
483 417 637 485 potes
672 425 685 461 :
720 418 841 459 nam
874 412 928 457 et
959 401 1051 455 ille
1081 412 1282 469 pauper
1307 402 1448 457 erat,
1480 389 1754 446 omnium-

159 523 261 577 que
288 480 978 570 hominum’pauperritnus
1012 509 1025 545 :
1057 494 1113 546 in
1142 491 1361 545 deserto
1389 482 1697 546 habitabat,
1732 493 1763 533 a

160 600 455 672 majoribus
487 606 543 652 ct
568 612 598 650 a
631 592 801 664 patria
839 587 1089 661 ignobilis
1111 627 1125 650 ,
1156 596 1368 639 necnon
1400 577 1618 672 abaliis
1642 589 1764 672 orn-

161 665 338 749 nilms.
389 693 641 747 Attamen
695 684 787 741 ille
833 681 954 755 plus
993 692 1157 751 quam
1191 674 1274 732 sol
1315 670 1536 736 effulsit,
1579 676 1635 724 et
1673 665 1797 722 illo.

162 796 407 855 tempore
452 790 508 837 et
553 792 701 835 nunc
746 788 982 847 quoque,
1028 780 1084 827 et
1126 777 1381 840 quantam
1424 762 1506 819 sol
1548 759 1769 830 respicit

164 889 388 941 terram,
423 884 631 931 tantam
663 870 783 940 ejus
802 867 974 940 gloria
1005 862 1269 936 pervadit,
1290 855 1504 916 etiamsi
1535 863 1662 910 ante
1692 859 1769 906 tot

162 968 359 1025 stt-cuia
390 964 662 1023 exstiterit
682 980 697 1028 ;
717 960 813 1017 sed
834 970 1039 1015 tantum
1071 967 1283 1024 tempus
1303 951 1421 1022 ejus
1448 944 1767 1004 memoriam

164 1078 269 1117 non
295 1058 598 1121 exStinxit;
628 1065 686 1111 et
700 1054 825 1125 jure
856 1050 1050 1107 merito
1075 1045 1316 1119 quidem.
1359 1041 1509 1097 Talis
1537 1050 1770 1109 namque

163 1170 249 1210 res
283 1162 368 1210 est
397 1155 569 1207 virtus
588 1190 605 1213 ,
636 1143 954 1203 immortalis
973 1184 990 1209 ,
1021 1156 1140 1212 qum
1171 1139 1290 1211 plus
1305 1149 1472 1206 quam
1494 1132 1576 1188 sol
1616 1129 1771 1186 efful-

162 1256 307 1317 geat.
352 1242 593 1307 Verum,
646 1248 704 1294 ut
756 1238 868 1309 jam
930 1235 1039 1290 dixi
1086 1233 1313 1303 (neque
1355 1227 1498 1283 enim
1556 1222 1773 1295 oportet

165 1354 287 1405 nos,
324 1339 377 1394 in
426 1336 705 1408 propheta:
753 1331 968 1386 laudum
1016 1328 1235 1399 pelagus
1277 1323 1507 1385 delatos,
1543 1318 1772 1373 instituti

166 1432 467 1502 argumenti
496 1427 789 1496 oblivisci),
821 1424 906 1478 hie
932 1436 1147 1494 quoque
1173 1418 1261 1472 illa
1291 1416 1529 1478 exhibet,
1555 1426 1674 1482 qua:
1704 1411 1773 1466 de

168 1526 354 1598 Hoyse
378 1524 521 1579 dicta
547 1533 692 1577 sunt.
724 1520 857 1589 Quia
887 1516 1033 1573 enim
1057 1512 1348 1569 verisimile
1372 1518 1488 1565 erat
1512 1508 1683 1573 illum,
1706 1520 1773 1558 ex

168 1597 432 1687 praeclare
457 1615 625 1687 gestis
654 1615 876 1676 elatum,
913 1623 1019 1664 n0n
1059 1604 1347 1662 admodum
1392 1615 1618 1672 pronum
1661 1597 1775 1651 fore

170 1709 237 1765 ad
268 1708 482 1764 veniam
531 1704 743 1762 ca-tcris
788 1700 1228 1764 concedendam;
1276 1696 1397 1751 vide
1448 1692 1574 1765 quid
1617 1690 1778 1746 faciat

172 1801 313 1855 Deus
337 1816 351 1854 :
384 1798 641 1868 permittit
668 1796 819 1850 illum
847 1794 1014 1867 gratia
1042 1806 1139 1846 sua
1172 1788 1382 1854 nudari,
1410 1795 1466 1841 ut
1491 1782 1777 1841 infirmita-

171 1903 278 1948 tem
324 1892 446 1961 ejus
490 1889 900 1945 ostendat:imo
942 1900 1070 1941 vero
1114 1899 1145 1940 e
1185 1898 1243 1937 re
1274 1880 1555 1944 fuerit,ut
1603 1876 1778 1947 primo

170 1983 525 2040 ostendamus
548 1980 820 2053 quomodo
852 1995 958 2034 non
988 1986 1130 2033 esset
1152 1974 1218 2030 ad
1240 1974 1451 2030 veniam
1475 1969 1781 2026 conceden-

172 2077 295 2133 dam
326 2088 551 2147 pronus.
584 2074 871 2144 Postquam
900 2072 1045 2127 enim
1076 2069 1345 2123 clauserat
1362 2064 1577 2129 caelum,
1596 2070 1651 2118 et
1673 2070 1781 2115 ter-

174 2187 289 2226 iam
322 2169 716 2225 infructuosam
750 2166 1081 2227 reddiderat,
1106 2162 1382 2232 famesque
1402 2167 1553 2223 erat;
1586 2155 1777 2220 fames,

172 2265 418 2335 inquam,
466 2263 708 2318 omnium
756 2258 1135 2322 acerbissima;
1183 2264 1239 2309 et
1285 2268 1438 2324 aqua:
1481 2251 1781 2319 absumpta:

174 2367 362 2423 erant,
395 2358 665 2413 exsiccata
700 2354 888 2419 herba,
919 2352 1137 2407 flumina
1168 2347 1503 2413 defecerant,
1530 2342 1781 2399 horrida-

176 2467 279 2522 que
309 2459 431 2505 erat
474 2458 631 2504 terrae
678 2447 862 2514 facies,
902 2428 1155 2501 mortem.
1181 2442 1468 2506 minitans;
1504 2436 1781 2506 famesque

180 2542 411 2599 ulterius
458 2539 759 2610 procedens
807 2538 1099 2604 szeviebat,
1131 2534 1488 2590 miserrimam
1521 2530 1785 2586 inducens

177 2644 410 2691 mortem
440 2653 451 2686 :
478 2648 652 2703 neque
678 2633 756 2686 sic
799 2631 889 2686 ille
939 2629 1167 2684 inflexus
1196 2636 1312 2690 est;
1348 2625 1442 2681 sed
1501 2623 1689 2679 abiens
1732 2623 1785 2676 in

179 2731 377 2785 montis
397 2728 683 2783 cacumine
704 2725 886 2781 sedem
918 2730 1094 2793 posuit
1112 2765 1128 2791 ,
1148 2736 1271 2776 cum
1297 2720 1578 2775 Judaicum
1611 2731 1785 2789 popu-

180 2824 289 2879 lum
316 2822 368 2877 in
401 2832 509 2876 tam
534 2833 753 2891 gravem
769 2817 1130 2872 calamitatem
1154 2825 1208 2871 et
1234 2814 1411 2869 tabem
1438 2812 1782 2881 conjecissct.

180 2916 286 2972 Sed
318 2915 586 2984 benignus
617 2912 778 2976 Deus,
798 2921 851 2965 et
870 2908 1155 2965 inelfabilis
1182 2906 1404 2977 ejusque
1422 2903 1655 2965 bonitas.
1677 2911 1789 2957 tan-

180 3017 290 3063 trm
335 3007 683 3061 severitatem
727 3016 832 3058 non
877 3001 1026 3066 tulit;
1056 2999 1151 3055 sed
1196 2998 1452 3069 quoniam
1486 2995 1580 3051 ille
1611 2994 1786 3065 ipsum

184 3100 393 3172 precari
436 3100 657 3155 nolebat
699 3106 756 3151 ut
780 3096 1142 3152 calamitatem
1165 3093 1422 3157 auferret,
1450 3104 1572 3144 cum
1607 3099 1788 3143 tamen

182 3195 329 3250 Deus
355 3194 475 3248 sine
506 3192 599 3247 illo
630 3191 681 3246 id
715 3191 974 3261 perlicere
1002 3187 1201 3249 nollet;
1245 3185 1367 3239 vide
1420 3183 1546 3255 quid
1593 3185 1787 3236 factum

180 3288 249 3339 sit
274 3286 488 3356 :primo
512 3298 636 3338 cum
669 3282 759 3336 illo
788 3297 901 3335 rem
928 3280 1310 3341 communicnt,
1331 3285 1383 3331 et
1410 3286 1537 3330 tunc
1560 3296 1569 3344 ι
1592 3274 1791 3329 inviam

184 3380 366 3434 mittit.
398 3376 585 3432 Viden'
616 3376 669 3430 in
700 3374 734 3429 h
758 3390 803 3430 ιο
823 3375 984 3429 etiam
1007 3373 1097 3428 Dei
1128 3372 1509 3441 benignitatem
1529 3381 1579 3423 et
1603 3369 1794 3423 huma-

185 3470 430 3533 nitatem,
457 3478 621 3537 atque
664 3467 924 3521 honorem
954 3479 1063 3535 quo
1108 3474 1352 3517 sanctum
1386 3462 1556 3515 virum
1600 3476 1791 3532 prosc-

184 3560 489 3631 qnebatur?
516 3558 703 3627 Neque
750 3558 893 3612 enim
943 3556 1093 3627 prius
1136 3555 1337 3609 imbres
1379 3553 1594 3615 emisit,
1628 3567 1789 3622 quam

185 3658 338 3712 illum
382 3664 529 3709 esset
585 3653 895 3723 alloquutus
922 3659 977 3706 et
1005 3650 1132 3721 quid
1176 3647 1416 3703 futurum
1454 3654 1601 3702 esset
1627 3645 1799 3700 dixis-

188 3759 303 3813 set,
341 3748 646 3815 futuraeque
689 3744 837 3798 illum
867 3742 1013 3797 misit
1054 3756 1236 3796 rerum
1276 3738 1619 3795 abundantiae
1653 3752 1794 3808 prae-

186 3858 401 3898 conem.
429 3842 568 3908 Quia
619 3840 762 3894 enim
819 3852 916 3908 per
959 3852 1084 3891 eum
1134 3835 1307 3891 tristia
1356 3843 1670 3899 evenerant,
1701 3849 1791 3886 vo-

190 3938 284 3991 luit
310 3936 476 3991 etiam
510 3936 774 3990 bonorum
808 3931 1159 4001 betarumque
1188 3930 1432 3983 nuntium
1466 3942 1609 3989 esse,
1634 3937 1797 3993 atque

186 4044 249 4082 cx
282 4035 476 4081 monte
529 4025 781 4080 eductum
830 4022 977 4077 illum
1008 4021 1155 4075 misit
1184 4021 1273 4092 qui
1308 4021 1505 4090 ubique
1538 4018 1791 4073 imbrium

186 4121 483 4177 adventum
512 4131 564 4174 et
589 4127 919 4174 cessaturam
947 4130 1070 4171 esse
1099 4116 1293 4170 famem
1325 4114 1662 4184 pra-diceret.
1699 4114 1797 4167 At-

190 4225 371 4271 tamen
398 4230 526 4270 cum
560 4212 775 4267 tandem
802 4211 976 4283 pluvia
1005 4208 1318 4272 decidisset,
1351 4218 1406 4260 et
1436 4206 1583 4261 brevi
1617 4220 1796 4261 rerum

186 4307 433 4361 omnium
463 4306 617 4374 copia
643 4305 868 4361 adveua
910 4302 1137 4370 fuisset,
1177 4310 1534 4372 congregatos
1578 4301 1669 4355 ille
1711 4316 1798 4355 sa-

186 4399 442 4455 cerdotes
474 4396 649 4452 Baulis
680 4410 906 4451 numero
930 4394 1375 4466 quadringentos,
1402 4395 1510 4448 imo
1535 4394 1794 4464 quadrin-

186 4502 379 4566 gentos
409 4502 467 4548 et
496 4491 767 4563 octoginta
817 4490 1085 4561 jugulavit
1105 4529 1119 4553 .
1147 4500 1201 4546 ct
1222 4489 1499 4561 sanguinis
1530 4498 1799 4545 torrentes

187 4586 386 4641 emisit.

255 4679 311 4733 4.
355 4676 500 4744 Quid
533 4675 648 4731 hac
678 4672 745 4729 ad
777 4674 1081 4729 institutum
1112 4674 1397 4729 nostrum?
1427 4672 1505 4729 Ne
1528 4673 1798 4755 turberis,

186 4792 217 4827 ο
249 4773 487 4833 dilecte;
519 4770 584 4824 ad
615 4771 786 4839 ipsam
819 4770 1085 4824 dictorum
1110 4784 1376 4826 summam
1404 4770 1515 4836 jam
1542 4785 1795 4841 propero.

186 4864 481 4935 Postquam
512 4864 657 4918 enim
704 4862 975 4916 flammam
1028 4862 1172 4916 illam
1230 4876 1262 4916 e
1318 4861 1453 4916 cmlo
1508 4862 1696 4927 duxit,
1744 4873 1801 4919 et

188 4957 474 5011 victoriam
499 4952 1285 5024 reportavit,splendidumque
1312 4966 1573 5022 tropaeum
1600 4956 1795 5021 erexit,

186 5064 246 5102 ac
277 5046 630 5102 sacerdotum
660 5043 864 5100 ca-dem
894 5044 1158 5113 patravit,
1190 5045 1320 5097 abiit
1365 5045 1606 5116 gaudens
1635 5057 1686 5099 et
1732 5047 1801 5101 de

187 5142 356 5210 gestis
386 5138 676 5208 magnifice
705 5138 964 5191 sentiens.
1002 5137 1144 5191 Misit
1176 5138 1243 5191 ad
1273 5138 1420 5191 illum
1452 5154 1588 5193 uxnr
1620 5139 1800 5193 Acha-

188 5235 306 5296 abi,
360 5230 707 5287 meretricula
754 5228 876 5283 vilis
910 5242 964 5285 et
1009 5229 1346 5299 spernenda,
1399 5229 1633 5286 dicens:
1672 5232 1801 5288 [lac

190 5330 382 5395 faciunt
416 5326 542 5379 mihi
576 5326 649 5377 dii
675 5364 689 5389 ,
719 5335 764 5378 et
796 5324 903 5378 Ιιιτσ
947 5323 1143 5377 addant
1164 5366 1177 5387 ,
1207 5327 1253 5378 si
1292 5342 1391 5379 non
1436 5343 1653 5395 posuero
1684 5344 1799 5381 cras

190 5420 416 5472 animum
484 5430 627 5468 tuam
677 5415 809 5468 sicut
865 5431 1021 5468 unum
1073 5432 1135 5469 ea:
1188 5416 1265 5469 his
1310 5417 1677 5471 sacerdotibus.
1732 5418 1799 5472 Et

190 5518 354 5565 tnunu
384 5510 474 5563 ille
494 5552 507 5574 ,
535 5521 583 5563 el
616 5507 750 5579 fugit
778 5507 909 5561 vium
945 5509 1289 5578 quadraginta
1321 5508 1519 5562 dierum
1549 5510 1627 5579 (5.
1666 5510 1799 5581 Heg,

192 5607 275 5661 l9.
302 5604 359 5660 2.
401 5602 479 5673 5).
514 5603 655 5671 Quid
684 5601 857 5672 ergo?
901 5603 1077 5655 anima
1130 5603 1217 5656 illa
1246 5602 1438 5656 caelum
1482 5602 1754 5672 attingens
1779 5646 1793 5671 ,

192 5697 235 5752 is
262 5698 353 5769 qui
381 5705 553 5750 totum
583 5693 840 5748 mundum
864 5692 1217 5762 despiciebat,
1241 5694 1329 5764 qui
1363 5693 1559 5749 famem
1594 5703 1795 5749 tantam

193 5798 629 5862 contempserat,
676 5788 769 5858 qui
813 5795 1000 5842 contra
1050 5803 1232 5860 regem
1264 5799 1553 5860 tyrannum
1606 5788 1797 5859 hujus«

838 288 855 341 l
896 282 1200 350 llOMlLIA,
1241 278 1428 350 QUOD
1469 265 1941 340 FliEQUENTEll
1977 264 2528 324 CONVENIENDUM
2568 260 2699 334 SIT,
2744 266 2898 323 ETC.

3380 270 3489 327 ‘66

1879 383 2024 439 modi
2060 384 2447 447 insurrexerztt,
2490 382 2583 453 qui
2627 381 2819 437 cu'lum
2867 382 3135 440 clauserat
3171 393 3227 440 et
3252 398 3485 455 aperue-

1873 486 1991 543 rat,
2017 476 2110 545 qui
2169 488 2315 528 nunc
2356 474 2628 545 pluviam,
2663 488 2805 531 nunc
2843 473 3117 531 flammam
3163 475 3487 545 deduxerat,

1871 569 1963 641 qui
2002 577 2212 624 natura:
2245 567 2602 622 necessitates
2638 566 3095 637 conculcaverat,
3137 570 3229 641 qui
3272 572 3491 628 concuti

1874 677 1984 719 non
2024 670 2272 735 poterat,
2316 669 2372 717 et
2411 660 2612 730 ubique
2658 659 2972 717 confidebat
3015 678 3031 716 :
3079 657 3171 717 hic
3214 672 3449 734 repente
3474 704 3489 729 ,

1875 763 1998 828 post
2027 763 2105 811 tot
2134 753 2399 825 praeclare
2426 763 2579 825 gesta
2597 792 2615 820 ,
2646 762 2767 822 post
2796 761 3000 809 tantam
3023 751 3301 822 fiduciam,
3329 757 3494 812 unius

1876 849 2181 906 fornicariai
2220 848 2416 921 puellas
2458 849 2667 915 minas,
2722 851 2893 906 verbo
2950 836 3162 907 tanfum
3211 851 3490 923 prolatas,

1877 959 1985 1001 non
2016 944 2169 1010 tulit,
2211 944 2309 1001 sed
2340 943 2599 1015 profugus
2621 953 2678 1001 et
2703 943 2860 999 exsul
2890 943 3129 1001 efficitur
3150 986 3165 1012 ,
3198 946 3266 1001 ad
3299 945 3490 1001 deser-

1880 1047 1991 1093 tum
2029 1036 2307 1107 confugit,
2350 1046 2407 1092 et
2454 1036 2811 1109 quadraginta
2855 1038 3067 1094 dierum
3112 1038 3216 1094 iter
3263 1040 3491 1094 recedit.

1878 1133 2139 1203 Quaenam
2188 1133 2349 1203 igitur
2394 1132 2554 1203 hujus
2596 1134 2676 1188 rei
2726 1147 2891 1189 causa
2944 1134 3074 1190 est?
3125 1133 3271 1189 Deus
3322 1135 3492 1205 gratia

1880 1240 1975 1281 sua
2016 1224 2238 1280 nudavit
2279 1224 2452 1289 illum,
2480 1233 2536 1281 et
2577 1233 2701 1280 tunc
2731 1226 2981 1296 apparuit
3015 1234 3223 1281 natura:
3269 1226 3495 1282 infirmi-

1883 1326 1966 1372 tas
1999 1335 2012 1372 :
2046 1326 2448 1372 monstraverat
2478 1316 2621 1371 Dcus
2657 1318 2979 1388 prophetam
3002 1360 3016 1380 ,
3070 1319 3394 1373 monstravit
3441 1332 3496 1373 et

1881 1412 2159 1467 hominem
2186 1453 2202 1474 ,
2256 1421 2314 1464 ut
2341 1410 2615 1466 discerent
2646 1426 2708 1467 ea
2736 1425 2860 1483 quae
2903 1424 3031 1466 tunc
3056 1420 3206 1482 gesta
3246 1411 3494 1475 fuerant,

1881 1506 2076 1576 gratia:
2130 1520 2267 1575 opus
2299 1503 2491 1559 fuisse.
2543 1504 2671 1560 lla'c
2729 1520 2893 1575 porro
2930 1503 3196 1569 faciebat,
3249 1514 3308 1561 ut
3346 1505 3497 1560 illum

1882 1598 1950 1651 ad
1998 1597 2212 1652 veniam
2276 1596 2492 1652 exteris
2553 1596 2962 1653 concedendam
3006 1613 3237 1670 pronum
3296 1598 3495 1653 redde-

1884 1699 1990 1754 ret,
2013 1701 2175 1761 utque
2192 1691 2556 1761 arrogantiam
2583 1706 2646 1745 ex
2677 1692 2937 1761 praeclare
2956 1692 3126 1762 gestis
3154 1701 3362 1763 partam
3382 1708 3500 1747 suc-

1885 1784 2089 1839 cideret
2111 1794 2165 1839 et
2180 1783 2481 1839 cohiberet.
2514 1784 2669 1852 Quod
2694 1794 2875 1840 autem
2918 1800 3170 1855 magnum
3218 1786 3497 1857 quidpiam

1885 1876 1953 1931 de
1981 1891 2041 1931 se
2068 1876 2294 1931 sentiret
2321 1883 2376 1929 et
2407 1873 2795 1947 imaginaretur
2816 1918 2833 1943 ,
2863 1875 3119 1947 quodque
3148 1885 3337 1931 contra
3364 1878 3501 1932 alios

1885 1984 2078 2025 omnes
2096 1969 2436 2039 insurgeret;
2469 1968 2619 2023 illum
2651 1968 2827 2039 ipsum
2854 1969 2931 2024 rei
2964 1978 3159 2024 testem
3188 1968 3345 2025 vobis
3372 1985 3499 2040 pro-

1888 2058 2080 2115 feram.
2112 2060 2246 2117 Cum
2278 2062 2422 2116 enim
2467 2061 2607 2115 Deus
2639 2061 2812 2131 ipsum
2842 2060 3015 2126 adiit,
3057 2069 3113 2115 et
3142 2061 3502 2132 interrogavit

1887 2169 1985 2210 Cur
2014 2154 2116 2208 isto
2142 2155 2195 2208 in
2224 2153 2346 2208 loco
2375 2160 2704 2219 versaretur,
2734 2154 2924 2208 dicens
2956 2170 2970 2208 :
3004 2153 3143 2221 Quid
3170 2154 3259 2207 tibi
3281 2154 3363 2208 Itis
3388 2164 3463 2208 est
3486 2196 3501 2216 ,

1889 2263 1919 2301 0
1968 2245 2084 2300 Elia
2121 2247 2178 2319 (ὅ
2204 2246 2336 2316 Reg.
2361 2245 2448 2301 l9.
2486 2244 2626 2316 15)?
2654 2245 2782 2301 illud
2814 2257 2963 2309 vero,
2994 2244 3132 2312 Quid
3159 2244 3246 2299 tibi
3274 2246 3357 2298 hic
3389 2246 3505 2299 est?

1890 2340 2264 2409 interrogavit,
2314 2355 2422 2393 non
2479 2348 2537 2393 ut
2578 2339 2694 2409 ipse
2740 2338 3012 2406 disceret,
3061 2339 3157 2394 sed
3200 2347 3258 2393 ut
3306 2354 3502 2393 arcana

1891 2434 2091 2490 mentis
2140 2435 2307 2504 ipsius
2355 2434 2516 2490 nobis
2564 2434 2863 2499 revelaret;
2910 2447 3031 2487 nam
3061 2433 3225 2489 etiam
3253 2429 3507 2487 Christus

1890 2542 2015 2582 cum
2051 2527 2413 2582 Chananzcam
2464 2528 2849 2598 interrogavit,
2907 2541 3015 2581 non
3075 2526 3125 2581 id
3178 2526 3305 2581 fecit
3334 2534 3390 2579 ut
3420 2525 3503 2580 di-

1893 2629 2093 2681 sceret.
2142 2619 2238 2674 sed
2265 2628 2322 2674 ut
2352 2618 2474 2674 fidei
2509 2621 2825 2674 thesaurum
2858 2622 2909 2673 in
2944 2620 3055 2690 ipsa
3086 2619 3382 2689 repositum
3409 2633 3510 2672 nos

1894 2713 2114 2768 doceret
2166 2729 2182 2767 :
2231 2711 2527 2784 interrogat
2592 2711 2754 2783 igitur
2811 2710 2962 2765 illum
3006 2727 3105 2766 cur
3144 2719 3354 2765 tantmn
3406 2710 3511 2765 iter

1895 2805 2226 2874 susceperit,
2276 2818 2341 2859 ae
2384 2804 2585 2859 relictis
2624 2804 2850 2858 urbibus
2877 2815 2930 2859 ct
2976 2803 3189 2875 pepulis
3231 2802 3508 2858 desertum

1896 2899 2183 2969 delegerit,
2231 2911 2338 2950 non
2382 2907 2440 2951 ut
2471 2897 2587 2967 ipse
2628 2897 2862 2951 disceret
2892 2913 2905 2949 :
2935 2895 3209 2967 quomodo
3238 2896 3383 2951 cnim
3418 2896 3511 2966 qui

1896 2990 2078 3045 omnia
2124 2987 2367 3043 sciebat?
2416 2988 2513 3043 sed
2556 2998 2614 3043 ut
2647 3003 2745 3043 nos
2789 2988 3011 3043 doceret
3058 3002 3154 3058 per
3201 2988 3517 3058 responsio-

1900 3100 2022 3139 nem
2052 3082 2169 3155 ejus
2195 3092 2405 3137 secreta
2436 3082 2634 3137 mentis
2664 3082 2852 3152 ipsius,
2882 3082 2936 3137 e't
2964 3080 3108 3153 quod
3135 3080 3250 3152 ipse
3284 3090 3340 3135 ut
3382 3096 3522 3151 pcr-

1902 3175 2221 3230 torrefactus
2274 3175 2328 3229 in
2381 3173 2732 3229 formidinem
2782 3172 3081 3238 incideret;
3143 3172 3511 3244 permisisset,

1900 3283 2007 3322 non
2039 3267 2373 3336 impulisset;
2424 3266 2805 3329 cancessisset,
2854 3280 3029 3335 neque
3076 3273 3333 3335 operatus
3383 3263 3515 3318 fuis-

1899 3371 2003 3429 set,
2040 3360 2135 3416 scd
2168 3360 2423 3415 nudasset
2455 3360 2605 3414 illum
2637 3360 2805 3429 gratia
2842 3368 3047 3413 tantum
3078 3399 3096 3425 ,
3126 3369 3179 3414 et
3213 3358 3305 3413 ille
3336 3356 3512 3411 victus

1899 3467 2047 3512 esset
2078 3474 2091 3509 :
2122 3472 2244 3511 cum
2290 3470 2423 3525 ergo
2467 3453 2728 3519 dixisset,
2768 3452 2907 3521 Quid
2937 3452 3026 3506 tibi
3053 3452 3137 3507 hic
3162 3494 3177 3519 ,
3213 3451 3371 3505 Elia?
3411 3468 3513 3505 au-

1899 3550 2117 3604 diamus
2154 3548 2282 3618 quid
2330 3549 2418 3601 ille
2460 3546 2701 3600 dixerit:
2761 3545 2962 3599 Altnria
3006 3552 3093 3597 tua
3134 3544 3439 3608 diruerant,
3475 3552 3522 3596 et

1904 3640 2179 3712 pmphetas
2214 3651 2324 3693 mos
2355 3638 2652 3692 occiderunt
2676 3653 2693 3701 ;
2723 3646 2768 3690 et
2799 3652 2891 3707 ego
2919 3636 3126 3690 relictus
3154 3652 3270 3690 sum
3299 3634 3439 3688 salua
3467 3643 3517 3687 et

1902 3743 2134 3805 quwrunt
2164 3734 2390 3786 aniumm
2421 3749 2584 3785 meum
2620 3730 2693 3801 (⁸5.
2732 3728 2855 3801 Reg.
2893 3729 2979 3782 l9.
3009 3726 3122 3798 η).
3157 3724 3513 3796 Viden’quotl

1902 3843 2094 3883 einnes
2140 3826 2368 3897 periisse
2409 3837 2657 3894 putaret,
2701 3834 2755 3878 et
2784 3837 2845 3876 se
2887 3822 3064 3875 solum
3094 3834 3382 3888 superesse
3408 3862 3421 3884 ,
3453 3835 3522 3876 ac

1906 3932 2027 3991 post
2069 3920 2217 3973 illum
2274 3919 2478 3972 nullum
2510 3932 2633 3972 esse
2678 3916 2885 3969 alium?
2936 3913 3080 3984 quod
3128 3913 3284 3968 illum
3324 3913 3377 3968 in
3428 3928 3517 3966 ar-

1906 4013 2205 4083 rogantium
2266 4010 2540 4065 deducere
2596 4010 2852 4080 paulatim
2926 4016 3157 4077 poterat.
3284 4002 3520 4073 Ideoque

1910 4107 2071 4167 Deus,
2104 4116 2162 4159 ut
2190 4104 2327 4161 hanc
2361 4103 2548 4157 falsam
2578 4101 2697 4171 ejus
2722 4100 3039 4170 opinio:.em
3069 4106 3373 4160 amoveret,
3402 4096 3477 4149 ait
3504 4111 3518 4147 :

1910 4200 2114 4267 Reliqui
2142 4200 2265 4253 mihi
2297 4208 2486 4266 septem
2511 4197 2671 4251 millia
2698 4194 3047 4263 virornm,qui
3073 4210 3206 4264 genu
3226 4208 3329 4245 non
3355 4192 3519 4261 ﬂexe-

1907 4303 2026 4347 runt
2068 4303 2185 4346 ante
2214 4291 2348 4345 Bnuf
2379 4289 2544 4357 (Ibid.
2580 4305 2626 4342 υ.
2679 4287 2790 4358 l8).
2836 4286 3102 4353 Quoniam
3150 4284 3314 4355 igitur
3355 4284 3520 4336 etiam

1906 4384 2124 4456 quando
2174 4383 2474 4438 siccitatem
2534 4380 2869 4443 induxerat,
2924 4378 3041 4448 ipse
3099 4379 3413 4446 pt'l'Slilcml
3467 4384 3518 4427 ut

1909 4477 2191 4547 castigatio
2236 4476 2325 4531 illa
2356 4484 2684 4545 augetetur,
2718 4484 2774 4527 et
2806 4484 2989 4541 postea
3033 4470 3102 4525 de
3132 4470 3313 4540 scipso
3354 4469 3521 4522 altum

1908 4571 2185 4643 sapiebat,
2242 4586 2306 4625 ac
2348 4571 2392 4623 si
2439 4571 2589 4624 solus
2631 4578 2776 4623 esset
2815 4567 2868 4621 in
2923 4576 3067 4622 terra
3116 4566 3247 4619 tanti
3294 4564 3470 4619 meriti
3509 4585 3522 4620 :

1911 4666 2157 4739 permisit
2187 4666 2325 4719 Deus
2366 4673 2423 4717 ut
2452 4663 2782 4718 infirmitatis
2820 4676 2930 4717 sure
2963 4676 3184 4716 sensum
3214 4669 3268 4714 et
3303 4659 3522 4728 experi-

1910 4772 2151 4818 mentum
2196 4769 2453 4830 caperet,
2484 4758 2688 4813 docens
2739 4766 2875 4827 quot
2919 4767 3104 4811 essent
3153 4756 3243 4825 qui
3292 4754 3525 4809 salutem

1908 4866 2392 4927 consequerentur,
2413 4870 2505 4925 per
2536 4852 2653 4907 huic
2682 4852 2844 4905 ambo
2889 4851 3006 4921 ejus
3055 4851 3293 4905 auinmm
3344 4847 3519 4917 depri-

1912 4964 2085 5014 mens,
2115 4950 2457 5017 suadensqne
2504 4957 2557 5001 nl
2592 4948 2791 5014 ubique
2844 4945 3088 4999 modesto
3128 4951 3352 5013 ageret,
3376 4952 3431 4996 et
3457 4941 3525 4996 ad

1912 5041 2297 5117 iguOSCcutltltu
2330 5040 2540 5093 t'x‘leris
2572 5056 2772 5109 pronus
2801 5047 2970 5101 esset,
3004 5052 3068 5090 ac
3100 5037 3218 5089 zelo
3245 5048 3346 5089 suo
3377 5033 3530 5088 beni-

1911 5137 2173 5206 gnitatem
2207 5134 2552 5187 admiscerct.

1984 5228 2037 5285 5.
2072 5226 2219 5282 Petri
2262 5227 2460 5296 lapsus.
2491 5255 2565 5264 —
2590 5223 2746 5292 Quod
2775 5223 2819 5278 si
2844 5222 3080 5277 volueris
3106 5219 3299 5277 cadent
3328 5222 3444 5291 ipsa
3474 5221 3530 5276 in

1909 5318 2062 5376 Novo
2101 5319 2457 5375 Testamento
2506 5316 2718 5382 videre,
2768 5330 2985 5370 rursum
3016 5313 3112 5368 tibi
3159 5312 3484 5383 corypbmos
3511 5354 3527 5378 ,

1912 5425 2108 5479 turres,
2142 5422 2592 5484 propugnatores,
2630 5422 2685 5467 et
2712 5410 2984 5481 principes
3012 5408 3102 5478 qui
3147 5406 3233 5462 hic
3266 5405 3525 5471 floruere,

1912 5508 1965 5561 in
2013 5506 2248 5561 medium
2297 5505 2569 5559 adducere
2626 5504 2965 5558 conabimur.
3010 5501 3165 5556 Sicut
3208 5500 3427 5571 Moysen
3473 5507 3528 5551 et

1913 5599 2088 5656 Ellam
2117 5598 2471 5663 ostendimus,
2506 5598 2585 5653 sic
2616 5597 2815 5652 Paulus
2854 5604 2910 5651 ct
2936 5595 3129 5650 Petrus
3158 5593 3209 5647 in
3242 5591 3393 5647 Novo
3419 5591 3529 5646 Te-

1911 5702 2181 5750 stamento
2195 5700 2584 5748 monstrantur.
2601 5690 3071 5759 Quemadmodum
3086 5688 3231 5743 enim
3251 5684 3525 5747 illiambo,

1915 5791 2050 5846 alius
2080 5787 2315 5860 ngyptii
2362 5789 2543 5857 unius,
2596 5788 2737 5843 alius
2786 5786 3089 5844 meretricis
3141 5782 3302 5840 unius
3353 5783 3530 5839 minas
