4036 6404
1276 283 1331 333 S.
1372 278 1645 333 JUANNIS
1683 271 2149 329 CIIIHSOS'I‘OSII

573 397 921 449 formidantes
974 397 1024 449 in
1058 380 1228 463 fugam
1261 393 1395 444 versi
1426 402 1546 443 sunt
1579 410 1594 444 ;
1620 388 1698 443 sic
1726 398 1781 442 et
1811 388 1997 441 Petrus
2017 428 2032 448 ,
2062 386 2151 439 iul-

571 502 719 540 trum
770 486 919 547 illud,
972 483 1374 537 fundamentum
1423 491 1473 535 et
1517 482 1787 542 columna,
1840 488 1957 546 post
2008 478 2150 531 mille

573 579 997 647 praedicationes,
1031 584 1147 645 post
1173 584 1249 629 tot
1276 575 1561 637 mirabilia,
1598 582 1715 641 pust
1742 582 1941 625 tantum
1986 569 2149 639 philo-

571 672 833 738 sophiam,
861 682 962 721 uou
997 669 1213 737 regina),
1236 682 1406 735 neque
1438 666 1557 729 viri,
1585 663 1677 718 sed
1696 663 1927 716 ostiaria?
1956 660 2149 731 puellae

571 762 739 815 minas
770 759 942 813 timuit
968 768 1222 826 :eratque
1245 758 1370 812 illud
1413 754 1678 826 prioribus
1725 755 1881 823 IOuge
1908 753 2142 822 gravius.

574 852 651 907 Illi
693 866 921 920 namque
970 851 1223 904 timentes
1273 858 1475 902 tantum
1519 847 1804 915 fugerunt;
1839 845 1925 899 hic
1968 854 2145 898 autem

564 945 882 1013 gravissimo
933 944 1082 1012 lapsu
1126 942 1322 997 cecidit
1361 940 1538 1014 (Joan.
1571 938 1805 1011 18.17),
1851 948 1908 993 ut
1959 952 2148 995 omnes

564 1036 771 1089 sciant:
807 1045 1083 1103 postquam
1110 1036 1251 1088 enim
1284 1035 1449 1102 gratia
1480 1035 1705 1086 nudatus
1734 1042 1835 1095 est,
1864 1032 2146 1087 inﬁrmitas

563 1127 678 1192 ejus
708 1126 948 1195 apparuit
975 1127 1389 1180 deserenteeiuu
1418 1126 1504 1177 Dei
1524 1140 1669 1179 cura.
1698 1124 1944 1179 Permisit
1965 1134 2143 1177 autem

569 1220 706 1271 Ileus
738 1227 794 1271 ut
820 1218 1056 1282 caderet,
1083 1218 1204 1286 quia
1228 1216 1567 1270 etiamillum
1590 1217 1753 1270 totius
1779 1216 1923 1270 orbis
1951 1214 2147 1283 princi-

564 1325 682 1377 pem
697 1314 1083 1364 coustituturus
1100 1318 1243 1375 erat;
1265 1319 1320 1363 ut
1337 1324 1556 1363 suorum
1576 1324 1781 1362 memor
1800 1300 2139 1369 delictorum,

563 1404 625 1455 iis
656 1404 743 1469 qui
772 1403 1027 1473 deinceps
1048 1404 1426 1472 supplantandi
1456 1402 1632 1457 forent
1670 1417 1869 1471 pronus
1895 1411 2038 1456 esset
2076 1402 2140 1454 ad

554 1494 765 1547 veniam
794 1495 1215 1549 concedendum.
1233 1494 1386 1563 Quod
1405 1505 1580 1547 autem
1612 1494 1727 1548 haec
1750 1509 1852 1547 non
1876 1511 1939 1547 ex
1970 1494 2141 1563 Cunjc-

557 1595 705 1639 ctura
729 1586 924 1652 dicam,
952 1586 1075 1641 audi
1101 1589 1271 1655 ipsum
1300 1586 1572 1640 Christum
1596 1587 1858 1639 dicentem
1894 1604 1906 1639 :
1936 1586 2137 1649 Simon,

559 1679 759 1741 Simon,
794 1680 987 1741 quoties
1031 1681 1236 1749 expetiit
1265 1689 1311 1733 te
1338 1692 1563 1743 satanas,
1618 1691 1670 1732 ut
1719 1680 1965 1732 cribruret
2012 1689 2141 1731 tam-

558 1786 707 1837 quam
739 1771 961 1823 triticum
992 1786 1009 1823 :
1037 1781 1083 1823 et
1130 1787 1220 1840 ego
1250 1788 1343 1837 pro
1390 1779 1437 1823 te
1483 1771 1658 1839 rogari
1688 1779 1742 1821 ut
1790 1786 1892 1823 non
1937 1770 2141 1837 deficiat

557 1858 685 1925 ﬁdes
715 1870 820 1911 tua.
849 1859 915 1912 Et
944 1870 998 1911 tu
1032 1859 1307 1927 aliquando
1345 1874 1615 1912 conversus
1659 1859 1906 1926 conﬁrma
1953 1864 2138 1929 fratres

553 1958 664 2003 tuos
693 1949 842 2019 (Luc.
870 1949 964 2005 22.
994 1950 1108 2019 5|).
1137 1950 1284 2003 Ilauc
1307 1950 1458 2011 milii,
1490 1951 1679 2019 inquit,
1707 1951 1887 2003 auxilii
1915 1953 2136 2018 prmstiu'

549 2040 618 2092 da
643 2040 1053 2095 retributionem
1082 2060 1094 2092 :
1127 2042 1227 2094 nisi
1253 2042 1396 2095 enim
1428 2056 1542 2094 mea
1572 2034 1785 2109 adjutus
1807 2041 1998 2095 luis+es
2026 2056 2142 2109 pro.

557 2131 809 2195 videnda,
845 2131 988 2184 illius
1016 2130 1376 2201 incursionem
1406 2147 1501 2199 per
1533 2144 1583 2185 te
1626 2131 1768 2186 ferre
1797 2148 1899 2186 non
1929 2134 2137 2200 potuis-

551 2241 658 2276 ses.
690 2224 799 2279 Tua
850 2240 979 2295 ergo
1008 2226 1271 2295 cogitans,
1319 2227 1436 2279 aliis
1484 2228 1644 2280 etiam
1677 2240 1793 2281 esto
1821 2229 2081 2296 prOpitius
2111 2245 2123 2279 ε

548 2315 679 2367 illud
707 2316 873 2381 enim,
892 2316 1170 2382 rcon/irma,
1207 2316 1307 2369 hoc
1336 2316 1726 2370 subiudicantis
1754 2328 1836 2371 est
1870 2336 1881 2371 :
1922 2333 2016 2372 ens
2045 2318 2133 2387 qui

553 2406 804 2465 vacillant
828 2406 1110 2473 conﬁrma,
1138 2408 1244 2461 illis
1274 2417 1325 2462 te
1352 2417 1739 2476 attemperans,
1772 2426 1989 2464 manum
2022 2426 2135 2481 ror-

548 2496 746 2565 rigens,
778 2494 1164 2552 humanitatem
1211 2498 1479 2553 exhibens
1512 2501 1751 2553 multum.
1788 2502 1850 2554 Iit
1889 2502 2087 2555 Paulus
2116 2544 2132 2569 ,

550 2586 707 2639 leone
751 2587 939 2654 quovis
985 2588 1261 2652 audacior,
1310 2590 1699 2657 itm-erterritus
1745 2592 1832 2647 ille
1879 2595 2131 2659 annuus,

548 2676 776 2744 tdipsum
805 2693 993 2747 passus
1021 2688 1123 2734 est.
1161 2677 1222 2734 Et
1253 2681 1370 2736 vide
1408 2683 1676 2752 quomodo
1707 2698 1921 2754 semper
1944 2696 2131 2739 osten-

545 2768 635 2820 dat
662 2783 721 2822 se
750 2767 1064 2824 humilitatis
1092 2770 1380 2839 pharmace
1406 2789 1541 2842 opus
1570 2776 1764 2829 habere
1796 2796 1808 2831 :
1837 2777 2133 2834 Corinthiis

546 2873 773 2927 namque
804 2860 1044 2915 scribens
1068 2862 1171 2915 ait:
1190 2860 1328 2916 Noto
1346 2875 1513 2917 autem
1538 2882 1623 2918 vos
1650 2867 1903 2936 ignorare,
1923 2862 2125 2937 fratres,

547 2950 609 3001 de
638 2950 959 3004 tribulatione
984 2962 1176 3017 nostra,
1207 2969 1318 3021 qua:
1343 2954 1480 3022 facta
1501 2966 1571 3008 est
1597 2956 1806 3009 nobisin
1838 2960 1977 3021 Asia,
2005 2976 2131 3029 quo-

546 3041 680 3092 niam
708 3058 865 3109 sapra
892 3042 1096 3095 modum
1126 3045 1321 3113 gravati
1351 3060 1520 3097 sumus
1550 3062 1707 3114 supra
1738 3049 1966 3102 virtutem
1998 3063 2017 3103 .'
2043 3053 2130 3104 sed

544 3132 645 3199 ipsi
675 3133 726 3185 in
767 3134 1139 3203 nobismetipsis
1187 3152 1484 3203 responsum
1535 3140 1710 3194 mortis
1760 3141 2047 3208 habuimus,
2080 3156 2131 3197 ut

543 3240 644 3275 non
673 3223 831 3277 simus
872 3225 1084 3290 ﬁdentes
1123 3226 1175 3279 in
1224 3227 1386 3290 nobis,
1429 3229 1518 3280 sed
1547 3229 1600 3281 in
1644 3229 1750 3284 Deo
1793 3234 1881 3297 qui
1923 3236 2131 3287 suscitat

542 3324 785 3376 mortuos,
818 3314 905 3382 qui
931 3316 994 3367 de
1014 3318 1168 3370 tantis
1185 3318 1424 3385 periculis
1450 3336 1539 3373 nos
1567 3322 1769 3390 eripuit.
1797 3324 2129 3393 Sperat-imus

540 3414 709 3455 mitem
736 3406 871 3472 quod
898 3422 988 3460 nos
1018 3408 1191 3477 eripiet
1224 3408 1279 3477 (‘2
1327 3408 1445 3462 Cor.
1480 3413 1530 3465 1.
1565 3413 1597 3467 8
1636 3414 1745 3483 II).
1796 3417 2127 3485 DeSpct-alia-

546 3492 680 3556 inus,
702 3496 901 3563 inquit,
923 3513 1095 3566 neque
1124 3503 1563 3567 exspectabamus
1595 3520 1691 3559 nos
1714 3507 1892 3562 vivere
1926 3525 2081 3579 posse
2111 3531 2124 3575 ;

538 3586 633 3636 sed
669 3590 955 3639 morituros
988 3603 1083 3641 nos
1125 3605 1245 3643 esse
1277 3594 1629 3658 putabamus:
1666 3598 1766 3652 hoc
1795 3600 1937 3653 enim
1970 3604 2130 3673 signi-

542 3680 669 3728 timt
725 3677 889 3742 ilhul,
945 3678 1054 3749 Ipsi
1095 3680 1151 3734 in
1193 3684 1561 3744 nobismetipsis
1609 3705 1904 3758 responsum
1955 3698 2129 3752 mortis

541 3766 859 3821 habuimus:
893 3769 993 3823 hoc
1042 3786 1127 3825 res
1176 3773 1303 3840 ipsa:
1361 3775 1515 3831 nobis
1560 3781 1978 3850 respondebant,
2031 3805 2129 3844 nos

536 3857 762 3910 (uttnino
788 3860 1053 3926 perituros
1081 3880 1217 3917 esse.
1249 3862 1358 3917 Cur
1384 3867 1650 3922 concessit
1679 3869 1838 3939 Deus,
1870 3886 1927 3928 ut
1951 3876 2016 3930 ad
2052 3888 2130 3933 tot

537 3956 794 4016 tantaque
820 3951 1048 4018 pericula
1082 3954 1428 4010 veniremus?
1489 3954 1557 4011 Ut
1611 3971 1679 4009 ue
1738 3960 1965 4021 lileutcs
2040 3946 2127 4023 cs-

539 4056 723 4092 H'tlllts
762 4042 811 4093 in
839 4043 1014 4109 nobis,
1043 4044 1135 4097 sed
1168 4046 1218 4098 in
1250 4046 1360 4100 Deo
1388 4049 1477 4115 qui
1510 4051 1734 4106 suscitat
1760 4065 2038 4113 mortuos:
2073 4061 2125 4116 id

537 4140 639 4192 est,
673 4140 727 4182 ut
774 4148 877 4186 non
924 4135 1090 4186 altum
1135 4150 1479 4204 saperemus,
1511 4155 1615 4193 non
1645 4144 2030 4203 extollercmur
2058 4152 2125 4207 de

538 4220 573 4271 b
600 4221 695 4273 :uis
726 4223 999 4288 operibus.
1034 4222 1186 4290 Quod
1233 4228 1459 4282 subinde
1510 4231 1705 4287 clarius
1736 4234 1899 4302 dicit,
1931 4238 2123 4296 iterum

540 4312 610 4363 ita
655 4315 917 4371 srriltens.
966 4316 1250 4385 Postquam
1289 4321 1430 4373 enim
1480 4322 1689 4378 dixerat
1729 4341 1789 4381 se
1835 4332 1887 4382 in
1933 4332 2120 4389 calum

535 4415 745 4470 ruptum
770 4416 823 4460 et
862 4407 912 4459 in
947 4409 1249 4475 paradi>um
1294 4410 1591 4481 ingressum
1626 4414 1807 4477 fuisse.
1841 4430 2003 4490 atque
2023 4442 2121 4480 ar-

533 4511 667 4546 t'aua
695 4498 776 4550 iila
803 4499 960 4553 verba
984 4499 1274 4566 audivisse,
1303 4505 1575 4572 subjunxit
1608 4525 1619 4560 :
1655 4508 1717 4561 Et
1738 4528 1798 4564 ne
1826 4518 2122 4585 magnitudo

536 4587 897 4641 r'cvt'lutiuuum
924 4591 1132 4644 extollat
1158 4610 1250 4656 me,
1279 4595 1427 4650 datus
1453 4608 1527 4649 est
1548 4600 1672 4651 milii
1699 4604 1931 4658 stimulus
1952 4611 2115 4675 carni,

531 4679 743 4745 πυρίτης
791 4691 1001 4744 satauw,
1053 4691 1106 4734 ut
1157 4700 1234 4735 me
1272 4686 1552 4753 culuphizet
1599 4688 1677 4758 (9..
1724 4691 1843 4747 Cor.
1890 4696 1977 4749 12.
2013 4700 2065 4769 7)
2104 4718 2117 4754 :

538 4771 622 4821 hic
674 4771 975 4826 subiudicat
1020 4776 1137 4828 illus
1163 4778 1249 4842 qui
1281 4792 1340 4831 se
1371 4781 1655 4844 vexabant,
1682 4785 1770 4850 qui
1800 4787 1899 4840 sibi
1953 4791 2121 4846 mole-

535 4862 689 4913 stiam
718 4863 1015 4929 pariebant,
1039 4875 1091 4919 et
1116 4882 1174 4919 se
1205 4868 1254 4919 ili
1281 4883 1551 4923 carcerem
1583 4874 1939 4942 c0njiciebattl
1970 4900 1982 4935 :
2016 4883 2120 4936 siu-

529 4952 683 5016 gnlns
706 4953 845 5006 enim
873 4955 1081 5009 illorum
1114 4967 1351 5011 satanam
1376 4970 1545 5015 vocat.
1575 4962 1902 5022 Permissum
1935 4985 2113 5029 autem

537 5043 651 5103 iuit,
680 5044 870 5112 inquit.
905 5055 959 5097 ut
1004 5050 1324 5103 tentatiunes
1355 5054 1694 5113 sustinerem,
1730 5073 1784 5111 ιιι
1810 5069 2113 5128 arrogantia

545 5128 587 5139 ξ

508 310 512 315 ι
574 283 676 339 ι’ἶῖ

611 5132 1671 5154 ——.__.____—.____________

1678 5145 1726 5157 α

1733 5148 2005 5161 ’ἤρεψε-...-

2190 270 2502 326 ΑΙὶΟΙΙΙΕΙ).
2546 268 3077 325 (ΣΟΝδΤΛΧΉΝυΡ.

3752 278 3858 327 MSS

2265 398 2380 436 mea
2434 384 2837 451 reprimeretur,
2891 396 2939 437 et
2995 396 3045 436 ut
3083 390 3323 439 modeste
3370 400 3527 453 agere
3560 386 3853 443 discerem.

2263 475 2490 543 Ideoque
2516 490 2634 527 cum
2670 475 2834 528 Deum
2885 490 3181 543 rogassent,
3208 477 3258 530 id
3298 476 3437 546 quod
3466 478 3715 546 petebam
3747 494 3856 533 nou

2260 570 2575 637 iii-petravi;
2623 570 2715 622 sed
2750 568 2956 621 insidiis
3000 572 3279 638 expositus
3311 579 3574 639 perpetuo
3625 572 3801 625 mansi
3839 613 3853 635 ,

2255 675 2524 716 {erumnas
2556 660 2758 713 habens
2787 660 2836 712 in
2886 660 3233 728 pharmacum
3264 663 3593 716 IlIItItlliL’IIIS.
3630 663 3709 716 Ac
3746 664 3853 715 vita

2256 768 2415 821 quam
2464 752 2664 821 pridem
2725 764 2779 807 et
2827 762 2951 806 ante
2997 754 3403 807 conversionem
3444 754 3689 820 duxerat,
3718 756 3854 808 satis

2254 854 2370 898 erat
2396 845 2460 897 ad
2508 844 2659 897 illum
2692 843 2758 898 ad
2790 858 2973 897 sanam
3007 854 3241 899 tuentem
3288 845 3679 901 reducendum.
3713 844 3852 900 Nam

2254 936 2342 1004 qui
2372 935 2438 990 ad
2474 936 2637 1005 pedes
2664 934 2972 989 Gamalielis
3002 934 3233 998 sederat,
3261 933 3353 1004 qui
3378 948 3627 991 accurate
3654 952 3853 992 secun-

2253 1026 2376 1079 dum
2410 1037 2679 1095 paternam
2711 1025 2882 1095 legem
2928 1025 3087 1078 vitam
3118 1028 3342 1096 agebat,
3378 1027 3466 1096 qui
3501 1038 3849 1097 paternarum

2255 1116 2597 1172 traditiouum
2641 1116 2923 1170 aemulator
2949 1125 3085 1182 erat,
3132 1118 3220 1183 qui
3270 1119 3559 1186 prophetas
3603 1119 3849 1187 quotidie

2249 1210 2549 1273 cvolvebat,
2581 1210 2669 1278 qui
2699 1210 2749 1262 in
2779 1209 2893 1278 lege
2920 1209 3178 1263 educatus
3206 1208 3382 1264 fuerat
3417 1229 3427 1261 :
3462 1210 3545 1264 hic
3564 1211 3848 1266 Christum

2251 1303 2339 1372 qui
2370 1303 2679 1366 advenerat,
2711 1312 2765 1356 ct
2792 1302 3048 1356 miracula
3079 1304 3346 1372 patrabat,
3379 1304 3468 1373 qui
3500 1304 3620 1356 talia
3658 1304 3850 1375 laque-

2252 1395 2423 1458 hatur,
2448 1403 2501 1449 et
2528 1394 2817 1461 Scriptura:
2848 1394 2987 1449 dicta
3022 1397 3352 1464 proponebat
3380 1406 3539 1466 atque
3571 1399 3847 1465 inti-rpre-

2248 1488 2479 1550 tabatur,
2528 1503 2630 1541 neu
2676 1487 2929 1551 admisit;
2978 1488 3072 1541 sed
3124 1498 3173 1541 et
3226 1499 3504 1558 postquam
3549 1491 3850 1546 crucifixus

2250 1580 2421 1632 fuerat
2462 1589 2514 1632 et
2565 1588 2972 1641 resnrrexerat,
3032 1579 3201 1646 ipsum
3257 1583 3720 1648 pchequa-batur,
3781 1598 3849 1637 ae

2250 1672 2393 1725 inille
2425 1670 2669 1723 manibus
2699 1671 2815 1737 ejus
2843 1670 3162 1737 discipulum
3200 1672 3213 1701 ¹
3258 1673 3522 1741 lapidibus
3552 1674 3843 1743 impc'irit,

2247 1772 2299 1816 ct
2323 1771 2510 1816 eontra
2533 1762 2803 1815 [Ceclesias
2834 1762 3293 1834 bellumgerehat,
3316 1776 3475 1834 atque
3496 1766 3620 1836 lupo
3649 1771 3847 1837 quovis

2247 1856 2475 1910 ferocior
2499 1865 2616 1909 erat
2638 1874 2650 1907 :
2672 1865 2723 1909 et
2745 1855 2917 1909 donec
2940 1858 3028 1910 lus
3059 1872 3291 1925 superne
3321 1860 3619 1922 refulsitmt
3648 1879 3751 1917 vox
3774 1864 3841 1917 ad

2248 1948 2521 2002 veritatem
2547 1946 2694 1999 illum
2718 1947 2995 2001 attrahens
3012 1948 3183 2001 delata
3208 1958 3309 2012 est,
3329 1966 3394 2005 ex
3423 1968 3480 2006 se
3504 1954 3629 2020 quid
3660 1953 3844 2009 facere

2246 2048 2520 2107 oporteret
2545 2039 2682 2093 scire
2710 2055 2815 2092 non
2857 2049 3083 2107 poterat.
3117 2041 3349 2112 Ideoque
3380 2043 3492 2113 ipse
3524 2045 3844 2116 frequenter

2244 2130 2297 2183 iu
2320 2130 2562 2199 epistulis
2575 2138 2735 2197 caput
2759 2129 3021 2184 inclinans
3035 2130 3148 2185 lucc
3168 2147 3362 2199 versat,
3381 2135 3707 2191 erubescens
3722 2154 3842 2208 pra:

2244 2222 2448 2289 pudore
2472 2238 2658 2276 eorum
2682 2237 2801 2284 qua:
2836 2223 3039 2292 pridem
3065 2223 3297 2280 feCerat:
3321 2242 3381 2281 ac
3398 2227 3684 2284 Timotheo
3709 2234 3845 2286 scri-

2241 2314 2373 2366 bcns
2402 2313 2611 2365 dict-bat
2635 2332 2647 2366 :
2673 2312 2877 2366 Gratias
2895 2332 2991 2383 ago
3013 2315 3057 2369 ei
3075 2316 3257 2384 quinte
3278 2321 3579 2387 confortuvit
3601 2318 3835 2386 Christo,

2239 2405 2356 2473 quin
2388 2404 2587 2471 fidelem
2619 2421 2697 2457 me
2739 2406 3065 2471 existimarit,
3097 2424 3289 2476 ponens
3321 2410 3372 2462 in
3415 2412 3712 2479 ministerio,
3748 2419 3842 2486 qui

2241 2496 2382 2565 prius
2413 2496 2733 2563 blmplmnus
2756 2498 2833 2565 fui
2861 2507 2905 2550 et
2933 2513 3263 2567 persequutor
3290 2513 3335 2555 et
3378 2507 3787 2563 contumeliosus
3824 2528 3841 2564 :

2239 2587 2327 2639 sed
2358 2587 2755 2640 misericordium
2786 2600 3121 2659 consequutus
3150 2609 3283 2659 sum,
3311 2597 3432 2663 quia
3459 2597 3703 2668 ignorans
3734 2604 3842 2670 feci

2238 2680 2289 2731 in
2312 2679 2663 2732 incredulitate
2693 2680 2765 2747 (1.
2804 2679 2937 2735 Tim.
2972 2683 3020 2735 I.
3057 2681 3142 2736 12.
3177 2686 3283 2753 13).
3312 2685 3386 2740 Et
3406 2704 3652 2756 rursum,
3705 2692 3841 2747 Ideo

2238 2767 2636 2821 misericordiam
2666 2783 3001 2839 consequutus
3027 2789 3158 2839 sum,
3195 2784 3249 2827 ut
3276 2777 3327 2829 in
3357 2795 3434 2831 me
3474 2780 3638 2847 primo
3664 2794 3848 2839 osten-

2237 2861 2374 2912 deret
2409 2857 2546 2913 Deus
2575 2877 2771 2914 omnem
2796 2862 3113 2930 patientium,
3137 2866 3204 2919 ad
3227 2868 3635 2938 infonnationem
3656 2891 3841 2929 eorum

2235 2955 2321 3022 qui
2345 2955 2582 3007 credituri
2607 2965 2724 3008 sunt
2749 2956 2825 3009 illi
2841 2956 2891 3008 in
2914 2959 3067 3011 vitam
3091 2968 3334 3013 wternam
3357 2964 3432 3030 (1.
3461 2962 3595 3018 Tim.
3631 2968 3683 3021 1.
3716 2969 3837 3039 16).

2240 3044 2307 3098 Ει
2336 3045 2628 3099 Corinthiis
2659 3048 2899 3101 scribens
2929 3048 3139 3103 dicebat
3170 3069 3183 3104 :
3220 3050 3321 3117 Qui
3361 3070 3463 3108 non
3507 3071 3619 3110 sum
3644 3059 3837 3129 dignus

2237 3138 2406 3189 vocari
2454 3138 2734 3206 apostolus,
2780 3141 2899 3208 quia
2932 3152 3262 3211 persequutus
3285 3163 3396 3200 sum
3442 3146 3723 3205 Ecclesiam
3753 3157 3834 3222 (Ι.

2238 3226 2355 3278 Cor.
2399 3228 2484 3280 15.
2519 3226 2596 3297 9).

2307 3318 2360 3374 6.
2412 3319 2657 3374 Ecclesia:
2700 3324 2929 3394 prwfecti
2955 3326 3021 3378 ad
3050 3327 3247 3380 veniam
3276 3333 3650 3387 concedendam
3680 3343 3835 3407 proni

2235 3414 2333 3464 sint
2360 3424 2575 3483 oportet.
2605 3444 2675 3453 —
2706 3416 2828 3470 ΙΙςιεο
2872 3428 3053 3473 autem
3098 3425 3277 3477 omnia
3334 3427 3565 3493 Iiehaut,
3599 3431 3837 3502 illosque.

2239 3502 2380 3555 lii-us
2398 3502 2678 3558 deserebat
2696 3508 2861 3573 gratia
2886 3525 2979 3563 sua
3013 3513 3256 3579 nudatos,
3282 3526 3340 3569 ut
3369 3528 3652 3589 postquam
3676 3525 3804 3578 iulir
3821 3554 3835 3564 ~

2236 3594 2471 3647 unitatem
2528 3611 2676 3650 suam
2725 3597 3049 3669 didicerant,
3079 3614 3133 3657 et
3162 3610 3433 3674 quomodo
3479 3611 3609 3665 nihil
3661 3619 3838 3684 pns~it

2237 3682 2398 3737 Iis-nui
2420 3686 2534 3740 sine
2561 3704 2792 3755 superna
2816 3704 2916 3758 ope
2935 3733 2948 3755 ,
2985 3708 3105 3747 cum
3135 3698 3201 3749 ad
3229 3698 3541 3766 jnlicialcm
3570 3682 3832 3761 throan

2234 3774 2605 3840 ascenderem,
2637 3789 2689 3832 et
2721 3783 2949 3847 praefecti
2974 3796 3025 3838 et
3050 3788 3313 3858 principes
3349 3795 3831 3861 canstitnereutur.

2235 3866 2452 3919 multam
2485 3866 2864 3925 humanitatem
2884 3883 2938 3927 et
2961 3884 3458 3948 attemperatiouem
3480 3887 3830 3955 cxhibereut,

2232 3968 2391 4028 atque
2419 3960 2483 4013 ad
2518 3963 2723 4016 veniam
2757 3966 2983 4023 subditis
3010 3974 3406 4032 concedendam
3441 3984 3590 4049 proni
3624 4000 3831 4042 essent.

2233 4049 2463 4122 Ideoque
2489 4055 2693 4109 Calatis
2722 4061 2964 4115 scribens
2990 4062 3203 4120 dicebat
3237 4086 3247 4120 :
3286 4068 3513 4135 Fratres,
3548 4076 3591 4127 si
3624 4095 3830 4141 pra-oe-

2174 4214 2175 4217 η
2231 4154 2446 4212 cupatus
2477 4149 2626 4215 fuerit
2653 4148 2802 4203 homo
2826 4168 2876 4204 tu
2900 4154 3071 4223 aliqua
3094 4157 3298 4227 delicto,
3318 4178 3402 4215 vos
3423 4166 3509 4223 qui
3532 4170 3833 4235 spiritali!“

2231 4238 2369 4301 estis,
2402 4234 2631 4293 instruitis
2663 4243 2976 4313 liiijitsitiodi,
3010 4252 3337 4308 Considamus
3364 4257 3577 4327 teipsnm
3607 4280 3671 4316 ne
3701 4277 3748 4317 et
3777 4278 3833 4319 tu

2231 4327 2431 4380 trnteris
2460 4327 2600 4396 (Gul.
2633 4332 2685 4384 6.
2725 4335 2798 4394 1).
2836 4336 2958 4391 llzee
2984 4340 3159 4409 itaque
3186 4345 3440 4412 scientes,
3462 4361 3747 4418 protervos
3779 4371 3835 4411 ιιι

2228 4432 2566 4475 centumaces
2618 4426 2966 4492 attrabaiuus,
3005 4443 3058 4486 et
3100 4434 3164 4487 ad
3214 4440 3419 4493 veniam
3474 4450 3833 4511 peccantibus

2228 4514 2624 4569 concedendam
2661 4520 2808 4584 pruni
2842 4522 3029 4587 simus,
3056 4527 3385 4599 multamque
3432 4533 3827 4607 benignitatem

2228 4602 2577 4658 cxhilwamus
2607 4624 2727 4661 cum
2773 4611 2967 4667 divinis
2993 4616 3196 4686 legibus
3232 4640 3245 4675 :
3277 4632 3331 4677 ut
3358 4636 3412 4678 et
3456 4602 3828 4696 ipsivtuultam

2229 4706 2566 4763 peccatorum
2595 4703 2803 4757 veniam
2832 4720 3248 4779 Consequamur,
3268 4719 3434 4786 gratia
3475 4732 3529 4776 ct
3572 4724 3832 4799 benigni-

2229 4795 2334 4841 tate
2361 4788 2569 4844 Dumini
2598 4798 2763 4848 nostri
2792 4797 2917 4853 Jesu
2937 4801 3157 4873 Christi,
3181 4823 3275 4877 per
3304 4828 3462 4879 quem
3490 4826 3545 4870 et
3571 4788 3830 4890 (“innima

2227 4876 2369 4931 I’atri
2400 4880 2603 4950 gloria,
2652 4901 2751 4937 una
2784 4905 2905 4943 cum
2938 4892 3137 4959 Spiritu
3179 4876 3396 4970 sancto,
3427 4921 3569 4961 nunc
3593 4876 3827 4967 etese'iu;

2225 4982 2343 5036 per,
2372 4980 2424 5023 ct
2453 4970 2502 5023 iu
2535 4976 2728 5027 szrcula
2757 4982 3094 5040 smculorutn.
3126 4991 3317 5045 Anien.

2290 5084 2305 5111 ¹
2344 5084 2663 5144 Stephanum.

1953 5189 2297 5256 HOMILIA
2342 5198 2420 5258 Il.

531 5264 657 5319 Cum
693 5264 999 5330 Imperatrix
1026 5272 1188 5324 media
1221 5286 1363 5327 nocte
1390 5278 1439 5328 in
1470 5294 1706 5349 ntngnam
1736 5287 1999 5341 ecclesiam
2028 5308 2111 5345 ve-

607 5359 789 5421 nisset,
834 5359 1042 5427 indeque
1087 5365 1323 5433 reliquias
1364 5380 1640 5438 martyrum
1673 5374 1900 5441 tulisset,
1936 5398 2114 5449 prose-

603 5457 816 5517 cutuque
862 5463 985 5504 esset
1028 5469 1116 5519 per
1164 5459 1379 5511 medium
1422 5460 1593 5527 forum
1651 5482 1804 5534 usque
1852 5472 1921 5523 ad
1978 5472 2114 5545 lli-g-

603 5539 739 5606 piam
785 5540 886 5609 (α),
930 5560 1045 5595 cuin
1086 5549 1381 5616 martyrium
1430 5553 1490 5605 ab
1540 5556 1660 5608 urbe
1689 5558 1905 5614 distaret
1936 5539 2111 5620 norem

593 5646 666 5707 (α)
694 5648 969 5714 Hartyrium
999 5654 1115 5705 illud
1153 5658 1198 5706 in
1238 5658 1411 5722 Drypia
1448 5675 1551 5716 erat
1590 5669 1796 5723 ecclesia
1833 5673 1884 5725 S.
1912 5676 2113 5732 Thema:

529 5734 727 5792 stimuli
753 5743 801 5784 et
827 5739 1064 5801 martyris,
1091 5750 1141 5789 ut
1167 5743 1286 5791 infra
1312 5745 1497 5795 dcitur.

2301 5300 2457 5368 signis
2499 5320 2584 5357 seu
2634 5308 2939 5367 milliaribus
2965 5331 2983 5367 :
3012 5317 3149 5371 dictu
3176 5332 3247 5375 est
3277 5323 3489 5381 Itomilia
3528 5330 3582 5384 in
3622 5347 3823 5407 marty-

2297 5406 2406 5492 fit);
2433 5410 2544 5461 ipsa
2573 5413 2815 5461 prmente
2842 5422 2957 5458 cum
2988 5420 3091 5463 tota
3122 5414 3322 5471 ciuitate
3341 5429 3387 5472 et
3415 5406 3820 5492 magistratibus.

2299 5483 2344 5534 1.
2370 5482 2503 5549 Quid
2522 5487 2694 5544 diram
2715 5492 2876 5563 ?quitl
2903 5498 3124 5569 loquar?
3144 5508 3354 5562 exsulto
3381 5520 3436 5565 et
3464 5482 3693 5581 insanio,
3720 5525 3819 5576 sed

2225 5573 2425 5630 insania
2442 5596 2561 5650 qme
2581 5584 2688 5652 ipsa
2708 5588 2963 5657 sapientia
2984 5595 3264 5655 meliorest
3285 5618 3297 5653 :
3318 5604 3675 5671 tripudiansct
3695 5613 3823 5668 cho-

2224 5683 2343 5721 reas
2371 5686 2534 5739 agens
2560 5676 2799 5733 sublimis
2823 5682 2984 5752 feror,
3004 5686 3181 5743 ebrius
3194 5692 3304 5759 jam
3330 5710 3393 5749 ex
3422 5695 3517 5753 hac
3546 5702 3819 5775 voluptate

2220 5764 2500 5831 spirituali.
2526 5770 2661 5835 Quid
2684 5772 3037 5846 dicatn?quid
3068 5782 3288 5853 loquar?
3310 5802 3674 5861 Illill‘l}'l'..lllilC
3703 5815 3812 5854 vir-
