4036 6428
380 258 484 315 469

382 389 518 434 σεως
545 370 815 435 ἀσθένεια,
835 370 957 425 οὐτε
1000 372 1061 425 τὸ
1096 372 1195 442 τῆς
1229 372 1505 443 διαγωγῆς
1542 372 1899 443 ἁϐροδίαιτον,
1925 373 2048 427 οὐτε

378 460 408 517 ὃ
436 465 536 534 τῆς
565 463 919 535 περιφανείας
963 462 1129 531 τῦφος
1171 464 1357 531 γέγονε
1395 464 1623 533 κώλυμα
1644 467 1709 535 τῇ
1753 465 2048 535 προθυμία.

384 550 679 619 ’Ἄρχοντες
725 548 884 603 πάλιν
934 548 1207 601 καὶ-αὐτοὶ
1249 550 1319 604 τὰ
1363 550 1616 619 ὀχήματα
1663 550 2052 613 καταλιπόντες

380 637 475 689 καὶ
501 637 627 700 τούς
656 635 981 707 ῥαϐδούχους
1005 637 1098 688 κα)⁸
1123 637 1249 700 τούς
1283 636 1634 707 δορυφόρους,
1660 639 1770 700 τοῖς
1813 635 2049 700 ἰδιώταις

381 723 609 785 ἑαυτοὺς
638 723 919 792 ἀνέμιξαν.
966 720 1069 775 Καὶ
1117 723 1171 775 τί
1214 723 1294 776 δεῖ
1330 722 1509 792 λέγειν
1558 726 1840 793 γυναῖκας,
1880 723 1913 794 ἢ
1952 722 2050 795 ἄρ-

382 825 593 877 χοντας,
626 810 757 862 ὅπου
807 808 899 861 καὶ
948 808 1083 878 αὐτὴ
1121 811 1153 879 ἡ
1185 809 1243 862 τὸ
1286 808 1521 880 διάδημα
1555 809 1911 880 περικειμένη
1954 808 2048 863 καὶ

378 896 478 966 τὴν
511 895 814 966 πορφυρίδα
858 895 1315 966 περιϐεϐλημένη,
1349 897 1496 971 παρὰ
1540 897 1637 967 τὴν
1679 894 1797 950 όδὸν
1829 897 2047 951 ἃπασαν

378 983 499 1036 οὐδὲ
545 984 740 1054 μικρὸν
780 983 889 1037 τῶν
936 983 1200 1053 λειψάνων
1249 984 1580 1055 ἀποσχέσθαι
1610 984 1886 1055 ἠνέσχετο,
1931 981 2047 1040 ἀλλ’

377 1069 566 1139 ὥσπερ
593 1070 909 1141 θεραπαινὶς
948 1069 1345 1142 παρηκολούθει
1380 1074 1492 1134 τοῖς
1520 1072 1717 1139 ἁγίοις,
1744 1067 1842 1143 τῆς
1870 1072 2047 1144 θήκης

377 1158 658 1228 ἁπτομένη
702 1158 794 1212 καὶ
825 1159 924 1229 τῆς
950 1157 1139 1227 ὀθόνης
1182 1159 1281 1229 τῆς
1324 1160 1699 1230 ἐπικειμένης,
1733 1157 1827 1213 καὶ
1862 1161 2044 1215 πάντα

375 1248 465 1302 τὸν
488 1246 824 1319 ἀνθρώπινον
850 1248 1238 1302 καταπατοῦσα
1256 1248 1441 1317 τῦφον,
1467 1250 1560 1302 καὶ
1582 1252 1638 1303 ἐν
1663 1249 1813 1321 μέσῳ
1834 1249 2044 1321 θεάτρῳ

376 1336 613 1407 τοσούτῳ
650 1335 947 1407 φαινομένη
984 1323 1162 1407 δήμῳ,
1187 1337 1251 1407 ἢν
1278 1336 1399 1390 οὐδέ
1431 1337 1705 1407 εὐνούχοις
1732 1337 1903 1391 ἅπασι
1932 1340 2043 1402 τοῖς

376 1424 434 1475 ἐν
484 1425 603 1485 ταῖς
647 1422 951 1492 βασιλικαῖς
999 1424 1382 1494 στρεφομένοις
1427 1425 1616 1488 αὐλαῖς
1673 1425 1830 1496 θέμις
1880 1426 2038 1493 ίδεῖν;

386 1503 526 1562 Ἀλλ’
552 1510 580 1560 ό
609 1508 716 1561 τῶν
749 1509 1044 1581 μαρτύρων
1082 1510 1240 1573 πόθος
1267 1512 1363 1564 καὶ
1389 1514 1424 1582 ἡ
1454 1513 1706 1583 τυραννὶς
1747 1515 1839 1566 καὶ
1872 1515 1904 1583 ἡ
1944 1516 2042 1585 τῆς

373 1597 589 1667 ἀγάπης
629 1592 759 1664 φλὸξ
808 1598 1021 1651 ἅπαντα
1054 1595 1224 1651 ταῦτα
1270 1598 1337 1652 τὰ
1391 1604 1706 1667 προσωπεῖα
1750 1601 1899 1669 ῥῖψαι
1949 1602 2043 1654 ἀνο

373 1683 581 1746 ἐπεισε,
613 1686 705 1737 καὶ
732 1687 909 1755 γυμνῇ
945 1685 1009 1755 τῇ
1046 1684 1325 1759 προθυμία
1351 1687 1443 1740 τὸν
1478 1687 1639 1757 ζῆλον
1671 1688 2040 1755 ἐπιδείξασθαι

372 1767 466 1823 τὸν
511 1772 641 1838 περὶ
687 1773 812 1835 τοὺς
849 1772 1033 1840 ἁγίους
1074 1773 1380 1844 μάρτυρας.
1425 1775 1535 1828 Καὶ
1571 1773 1679 1845 γὰρ
1728 1775 2040 1846 ἀνεμνήσθη

369 1860 464 1913 τοῦ
500 1861 772 1932 μακαρίου
802 1855 982 1924 Δαυῖδ,
1011 1858 1070 1925 ὃς
1116 1862 1209 1914 καὶ
1250 1862 1543 1934 ἁλουργίδα
1580 1862 2042 1934 περιϐεϐλημένος

371 1948 465 2002 καὶ
500 1950 734 2021 διάδημα
779 1950 1185 2021 περικείμενος,
1236 1952 1327 2005 καὶ
1372 1953 1443 2006 τὰ
1487 1954 1745 2025 σκῆπτρα
1791 1953 1885 2009 τοῦ
1928 1955 2038 2009 τῶν

382 2034 647 2109 Ἐϐραίων
676 2038 815 2108 ἔχων
846 2038 1042 2109 δήμου,
1064 2038 1249 2112 ἐπειδὴ
1274 2040 1371 2109 τὴν
1402 2041 1633 2096 κιϐωτὸν
1662 2042 1917 2113 ἀνέφερε,
1944 2043 2041 2115 τὴν

358 2125 575 2197 «σκηνὴν
602 2124 818 2180 ἅπασαν
849 2127 1063 2199 ἐκείνην
1091 2122 1269 2196 ἀφεὶς,
1299 2129 1524 2200 ἐσκίρτα
1554 2128 1649 2183 καὶ
1688 2131 1906 2201 ἐχόρευε
1940 2133 2040 2185 ,καὶ

369 2212 541 2282 ἐπήδα
584 2213 794 2283 μεγάλα
828 2215 1037 2277 παίζων
1074 2232 1134 2269 τε
1161 2216 1254 2270 καὶ
1278 2216 1627 2287 ὀρχούμενος,
1657 2219 1752 2273 καὶ
1790 2218 1876 2272 διὰ
1925 2219 2031 2273 τῶν

369 2294 625 2370 ἀλμάτων
657 2302 757 2372 τὴν
794 2302 985 2374 ἡδονὴν
1023 2299 1479 2374 ἐπιδεικνύμενος,
1513 2304 1580 2376 ἡν
1617 2301 1761 2375 εἶχεν
1799 2307 1888 2359 ἐπὶ
1924 2309 2037 2371 τοῖς

367 2386 729 2457 τελουμένοις.
762 2386 825 2441 Et
870 2388 928 2442 δέ
960 2390 1017 2441 ἐν
1062 2392 1125 2460 τῇ
1173 2392 1300 2461 σκιᾷ
1336 2391 1431 2444 καὶ
1471 2393 1548 2462 τῷ
1584 2391 1739 2461 τύπῳ
1769 2394 2036 2466 τοσαύτην

367 2474 768 2529 ἐπιδείκνυσθαι
815 2474 1124 2547 θερμότητα
1170 2477 1296 2541 εδει,
1342 2476 1521 2547 πολλῷ
1574 2478 1773 2549 μᾶλλον
1815 2482 1907 2535 ἐπὶ
1939 2483 2036 2553 τῆς

367 2562 588 2633 χάριτος
610 2562 821 2633 καὶτῆς
852 2561 1133 2633 ἀληθείας·
1162 2563 1283 2617 ἐπεὶ
1312 2565 1405 2617 καὶ
1440 2559 1579 2640 αὐτη
1612 2566 1837 2620 κιϐωτὸν
1864 2567 2034 2638 ἀνῆγε

366 2645 546 2717 πολλῷ
586 2646 828 2717 βελτίονα
863 2648 1077 2720 ἐκείνης
1114 2650 1210 2720 τῆς
1238 2651 1331 2702 τοῦ
1372 2652 1549 2707 Δαυῖδ.
1578 2653 1653 2706 Οὐ
1688 2654 1797 2724 γάρ
1825 2654 2037 2720 πλάκας

364 2733 601 2798 λιθίνας,
654 2735 790 2789 ἁλλά
841 2736 1051 2800 πλάκας
1102 2737 1213 2808 ἔχει
1270 2742 1676 2810 πνευματικὰς,
1731 2744 1824 2796 καὶ
1877 2744 2035 2816 χάριν

365 2821 723 2885 ἐπανθοῦσαν,
748 2823 841 2877 καὶ
859 2824 1065 2895 δωρεὰν
1096 2824 1546 2891 ἀποστίλϐουσαν,
1569 2828 1661 2881 καὶ
1689 2831 1822 2883 ὀστᾶ
1845 2832 2036 2895 αὐταῖς

364 2906 773 2979 ἀντιλάμποντα
836 2913 955 2974 ταῖς
1008 2912 1227 2965 ἀκτῖσι·
1276 2910 1477 2983 μᾶλλον
1532 2911 1589 2968 δὶ
1650 2915 2035 2989 λαμπροτέραν

363 2996 615 3062 ἀφίενται
664 2998 973 3068 ἀστραπήν.
1012 2999 1230 3053 Ἀκτῖνα
1265 3000 1362 3071 μὲν
1394 3002 1501 3073 γὰρ
1542 3002 1835 3073 βλέποντες
1876 3009 2032 3079 ἡλια-

364 3081 488 3153 κὴν,
533 3082 684 3136 οὐδὲν
716 3085 984 3154 πάσχουσι
1026 3085 1309 3157 δαίμονες·
1339 3088 1437 3159 τὴν
1472 3087 1527 3143 δὲ
1562 3086 1808 3147 ἐντεῦθεν
1858 3095 2033 3167 ἐκπη-

362 3169 540 3222 δὼσαν
562 3171 874 3242 λαμπηδόνα
910 3172 984 3243 μὴ
1012 3173 1288 3243 φέροντες,
1318 3176 1750 3246 ἀποτυφλοῦνται
1782 3182 1876 3235 καὶ
1906 3183 2035 3253 δρα-

366 3263 651 3313 πετεύουσι
694 3263 787 3315 καὶ
836 3262 901 3314 ἐκ
942 3262 1139 3316 πολλοῦ
1192 3262 1451 3332 φεύγουσι
1484 3266 1580 3319 τοῦ
1627 3267 2030 3339 διαστήματος·

360 3347 596 3415 τοσαύτη
624 3347 838 3416 καὶτῆς
877 3349 1081 3418 τέφρας
1118 3349 1226 3402 τῶν
1259 3350 1430 3419 ἁγίων
1462 3351 1495 3422 ἡ
1530 3352 1779 3423 δύναμις,
1818 3357 1917 3409 οὐκ
1952 3357 2033 3410 ἐν·

359 3433 446 3486 δον
481 3434 831 3506 ἐγκαθημένη
872 3436 1032 3504 μόνον
1070 3436 1128 3488 ἐν
1158 3439 1270 3501 τοῖς
1306 3438 1601 3509 λειψάνοις,
1641 3436 1774 3496 ἀλλά
1806 3446 1899 3499 καὶ
1937 3462 2033 3497 πε-

364 3523 599 3592 ραιτέρω
634 3521 897 3593 προϊοῦσα
926 3524 1137 3588 καὶτὰς
1155 3525 1499 3597 ἁκαθάρτους
1531 3529 1910 3586 απελαύνουσα
1943 3533 2032 3585 δυ-

361 3610 571 3678 νάμεις,
601 3612 692 3663 καὶ
718 3610 844 3674 τοὺς
880 3610 1021 3681 μετά
1044 3613 1278 3676 πίστεως
1306 3616 1626 3687 προσιόντας
1658 3617 1795 3688 μετὰ
1833 3620 2033 3692 πολλῆς

358 3697 661 3764 ἀγιάςουσα
712 3698 811 3768 τῆς
851 3700 1193 3768 περιουσίας.
1222 3701 1323 3753 Διά
1350 3718 1433 3755 τοι
1479 3704 1636 3758 τοῦτο
1682 3705 1779 3759 καί⁵
1817 3708 1851 3778 ἡ
1884 3708 2033 3777 φιλό-

361 3799 581 3855 χριστος
620 3783 758 3857 αὐτη
810 3788 1111 3857 παρείπετο
1155 3790 1268 3851 τοῖς
1316 3788 1612 3859 λειψάνοις,
1663 3795 1902 3863 συνεχῶς
1934 3796 2031 3865 ἐφο

356 3872 663 3942 απτομένη,
692 3873 783 3927 καὶ
808 3872 907 3945 τὴν
929 3873 1179 3943 εὐλογίαν
1203 3877 1583 3950 ἐπισπωμένη,
1604 3882 1700 3934 καὶ
1723 3884 1835 3946 τοῖς
1854 3882 2033 3949 ἀλλοις

359 3962 491 4012 πᾶσι
522 3960 835 4026 διδάσκαλος
882 3964 1139 4034 γινομένη
1168 3965 1267 4034 τῆς
1303 3966 1474 4037 καλῆς
1520 3968 1722 4041 ταύτης
1751 3972 1841 4024 καὶ
1873 3988 2034 4026 πνευο

362 4050 597 4117 ματικῆς
638 4052 941 4122 ἐμπορίας,
995 4052 1089 4105 καὶ
1126 4052 1453 4107 διδάσκουσα
1503 4057 1713 4119 πάντας
1764 4059 2031 4131 ἀρύεσθαι

359 4136 467 4187 ἀπὸ
504 4140 600 4205 τῆς
640 4139 823 4209 πηγῆς
856 4139 1058 4211 ταύτης
1093 4141 1192 4212 τῆς
1225 4143 1309 4196 ἀεὶ
1344 4142 1444 4213 μὲν
1471 4144 1855 4218 ἀντλουμένης,
1887 4149 2035 4203 οὐδέ-

358 4239 489 4275 ποτε
524 4224 578 4277 δὲ
610 4228 957 4298 κενουμένης.
997 4228 1260 4301 Καθάπερ
1288 4230 1396 4302 γάρ
1424 4232 1493 4287 τά
1524 4234 1745 4305 νάματα
1781 4237 1887 4291 τῶν
1926 4255 2033 4309 πη-

357 4311 471 4379 γῶν
513 4312 767 4382 βρύοντα,
796 4314 895 4368 οὐκ
935 4316 1066 4369 εἵσω
1092 4316 1199 4369 τῶν
1225 4318 1443 4372 οίκείων
1471 4319 1686 4374 κόλπων
1720 4324 2029 4394 κατέχεται,

359 4400 471 4452 ἀλλ’
502 4400 827 4473 ὐπερϐλύζει
878 4402 971 4456 καὶ
1014 4404 1363 4477 ὐπερχεῖται·
1410 4405 1552 4463 οὓτω
1599 4409 1663 4481 δὴ
1715 4414 1808 4466 καὶ
1853 4415 1885 4484 ὴ
1936 4414 2030 4468 τοῦ

362 4489 677 4557 Πνεύματος
733 4490 891 4562 χάρις
949 4492 983 4562 ἡ
1034 4495 1145 4556 τοῖς
1187 4493 1393 4559 ὀστέοις
1447 4498 1887 4571 παρακαθημένη
1938 4506 2031 4575 καὶ

357 4580 471 4639 τοῖς
517 4578 691 4644 ἁγίοις
738 4579 1085 4645 συνοικοῦσα,
1128 4582 1222 4635 καὶ
1255 4583 1335 4648 είς
1381 4582 1600 4656 ἐτέρους
1650 4586 1863 4657 πρόεισι
1906 4591 2029 4655 τοὺς

360 4666 495 4732 μετά
543 4665 774 4729 πίστεως
827 4668 1197 4738 ἐφεπομένους
1237 4669 1409 4740 αὐτῇ,
1456 4673 1550 4725 καὶ
1581 4673 1688 4725 ἀπὸ
1730 4674 1907 4747 ψυχῆς
1950 4680 2029 4741 είς

363 4752 513 4823 Ιόὅὶι
548 4752 794 4823 σώματα,
840 4756 934 4809 καὶ
974 4756 1081 4809 ἀπὸ
1117 4759 1383 4827 σωμάτων
1428 4760 1507 4821 είς
1542 4761 1751 4831 ἱμάτια,
1786 4766 1881 4818 καὶ
1920 4766 2030 4820 ἀπὸ

364 4841 590 4909 ἱματίων
617 4842 699 4904 είς
730 4840 1069 4913 ύποδὴματα,
1102 4845 1197 4897 καὶ
1221 4844 1329 4898 ἀπὸ
1372 4847 1735 4917 ὑποδημάτων
1762 4854 1840 4914 είς
1873 4854 2030 4916 σκιὰς

361 4931 625 5000 ἐκτρέχει.
670 4930 771 4984 Διά
809 4948 889 4984 τοι
932 4932 1089 4986 τοῦτο
1131 4935 1190 4987 ού
1224 4934 1290 4986 τὰ
1334 4934 1557 5006 σώματα
1608 4939 1826 5009 ἐνήργει
1871 4942 2029 5011 μόνον

357 5017 469 5071 τῶν
502 5020 674 5087 ἁγίων
706 5021 1038 5083 ἀποστόλων.
1078 5022 1215 5075 ἀλλά
1262 5024 1359 5077 καὶ
1400 5024 1467 5078 τά
1519 5026 1775 5098 σουδάρια
1822 5030 1916 5081 καὶ
1959 5031 2027 5083 τὰ

358 5106 677 5175 σιμικίνθια·
707 5110 799 5161 καὶ
821 5109 882 5161 οὐ
910 5110 978 5162 τά
1009 5110 1267 5181 σουδάρια
1298 5112 1456 5181 μόνον
1483 5114 1577 5166 καὶ
1602 5117 1669 5167 τά
1697 5117 2025 5187 σιμικίνθια,

355 5194 489 5245 ἀλλὰ
518 5197 611 5248 καὶ
648 5197 703 5248 αἱ
744 5199 891 5249 σκιαὶ
920 5196 1011 5249 τοῦ
1049 5198 1254 5267 Πέτρου
1292 5198 1398 5251 τῶν
1432 5199 1647 5263 ζώντων
1684 5203 2028 5276 δυνατώτερα

356 5281 691 5350 εἰργάζοντο,
722 5284 859 5354 ’Ἤδη
893 5303 991 5337 που
1025 5287 1116 5338 καὶ
1164 5285 1389 5358 μηλωτὴ
1430 5290 1811 5360 κατενεχθεῖσα
1845 5296 1937 5346 ἐπὶ
1968 5295 2026 5346 τὸ

355 5368 515 5439 σῶμα
540 5370 635 5423 τοῦ
662 5370 966 5425 Ἐλισσαίου
996 5373 1213 5427 διπλοῦν
1236 5374 1386 5445 αὐτῷ
1412 5377 1656 5447 χάρισμα
1684 5382 2021 5451 κατήγαγεν·

354 5457 413 5507 οὐ
452 5460 555 5528 γὰρ
589 5458 649 5510 τὸ
683 5458 843 5527 σῶμα
879 5458 1180 5515 Ἐλισσαίου
1216 5463 1394 5532 μόνον,
1425 5464 1563 5517 ἀλλά
1602 5467 1693 5519 καὶ
1720 5469 1780 5520 τὸ
1812 5469 2025 5539 ἱμάτιον

358 5547 532 5596 ἐκεῖνο
575 5546 672 5616 τῆς
707 5549 929 5617 χάριτος
960 5543 1026 5618 ἦν
1081 5551 1554 5621 ἐμπεπλησμένον.
1602 5554 1700 5607 Διά
1747 5574 1824 5609 τοι
1870 5558 2025 5610 τοῦτο

356 5632 450 5684 καὶ
483 5634 573 5683 ἐπὶ
602 5633 706 5685 τῶν
747 5634 913 5705 τριῶν
947 5636 1149 5689 παίδων
1169 5653 1181 5666 ·
1212 5639 1272 5690 οὐ
1306 5640 1412 5710 γάρ
1434 5652 1457 5679 ⁸
1485 5640 1552 5694 τά
1582 5642 1808 5713 σώματα
1844 5644 2023 5698 αὐτῶν

460 5782 612 5830 Locus
635 5782 965 5847 perturbatus.
994 5783 1115 5847 Infra
1141 5791 1250 5847 ροςι
1280 5788 1648 5847 τελευτήσαντος
1668 5791 1839 5841 lacuna
1861 5798 2020 5845 mani-

353 5841 475 5919 ζει-,ιιι
500 5851 592 5919 ρει,
615 5841 661 5915 ψ
684 5858 760 5891 am
786 5846 1075 5919 Expl‘e‘gqris:
1094 5841 1357 5919 sy'riyqlldo
1374 5863 1393 5919 _:
1414 5841 1524 5919 ᾐδὲ
1540 5841 2025 5919 τελευτήσαντος-ἆξο-

354 5911 519 5953 lam-ro
545 5908 574 5963 ἡ
596 5908 730 5968 χάρις
752 5908 1001 5967 αῦτη,ὰλλ’
1025 5910 1165 5968 αὐτὸς
1184 5909 1345 5959 ἐλύετο
1365 5913 1391 5960 ό
1412 5913 1620 5969 θάνατος.

1158 261 1216 319 S.
1258 260 1543 317 JOANNIS
1573 259 2061 321 CIIRYSOSTOMI
2102 254 2423 323 ARCIIIEP.
2459 256 3011 325 CONSTANTINOP.

3734 255 3837 318 470

2156 375 2354 447 ᾐδέσθη
2403 378 2563 446 μόνον
2594 377 2696 446 τῆς
2740 375 2936 446 φλογὸς
2974 377 3012 453 ἡ
3050 371 3232 444 φύσις,
3275 372 3409 457 ἀλλά
3449 375 3544 429 καὶ
3577 376 3722 430 αὐτά
3770 378 3845 431 τὰ

2158 464 2480 534 ὑποδήματα
2511 480 2527 496 ·
2558 465 2653 518 καὶ
2702 464 2795 516 ἐπὶ⁸
2826 462 2921 516 τοῦ
2956 461 3256 516 Ἐλισσαίου
3302 460 3423 515 οὐδὲ
3473 463 3846 534 τεὶιευτὴσαν⁴

2152 568 2264 615 τος,
2297 551 2468 615 oﬁ‘rm;
2517 550 2700 604 ἐλύετο
2752 550 3021 613 θάνατος,
3065 551 3146 613 είς
3190 547 3362 617 τάφον
3400 541 3496 601 τοῦ
3547 550 3839 620 προφήτου

2155 638 2401 709 ῥιφέντος
2434 639 2621 710 ἐτέρου
2655 637 2870 710 νεκροῦ.
2902 627 3058 692 Οῦτω
3093 637 3159 709 δὴ
3196 638 3291 691 καὶ
3333 637 3573 710 σήμερον
3602 638 3836 707 γέγονε·

2150 726 2260 778 τῶν
2298 725 2407 796 γάρ
2454 726 2722 795 λειψάνων
2770 723 3109 796 φερομένων,
3158 723 3480 795 ἐμπρησμοὶ
3532 723 3836 795 δαιμόνων,

2155 807 2406 878 ὀλολυγαὶ
2444 814 2536 866 καὶ
2579 812 2815 866 κωκυτοὶ
2852 811 3189 889 πανταχόθεν
3231 799 3447 883 ᾔροντο,
3482 798 3581 889 τῆς
3612 813 3842 876 ἀκτῖνος

2154 899 2262 952 τῶν
2288 900 2462 953 ὀστῶν
2495 899 2839 972 ἐκπηδὼσης,
2879 888 2972 951 καὶ
3007 897 3105 969 τὴν
3138 899 3397 968 φάλαγγα
3437 888 3547 953 τῶν
3587 898 3839 953 ἀντικειε-

2156 985 2333 1057 μένων
2360 986 2763 1056 κατακαιούσης
2792 975 3096 1057 δυνάμεων.

2222 1073 2288 1144 β’.
2326 1074 2422 1128 Διά
2450 1074 2623 1128 ταῦτα
2641 1074 2845 1147 σκιρτῶ
2879 1064 2973 1128 καὶ
2991 1073 3223 1144 πέτομαι
3254 1062 3358 1127 ὑπὸ
3380 1074 3482 1145 τῆς
3498 1073 3720 1145 ἡδονῆς,
3750 1074 3836 1128 ὅτι

2147 1158 2246 1231 τὴν
2285 1160 2488 1231 ἔρημον
2532 1161 2688 1215 πόλιν
2738 1162 3056 1232 ἐποιήσατε,
3101 1161 3199 1231 τὴν
3239 1160 3392 1213 πόλιν
3444 1162 3829 1225 κενώσαντες·

2146 1244 2229 1300 ὃτι
2261 1248 2350 1300 τὸν
2384 1248 2610 1301 πλοῦτον
2642 1249 2771 1318 ἡμῖν
2801 1248 2899 1319 τῆς
2942 1245 3267 1317 Έκκλησίας
3299 1235 3614 1311 ὐπεδείξατε
3657 1248 3838 1317 σήμε-

2148 1342 2260 1405 ρον.
2304 1334 2434 1387 Ἰδοὺ
2485 1334 2628 1388 πόσα
2677 1332 2958 1406 πρόϐατα,
3005 1334 3101 1387 καὶ
3143 1332 3381 1404 οὐδαμοῦ
3424 1331 3621 1397 λύκος·
3660 1334 3836 1387 πόσαι

2147 1423 2407 1491 ἄμπελοι,
2442 1423 2533 1476 καὶ
2578 1423 2816 1494 οὐδαμοῦ
2846 1422 3092 1477 ἄκανθα·
3128 1413 3285 1474 πόσοι
3326 1421 3578 1491 στάχυες.
3613 1422 3709 1475 καὶ
3737 1422 3836 1501 0-.)—

2145 1508 2319 1579 δαμοῦ
2377 1508 2607 1575 ζιζάνια.
2655 1510 2907 1565 Θάλαττα
2950 1504 3060 1564 ἀπὸ
3105 1508 3205 1578 τῆς
3253 1507 3461 1571 πόλεως
3511 1508 3677 1580 μέχρι
3731 1508 3832 1560 τοῦ

2145 1596 2411 1668 παρόντος
2442 1597 2669 1669 ἐξετάθη
2710 1598 2932 1668 χωρίου,
2979 1596 3219 1652 θάλαττα
3264 1597 3526 1667 κυμάτων
3574 1596 3834 1666 ἀπηλλα-

2144 1686 2345 1755 γμένη,
2387 1686 2642 1753 ναυάγιον
2669 1686 2768 1738 οὐκ
2806 1684 3025 1755 ἔχουσα,
3058 1683 3339 1738 σκοπέλων
3365 1676 3830 1756 Ιἡλευθερωμένη·

2144 1772 2382 1827 θάλαττα
2415 1774 2629 1845 μέλιτος
2663 1774 2861 1839 παντὸς
2902 1764 3234 1844 γλυκυτέρα,
3267 1772 3374 1827 τῶν
3407 1772 3653 1844 ποτίμων
3700 1772 3834 1825 ὐδά-

2141 1878 2249 1913 των
2293 1861 2658 1934 ποτιμωτέρα.
2702 1862 2818 1916 Οὐκ
2865 1861 2930 1916 ἀν
2979 1879 3063 1925 τις
3108 1860 3345 1932 ἁμάρτοι
3393 1850 3492 1931 τὴν
3546 1859 3829 1915 θάλατταν

2140 1948 2345 2019 ταύτην
2373 1950 2467 2003 καὶ
2505 1948 2747 2020 ποταμὸν
2784 1950 2956 2021 πυρὸς
2998 1948 3312 2021 προσειπών
3332 1966 3345 1980 ·
3379 1939 3554 2012 οὕτως
3587 1949 3643 2001 αί
3679 1947 3831 2018 λαμ-

2142 2035 2309 2099 πάδες
2334 2038 2390 2089 αί
2419 2036 2506 2091 διὰ
2534 2036 2632 2107 τῆς
2677 2035 2873 2100 νυκτὸς
2905 2035 2961 2090 αί
2993 2034 3196 2089 πυκναὶ
3235 2036 3331 2090 καὶ
3366 2037 3612 2105 συνεχεῖς
3659 2027 3829 2105 μέχρι

2140 2124 2262 2177 τοῦ¹
2287 2124 2586 2196 μαρτυρίου
2632 2124 2823 2178 τούτου
2855 2123 3147 2188 διαπαντὸς
3205 2122 3541 2188 ἐκταθεῖσαι,
3592 2122 3827 2203 πυρίνου

2141 2212 2385 2282 ποταμοῦ
2417 2213 2715 2282 φαντασίαν
2747 2215 3006 2285 παρεῖχον
3038 2212 3151 2275 τοῖς
3171 2211 3359 2281 όρῶσι.
3387 2209 3497 2264 Καὶ
3524 2208 3697 2263 ταῦτα
3724 2208 3829 2278 μὲν

2139 2300 2198 2352 ἐν
2224 2303 2290 2371 τῇ
2319 2300 2502 2354 νυκτί·
2536 2300 2637 2371 τῆς
2672 2300 2731 2354 δὲ
2763 2301 2974 2372 ἡμέρας
3018 2299 3283 2370 φανείσης
3322 2298 3508 2371 ιτεραι
3538 2296 3829 2368 λαμπάδες

2139 2388 2303 2442 πάλιν
2316 2388 2616 2458 ἐφαίνοντο·
2647 2389 2861 2453 ἐκείνας
2880 2388 2981 2460 μὲν
2998 2389 3105 2460 γὰρ
3120 2388 3148 2441 ό
3166 2386 3316 2459 ἥλιος
3331 2387 3566 2458 ἀνίσχων
3578 2386 3826 2457 ἔκρυπτε

2138 2476 2232 2530 καὶ
2269 2476 2649 2549 ἀμαυροτέρας
2680 2475 2867 2543 ἐτίθει,
2911 2476 3011 2540 τάς
3037 2476 3095 2529 δὲ
3129 2476 3187 2530 ἐν
3229 2476 3298 2547 τῇ
3340 2474 3573 2528 ἑκάστου
3612 2472 3830 2544 διανοίᾳ

2139 2564 2497 2637 φαιδροτέρας
2528 2565 2734 2619 ἐδείκνυ
2757 2581 2770 2595 ·
2803 2563 2898 2618 τοῦ
2934 2563 3040 2636 γὰρ
3088 2562 3260 2632 πυρὸς
3307 2561 3518 2616 ἐκείνου
3563 2560 3659 2615 τοῦ
3691 2576 3826 2630 φαι-

2137 2649 2364 2721 νομένου
2393 2650 2721 2722 θερμότερον
2745 2650 2808 2703 τὸ
2838 2651 2937 2721 τῆς
2966 2648 3274 2723 προθυμίας
3296 2647 3395 2720 τῆς
3418 2646 3691 2718 ὑμετέρας
3717 2643 3824 2719 ἦν·

2138 2738 2233 2791 καὶ
2272 2738 2503 2803 ἕκαστος
2541 2737 2734 2808 διπλῆν
2764 2737 2926 2809 ἔφερε
2959 2735 3241 2807 λαμπάδα,
3280 2734 3377 2807 τὴν
3416 2732 3512 2788 τοῦ
3548 2734 3720 2805 πυρὸς
3762 2736 3827 2789 ἐν

2135 2828 2202 2897 τῇ
2236 2828 2410 2893 νυκτὶ,
2438 2825 2536 2896 τὴν
2568 2825 2667 2896 τῆς
2706 2824 3011 2896 προθυμίας
3048 2825 3141 2879 καὶ
3173 2824 3230 2877 ἐν
3257 2826 3323 2895 τῇ
3353 2821 3510 2877 νυκτὶ
3540 2822 3635 2877 καὶ
3664 2823 3723 2877 ἐν
3751 2824 3825 2895 τῇ

2137 2911 2346 2983 ἡμέρᾳ·
2398 2911 2597 2982 μᾶλλον
2646 2914 2703 2967 δὲ
2748 2911 2869 2966 οὐδὲ
2921 2910 3093 2964 νύκτα
3128 2908 3313 2963 λοιπὸν
3363 2908 3579 2979 ἐκείνην
3628 2908 3823 2962 καλῶ·

2138 2999 2274 3071 πρὸς
2306 2999 2415 3070 γὰρ
2451 3000 2551 3069 τὴν
2584 3001 2799 3071 ἡμέραν
2826 2998 3110 3070 ἡμιλλᾶτο,
3151 2998 3279 3061 τοὺς
3313 2997 3465 3061 υίούς
3506 2996 3602 3050 τοῦ
3640 2998 3828 3067 φωτὸς

2138 3086 2284 3156 ὑμᾶς
2324 3085 2695 3157 περιφέρουσα
2720 3128 2734 3152 ,
2767 3086 2863 3138 καὶ
2897 3085 3111 3155 μυρίων
3136 3083 3383 3155 ἀστέρων
3424 3084 3520 3137 καὶ
3538 3084 3826 3157 ἑωσφόρον

2135 3172 2544 3245 λαμπροτέρους
2566 3173 2960 3241 ἀποφαίνουσα.
2988 3172 3201 3243 Ὠσπερ
3222 3170 3332 3243 γὰρ
3360 3171 3455 3225 καὶ
3483 3169 3580 3241 τὴν
3607 3171 3828 3243 ἡμέραν

2135 3260 2303 3313 νύκτα
2336 3260 2580 3313 ποιοῦσιν
2607 3261 2656 3313 οἱ
2702 3260 3015 3332 μεθύοντες,
3043 3259 3311 3313 οὕτωκαὶ
3339 3257 3439 3327 τὴν
3469 3258 3641 3314 νύκτα
3679 3261 3827 3332 ἡμέ-

2138 3363 2236 3419 ραν
2266 3346 2588 3418 ἐργάζονται
2625 3348 2675 3400 οί
2704 3347 3133 3418 παννυχεύοντες
3169 3347 3265 3401 καὶ
3302 3346 3687 3419 ἐγρηγορότες.
3719 3348 3827 3403 Διά

2133 3434 2196 3505 δὴ
2230 3433 2388 3487 τοῦτο
2418 3434 2506 3488 διά
2540 3435 2720 3506 πάσης
2750 3436 2943 3498 νυκτὸς
2981 3435 3157 3487 ἐκεῖνο
3183 3434 3245 3487 τὸ
3275 3434 3615 3504 προφητικὸν
3806 3451 3821 3465 ·

2132 3521 2261 3585 Νὺξ
2306 3521 2613 3591 φωτισμὸς
2642 3522 2713 3575 ἐν
2752 3520 2827 3590 τῇ
2873 3516 3069 3590 τρυφῇ
3106 3538 3252 3592 μου·
3298 3522 3398 3577 καί
3458 3522 3540 3575 ὅτι
3592 3524 3822 3587 σκότος

2132 3610 2203 3662 οὐ
2258 3606 2723 3675 σκοτισθήσεται
2775 3610 2895 3664 ἀπὸ
2946 3609 3099 3664 σοῦ·
3147 3609 3244 3663 καί
3304 3608 3421 3675 νὺξ
3477 3610 3560 3676 ὡς
3622 3608 3823 3678 ἡμέρα

2133 3695 2604 3765 φωτισθήσεται·
2632 3696 2712 3762 ὡς
2759 3696 2826 3750 τὸ
2874 3698 3095 3764 σκότος
3141 3691 3354 3765 αὐτῆς,
3399 3693 3553 3751 οὕτω
3593 3698 3695 3751 καὶ
3750 3699 3820 3751 τὸ

2136 3782 2262 3853 φῶς
2305 3782 2511 3850 αὐτῆς.
2547 3784 2713 3847 Ποίας
2747 3784 2857 3855 γὰρ
2888 3785 3101 3857 ἡμέρας
3138 3786 3201 3839 οὐ
3248 3787 3439 3854 γέγονε
3486 3784 3826 3855 φαιδροτέρα

2136 3875 2169 3943 ἡ
2204 3872 2299 3936 νὺξ
2347 3872 2507 3943 αὐτη,
2545 3873 2601 3924 ἐν
2648 3872 2888 3947 τοσαύτῃ
2934 3874 3109 3944 χαρᾶς
3151 3872 3424 3944 ὑπερϐολῇ
3469 3871 3824 3943 σκιρτώντων

2134 3961 2409 4025 ἁπάντων,
2461 3962 2631 4031 χαρὰν
2684 3961 2913 4032 ἐχόντων
2950 3964 3350 4033 πνευματικὴν,
3403 3961 3672 4015 τοσούτων
3720 3962 3821 4014 ἑκ-

2135 4048 2403 4119 χυθέντων
2431 4049 2638 4118 δήμων,
2666 4052 2759 4101 καὶ
2784 4050 2885 4121 τὴν
2918 4050 3038 4103 ὁδὸν
3077 4051 3171 4103 καὶ
3215 4049 3314 4121 τὴν
3354 4048 3561 4122 ἀγορὰν
3600 4049 3827 4102 ἐπικλυ-

2137 4138 2381 4199 σάντων;
2412 4136 2547 4189 Οὐδὲ
2585 4136 2695 4207 γὰρ
2720 4132 2788 4207 ἦν
2819 4136 3012 4204 ἔδαφος
3047 4137 3255 4206 γυμνὸν
3292 4135 3440 4199 ίδεῐν,
3471 4134 3605 4189 ἀλλά
3634 4138 3824 4190 πᾶσαν

2132 4224 2232 4293 τὴν
2261 4224 2379 4276 ὁδὸν
2406 4222 2653 4294 σώμασιν
2681 4224 3041 4295 ἀνθρωπίνοις
3074 4223 3434 4293 καλύψαντες,
3465 4224 3593 4294 μίαν
3627 4226 3823 4294 σειράν

2133 4326 2251 4361 τινα
2293 4311 2501 4383 χρυσῆν
2552 4311 2647 4364 καὶ
2702 4312 2927 4381 συνεχῆ,
2968 4311 3062 4363 καὶ
3097 4310 3343 4381 ποταμὸν
3386 4310 3483 4362 ἕνα
3522 4307 3703 4379 πολλῷ
3738 4310 3824 4381 τῷ

2135 4396 2298 4468 ῥοθίῳ
2354 4397 2651 4469 φερόμενον
2686 4397 2769 4450 διὰ
2808 4399 2988 4465 πάσης
3028 4397 3267 4461 ἐδείξατε
3319 4396 3420 4467 τῆς
3468 4397 3818 4468 ὁδοιπορίας·

2134 4486 2228 4537 καὶ
2272 4484 2384 4539 ἀνω
2439 4486 2536 4555 μὲν
2584 4486 2667 4550 είς
2708 4486 2799 4539 τὸν
2847 4486 3075 4555 οὐρανὸν
3108 4484 3503 4549 ἀναϐλέποντες
3548 4484 3819 4558 ἑωρῶμεν

2134 4570 2286 4646 [555]
2309 4573 2537 4645 σελήνην
2564 4576 2657 4629 καὶ
2682 4577 2917 4645 ἀστέρας
2942 4577 2998 4627 ἐν
3024 4577 3195 4645 μέσῳ,
3222 4575 3375 4629 κάτω
3397 4574 3455 4628 δὲ
3476 4575 3583 4628 τῶν
3606 4577 3820 4631 πιστῶν

2132 4660 2191 4712 τὸ
2220 4661 2441 4730 πλῆθος,
2486 4664 2578 4714 καὶ
2623 4662 2721 4732 τῆς
2765 4662 2995 4733 σελήνης
3034 4662 3413 4733 λαμπρότερον
3456 4664 3514 4715 ἐν
3543 4662 3619 4731 τῷ
3664 4663 3822 4733 μέσῳ

2132 4746 2229 4818 τὴν
2281 4748 2525 4819 βασιλίδα
2587 4750 2915 4823 φερομένην.
2958 4750 3171 4823 Ὥσπερ
3230 4751 3340 4822 γὰρ
3386 4751 3435 4805 οἱ
3488 4751 3719 4824 ἀστέρες
3765 4754 3819 4806 οι

2133 4837 2283 4889 κάτω
2325 4838 2581 4907 ἀμείνους
2622 4838 2731 4891 τῶν
2774 4838 2916 4892 ἀνω·
2944 4837 3090 4891 οὕτω
3123 4837 3214 4890 καὶ
3252 4837 3395 4909 αὕτη
3426 4837 3560 4891 πολύ
3592 4839 3822 4909 φαιδρο-

2130 4923 2265 4995 τέρα
2311 4926 2545 4995 ἐκείνης.
2580 4925 2646 4978 Τί
2679 4927 2819 4995 γάρ;
2856 4925 3111 4979 τοσοῦτον
3159 4925 3379 4996 σελήνη,
3421 4926 3545 4979 ὅσον
3574 4918 3723 4998 ψυχὴ
3757 4928 3821 4980 ἐν

2129 5009 2395 5081 ἀξιώματι
2434 5008 2679 5083 τοσούτῳ
2701 5011 2937 5083 τοσαύτῃ
2964 5006 3455 5082 κατακοσμουμένη
3486 5003 3703 5079 πίστει;
3750 5015 3821 5066 Τί

2129 5099 2194 5151 ἀν
2229 5116 2314 5162 τις
2346 5100 2517 5172 αὐτῆς
2547 5103 2815 5168 ἀγάσαιτο
2858 5103 3143 5173 πῴτερον,
3189 5102 3281 5155 τὸν
3310 5100 3472 5171 ζῆλον
3498 5101 3593 5152 τὸν
3638 5103 3819 5173 πυρὸς

2131 5185 2478 5259 θερμότερον,
2510 5188 2609 5259 τὴν
2634 5190 2814 5242 πίστιν
2838 5189 2934 5260 τὴν
2960 5190 3269 5259 ἀδάμαντος
3298 5188 3682 5260 στερροτέραν,
3714 5193 3819 5261 τὴν

2132 5277 2419 5347 συντριϐὴν
2448 5278 2545 5346 τῆς
2580 5279 2816 5341 διανοίας
2846 5281 2937 5332 καὶ
2960 5280 3062 5351 τὴν
3087 5277 3608 5350 ταπεινοφροσύνην,
3644 5279 3713 5332 δι’
3746 5277 3819 5353 ἦς

2129 5366 2339 5427 πάντας
2383 5366 2702 5435 ἀπέκρυψε,
2758 5366 3033 5437 βασιλείαν
3080 5368 3177 5437 μὲν
3228 5369 3322 5420 καὶ
3359 5365 3666 5437 διαδήματα
3719 5372 3817 5421 καὶ

2127 5452 2218 5504 τὸν
2269 5452 2519 5505 ἐντεῦθεν
2550 5453 2763 5508 ἅπαντα
2809 5454 2978 5524 τῦφον
3025 5456 3165 5525 μετὰ
3216 5455 3419 5525 πολλῆς
3463 5456 3668 5525 ῥίψασα
3713 5458 3819 5527 τῆς

2128 5541 2474 5611 περιουσίας,
2522 5543 2857 5613 ἐνδυσαμένη
2905 5544 2963 5597 δέ
3015 5544 3112 5615 τὴν
3160 5545 3261 5614 τῆς
3304 5542 3819 5616 ταπεινοφροσύνης

2131 5628 2322 5698 στολὴν
2358 5631 2479 5681 ἀντὶ
2522 5630 2619 5699 τῆς
2653 5630 2995 5703 πορφυρίδος.
3030 5632 3124 5684 καὶ
3164 5632 3255 5685 διά
3295 5630 3501 5701 ταύτης
3544 5630 3817 5701 λάμψασα

2134 5717 2429 5787 μειζόνως;
2465 5718 2739 5783 Βασιλίδες
2769 5719 2866 5788 μὲν
2899 5718 3003 5790 γὰρ
3023 5719 3216 5773 πολλαὶ
3252 5719 3512 5781 πολλάκις
3542 5720 3815 5786 ἐγένοντο,

2132 5803 2188 5857 αἲ
2220 5804 2317 5873 τῆς
2350 5806 2542 5875 στολῆς
2574 5807 2743 5876 αὐτῆς
2790 5808 2884 5860 καὶ
2922 5808 3031 5860 τῶν
3059 5808 3405 5879 διαδημάτων
3443 5805 3817 5878 ἐκοινώνησαν

2136 5890 2315 5961 μόνον,
2362 5892 2455 5946 καὶ
2488 5893 2585 5965 τῆς
2623 5892 2779 5963 δόξης
2812 5894 2911 5968 τῆς
2947 5894 3267 5968 βασιλικῆς·
3298 5893 3503 5968 ταύτης
3542 5895 3597 5949 δὲ
3638 5895 3814 5969 μόνης
