4036 6406
145 390 243 445 ιω

145 496 346 553 tutei'n?
376 510 444 549 au
496 489 732 549 civitatis
762 481 1137 541 alacritatem?
1162 495 1230 534 an
1258 474 1620 548 Imperatricis
1646 487 1740 527 ae-

141 589 279 645 tum?
303 604 373 642 an
398 586 704 660 principum
726 574 1091 637 concursum?
1115 590 1182 627 an
1206 569 1408 626 diaboli
1432 561 1745 622 infamiam-2

138 702 203 737 au
226 655 539 739 dmmoinnn
569 674 822 731 cladem?
854 668 1117 726 Ecelesim
1142 663 1519 726 nobilitatem,
1562 655 1743 712 crucis

138 782 422 836 virtutem,
453 767 710 827 Crucifixi
758 760 1040 825 miracula,
1070 756 1245 814 Patris
1270 753 1534 826 gloriam,
1565 747 1744 819 Spiri-

138 869 500 942 tuegratiam,
523 862 707 934 populi
738 858 901 915 totius
923 856 1279 925 voluptatem,
1306 847 1543 904 civitatis
1563 842 1748 901 casul-

138 941 370 1020 tationcs
393 1004 410 1026 ,
445 956 836 1013 nnniachormn
882 961 1079 1014 cretus,
1102 947 1371 1015 virginum
1398 941 1597 998 choros
1617 980 1633 1004 ,
1660 952 1748 992 sa-

136 1060 414 1113 t'erdotum
443 1053 684 1116 ordiuco,
714 1046 1055 1103 smeularium
1080 1043 1319 1095 virorum
1355 1032 1743 1096 eatistaritiam,

138 1164 417 1205 servorum
440 1189 455 1211 ,
484 1145 782 1200 liberorum
805 1180 821 1203 ,
849 1136 1182 1208 principum,
1212 1129 1584 1190 subditorum,
1609 1138 1743 1191 pau-

139 1260 169 1312 p
201 1258 323 1296 rum
343 1284 361 1307 ,
390 1237 625 1293 divitum
646 1275 664 1299 ,
697 1230 1131 1303 peregrinorum,
1160 1221 1402 1278 civium?
1428 1217 1747 1288 Opportune

133 1338 200 1389 de.
233 1335 495 1388 onuiibus
528 1329 738 1384 dicatur
773 1343 787 1380 :
827 1323 961 1392 Quia
1003 1320 1239 1389 loquetur
1281 1314 1535 1386 potentias
1588 1318 1701 1362 tuus
1724 1347 1743 1373 ,

135 1429 387 1489 bonum,
421 1423 632 1479 anilitas
662 1420 814 1490 {orici
842 1432 1017 1470 sumes
1047 1411 1225 1467 fundes
1252 1419 1367 1461 tuas
1394 1404 1571 1478 (Paul.
1618 1401 1741 1457 l05.

132 1522 225 1591 3)?
247 1518 506 1576 nuberes
535 1516 587 1569 in
618 1512 871 1568 thalamis
903 1516 1205 1570 versantes,
1224 1512 1277 1558 et
1292 1515 1415 1556 cera
1442 1513 1513 1553 m.
1537 1495 1743 1561 lliores,

132 1588 339 1669 relictis
359 1608 572 1665 milibus
600 1615 657 1662 et
685 1602 844 1660 teetis
863 1643 885 1668 ,
910 1616 1036 1655 cum
1070 1592 1463 1651 robustissimis
1505 1588 1744 1643 virorum

136 1704 423 1761 alacritate
440 1697 748 1759 certabant,
770 1704 981 1749 tantum
1001 1690 1209 1744 itineris
1228 1684 1455 1757 pedibus
1473 1692 1743 1743 emcnsw;

134 1817 237 1855 [σει
256 1800 492 1869 juvenes
509 1790 698 1857 modo,
721 1788 817 1844 sed
842 1788 1004 1843 etiam
1029 1797 1206 1838 auus:
1240 1795 1411 1851 neque
1432 1787 1641 1832 naturte
1666 1775 1747 1828 in-

132 1894 380 1955 firmitas,
407 1905 582 1960 neque
625 1888 797 1941 solita:
835 1882 955 1937 vita:
979 1877 1254 1941 mollities,
1298 1889 1474 1944 neque
1507 1869 1745 1926 celebri-

132 1987 255 2041 tatis
294 1999 496 2055 pompa
544 1975 935 2050 impedimento
967 1973 1141 2027 fuere.
1178 1967 1454 2037 Principes
1486 1965 1585 2035 ipsi
1618 1979 1740 2055 ται-ξ

130 2095 247 2133 sum
279 2054 490 2133 relictis
518 2071 795 2135 curribus,
827 2064 1111 2140 lictoribus
1134 2072 1190 2119 et
1222 2059 1571 2122 satellitibus,
1598 2054 1742 2127 plebi

131 2184 250 2226 sese
288 2169 657 2224 admiscuere.
691 2160 898 2233 Ecquid
921 2157 1179 2213 mulieres
1210 2152 1593 2224 principesque
1627 2163 1747 2205 me-

131 2278 358 2327 morem,
386 2257 606 2331 quando
633 2256 723 2312 illa
760 2255 872 2326 ipsa
902 2267 1024 2323 quae
1051 2247 1300 2304 diadema
1338 2255 1511 2317 gestat
1533 2255 1588 2299 et
1611 2260 1743 2315 pur-

130 2371 256 2426 pura
286 2352 552 2415 induitur,
583 2363 677 2421 per
707 2356 873 2403 tutam
897 2345 1043 2426 tviam
1076 2359 1144 2398 ne
1176 2341 1442 2422 tantillum
1468 2336 1685 2410 quidem
1710 2352 1740 2390 ει

130 2422 372 2517 mliquiis
392 2442 638 2514 separari
662 2440 862 2507 vetuit;
892 2422 1219 2494 sedancilla:
1238 2435 1411 2490 instar
1422 2439 1643 2488 satietas
1663 2444 1743 2487 se-

128 2541 418 2613 quebatur,
453 2537 668 2592 thecam
691 2545 744 2591 et
765 2535 945 2589 velum
974 2531 1378 2602 superpositum
1406 2536 1659 2595 tangens,
1686 2534 1743 2579 et

130 2650 345 2689 onmem
409 2631 708 2686 humanum
762 2631 957 2683 fastum
1006 2626 1246 2689 calcans,
1284 2634 1448 2693 atque
1504 2622 1557 2676 in
1607 2620 1741 2676 tzuiti

132 2728 321 2782 theatri
351 2724 537 2779 medio
555 2740 585 2777 a
614 2721 813 2793 populo
842 2719 1123 2775 videbatur
1146 2718 1258 2782 illa,
1281 2731 1442 2788 quant
1476 2731 1544 2771 ne
1567 2730 1741 2769 enun-

128 2821 239 2874 cbis
254 2817 479 2890 quidem
500 2814 777 2880 omnibus,
793 2812 883 2884 qui
903 2814 957 2867 in
986 2810 1332 2881 imperatoria
1351 2809 1568 2863 aluntur
1592 2808 1739 2869 aula,

126 2913 445 2983 conspicere
462 2909 613 2964 licet.
628 2905 737 2962 Sed
758 2915 1057 2978 martyrum
1075 2919 1230 2958 amor
1250 2917 1391 2974 pene
1425 2901 1741 2980 lyr-inmixtus

128 3015 176 3060 et
204 3004 455 3062 caritatis
478 3002 697 3057 flamma
718 3000 814 3070 ipsi
845 3009 903 3052 ut
928 2997 1105 3052 larvas
1120 3011 1311 3052 omnes
1330 2996 1453 3049 illas
1480 2994 1744 3064 abjiceret

127 3100 320 3161 suasit,
375 3106 548 3166 utque
592 3100 780 3162 aperte
820 3106 979 3148 suum
1024 3104 1155 3161 erga
1199 3099 1421 3143 sanctos
1467 3095 1741 3159 martyres

125 3190 368 3246 studium
394 3187 702 3244 exhiberet.
733 3184 1042 3241 Recordata
1074 3181 1274 3255 quippe
1300 3191 1387 3237 est
1411 3181 1557 3237 beati
1584 3180 1744 3235 Davi-

126 3287 242 3351 dis,
264 3286 360 3357 qui
391 3294 449 3339 et
484 3297 727 3354 purpura
753 3281 1078 3337 induebatur
1108 3289 1163 3333 et
1191 3278 1438 3334 diadema
1467 3276 1743 3349 gestalat,

126 3392 517 3449 secparumque
548 3374 827 3431 obtinebat
852 3374 904 3429 in
938 3371 1263 3429 llebralcunt
1289 3370 1577 3443 populum,
1602 3384 1744 3440 quii-

127 3471 270 3525 uiain
307 3470 401 3524 ille
432 3482 613 3523 aream
637 3464 1021 3531 transferebat,
1071 3464 1157 3520 illa
1189 3472 1299 3519 tota
1336 3476 1501 3518 scena
1547 3461 1742 3517 relicta

126 3561 360 3618 saltabat
389 3570 446 3615 et
468 3558 701 3615 choreas
722 3558 949 3629 agebat,
981 3553 1230 3627 tripbdiis
1260 3554 1453 3610 ludens
1504 3552 1738 3623 magnis,

126 3670 189 3711 ac
235 3670 333 3727 per
363 3653 537 3708 saltus
558 3652 804 3707 Ia'titiam
845 3665 1009 3721 quam
1040 3650 1107 3705 de
1139 3651 1215 3705 rei
1263 3648 1580 3704 celebritate
1605 3662 1743 3702 eon-

124 3749 381 3820 cipiebat,
414 3745 772 3818 significabat.
809 3743 968 3813 Quod
1018 3743 1062 3799 si
1118 3744 1172 3798 in
1221 3744 1412 3798 umbra
1459 3752 1518 3798 et
1574 3743 1743 3813 ligura

123 3847 338 3897 tantum
381 3838 655 3896 fervorem
703 3836 997 3892 ostendere
1027 3851 1124 3907 par
1149 3844 1293 3901 erat,
1322 3843 1528 3905 quanto
1569 3834 1745 3906 magis

130 3942 181 3993 in
214 3948 461 4008 tempore
482 3935 672 4006 gratia:
702 3945 752 3989 et
785 3932 1067 3987 veritatis?
1087 3930 1523 4003 quandoquidem
1546 3939 1601 3984 et
1628 3928 1745 3985 hac

127 4048 311 4087 aream
355 4026 721 4085 transferebat
778 4026 937 4097 longe
988 4024 1424 4097 praestantiorem
1460 4023 1547 4077 illa
1583 4022 1743 4077 Davi-

128 4132 212 4180 dis
242 4141 392 4183 arca.
441 4123 630 4194 Neque
658 4121 802 4177 enim
857 4119 974 4175 iure
1025 4118 1237 4173 tabulas
1287 4116 1448 4193 habet
1478 4116 1741 4187 lapideas,

131 4221 224 4275 sed
257 4217 470 4273 tabulas
488 4215 823 4287 spirituales,
844 4224 899 4269 et
921 4213 1153 4284 gratiam
1181 4210 1491 4274 florentem,
1515 4210 1747 4264 donum-

128 4330 233 4390 que
265 4310 647 4379 resplendons,
671 4318 727 4363 et
746 4338 747 4341 η
769 4321 891 4361 ossa
939 4321 1064 4360 cum
1121 4305 1252 4375 ipsis
1280 4303 1550 4358 solaribus
1580 4301 1746 4356 radiis

127 4409 342 4477 ‘lulgore
401 4403 735 4475 pugnantia,
796 4401 909 4457 imo
962 4396 1389 4469 splendidiorem
1441 4395 1746 4451 emittentia

128 4499 419 4567 lulgurctn.
473 4494 719 4550 Solarem
770 4506 1008 4561 [minque
1051 4490 1297 4544 videntes
1344 4488 1553 4542 radium
1610 4486 1747 4541 nihil

128 4596 415 4659 patiuntur
438 4588 747 4650 daemones;
793 4585 890 4639 sed
936 4584 1283 4653 splendorem
1316 4582 1441 4637 hinc
1483 4583 1745 4639 ρχδιιίιιιι-

134 4695 239 4738 tem
275 4699 386 4736 non
428 4680 667 4734 ferentes
708 4685 1052 4731 exemeautur
1079 4682 1134 4729 ct
1161 4675 1392 4743 fugiunt,
1427 4687 1588 4743 atque
1620 4690 1749 4744 pro:

134 4778 216 4830 (ιιι
242 4791 303 4831 se
337 4773 602 4840 recipiunt
632 4789 646 4825 ;
682 4781 825 4823 tanta
853 4768 937 4821 vis
962 4772 1147 4827 eslvcl
1165 4768 1363 4820 cineris
1394 4778 1749 4824 sanctorum:

135 4888 251 4938 qu‘t-
283 4883 394 4923 non
425 4876 633 4921 tantum
669 4865 814 4917 intus
844 4863 896 4915 in
928 4861 1296 4931 reliquiis'sita
1321 4872 1425 4927 est,
1458 4864 1552 4917 sed
1583 4865 1748 4918 etiam

134 4962 363 5017 ulterius
408 4972 722 5030 progressa.
759 4958 994 5023 imputas
1044 4954 1167 5007 illas
1213 4964 1507 5024 potestates
1560 4955 1750 5025 depel-

134 5060 193 5111 lit
219 5058 322 5129 (a),
355 5067 403 5110 et
430 5070 526 5109 eos
555 5067 796 5122 quicum
842 5050 946 5105 fide
972 5047 1263 5113 accedunt,
1308 5064 1432 5103 cum
1480 5059 1753 5119 [otestate

132 5152 300 5203 mulL-t
334 5146 663 5201 sanctificat.

207 5240 567 5312 Imperatricia
599 5248 785 5308 pietas.
814 5266 886 5281 -ν
916 5235 1043 5290 Ideo
1073 5236 1273 5290 Christi
1297 5250 1485 5290 amans
1506 5235 1751 5305 Impera-

139 5338 239 5391 tr‘ia
271 5336 528 5405 reliquias
552 5336 909 5401 sequebatur,
942 5329 1299 5399 tangebatque
1328 5329 1639 5401 frequenter
1660 5330 1753 5385 be-

140 5430 509 5485 nedictionem
557 5426 660 5478 sibi
691 5423 991 5487 altt'aitens,
1016 5432 1180 5492 atque
1204 5421 1271 5474 ad
1304 5422 1586 5491 pulchrum
1619 5424 1752 5479 illud

143 5524 528 5595 spiritualeque
556 5517 946 5573 eomim-reinm
970 5558 990 5583 ,
1018 5527 1231 5570 ceteros
1262 5531 1455 5571 omnes
1499 5517 1754 5570 institue-

143 5622 231 5674 bat
258 5630 315 5675 et
346 5618 580 5672 docebat
627 5625 686 5667 ut
732 5628 797 5666 es
844 5610 945 5664 hoc
973 5610 1121 5665 fonte
1156 5610 1468 5673 haurirent,
1520 5627 1591 5668 ex
1646 5626 1753 5682 quo

143 5726 354 5782 scmrier
383 5709 634 5763 hauritur
663 5715 723 5760 et
751 5720 1039 5774 numquam
1070 5714 1384 5758 evacuatur.
1418 5702 1569 5759 Sicut
1602 5706 1747 5757 enim

200 5896 274 5949 fa)
299 5892 490 5946 Similia
516 5890 747 5939 dicuntur
770 5894 810 5936 ι.
835 5886 883 5933 ‘2.
903 5886 999 5937 col.
1023 5884 1108 5939 99.
1133 5884 1244 5943 8l7,
1270 5883 1381 5936 669.

470 5978 752 6039 ΡΑΤιιοι.
795 5978 915 6042 Gn.
970 5978 1197 6043 LXIII.

786 372 827 430 ll
867 365 1385 435 IIOSIlLIA,DICT.-\
1425 358 1797 429 ΡοδτρυΑλι
1838 353 2195 427 ιιωρυιιε
2240 336 2820 421 διλιιτϊιιυλιβτο.

3365 351 3467 408 47ιῖ

1858 466 2108 523 fontium.
2136 464 2337 521 flneiita
2380 464 2684 518 scaturiunt
2736 477 2841 518 nec
2868 460 3008 517 intra
3040 463 3292 532 proprios
3320 476 3476 521 smus

1852 561 2223 623 continentur,
2256 556 2353 614 sed
2399 556 2678 612 exundant
2720 565 2777 611 et
2828 555 3268 627 superemuunt:
3300 558 3373 612 ita
3416 569 3479 614 et

1852 654 2091 726 Spiritus
2134 653 2331 724 gratia,
2362 666 2484 722 qua:
2529 651 2582 704 in
2625 650 2841 706 ossibus
2867 649 3067 704 insidet
3095 664 3163 705 ac
3190 664 3316 705 cum
3338 665 3477 705 saw

1850 747 1955 801 ctis
1986 743 2275 808 inhabitat,
2322 752 2382 798 et
2424 742 2479 797 iu
2525 740 2664 797 alios
2696 739 3043 811 profunditur
3070 740 3163 813 qui
3210 756 3337 797 cum
3367 743 3479 800 fide

1856 838 1978 893 illos
2008 845 2330 907 sequuntur,
2355 844 2519 905 atque
2546 833 2616 889 ab
2645 835 2826 888 anima
2857 837 2910 892 in
2950 849 3152 905 corpus
3183 835 3477 904 redundat,

1851 940 1910 986 et
1936 946 1966 985 a
1997 944 2231 1000 corpore
2256 930 2309 983 in
2342 928 2688 993 vestimenta,
2720 942 2751 980 a
2783 926 3124 983 vestimentis
3152 928 3204 982 in
3230 928 3477 994 calceos.

1851 1023 2103 1078 acalceis
2150 1022 2203 1076 in
2236 1020 2459 1077 umbras
2505 1019 2769 1077 excurrit.
2802 1019 3037 1091 Ideoque
3086 1037 3195 1076 non
3243 1037 3476 1094 corpora

1852 1125 2063 1171 tantum
2122 1124 2436 1170 sanctorum
2501 1110 2877 1183 apoStolorum
2960 1124 3310 1184 operantur,
3379 1116 3476 1173 sul

1850 1209 2017 1265 etiam
2070 1207 2287 1264 sudaria
2337 1217 2397 1262 et
2433 1204 2770 1263 semicinctia
2819 1205 2983 1276 (Act.
3040 1205 3313 1277 19.12);
3366 1209 3479 1263 inio

1853 1304 2063 1358 umbra:
2118 1301 2263 1358 Petri
2309 1301 2444 1371 ipsis
2489 1300 2797 1356 viventibus
2848 1300 3057 1370 tnajora
3105 1302 3480 1372 cperabautur

1850 1393 2197 1469 (lct.5.l5).
2220 1392 2419 1451 Ielote
2453 1408 2674 1464 quoque
2716 1393 2915 1463 injecta
2947 1400 3339 1464 supra‘corpus
3372 1386 3477 1454 Eli-

1851 1505 1910 1546 st
1932 1490 1969 1554 i,
2000 1489 2274 1561 duplicem
2304 1489 2403 1560 ipsi
2434 1488 2663 1560 gratiam
2698 1488 2910 1544 induxit
2937 1487 3017 1562 (5.
3045 1488 3175 1562 Reg.
3212 1490 3302 1546 l9.
3338 1489 3428 1563 l9)
3456 1507 3474 1550 :

1852 1599 1960 1637 non
1999 1582 2145 1637 enim
2187 1595 2390 1653 corpus
2433 1580 2616 1636 Eliszei
2663 1589 2898 1647 clintum,
2950 1580 3049 1636 sed
3097 1582 3264 1637 etiam
3306 1573 3474 1637 resti-

1852 1683 2094 1731 mentum
2126 1671 2261 1730 illud
2289 1673 2509 1743 plenum
2557 1674 2731 1743 gratia
2778 1683 2916 1728 erat.
2949 1672 3188 1745 Ideoque
3217 1675 3269 1730 in
3299 1676 3479 1732 tribus

1853 1767 2038 1839 pueris
2085 1768 2320 1823 flantum
2349 1777 2541 1821 natura
2573 1783 2681 1822 non
2712 1767 2893 1823 solum
2922 1767 3071 1839 ipsos
3097 1769 3334 1825 reverita
3365 1779 3472 1837 est,

1848 1861 1947 1918 sed
1972 1860 2137 1916 etiam
2167 1859 2409 1930 ipsorum
2436 1859 2652 1914 calceos
2676 1857 2841 1929 (Duu.
2880 1860 2917 1916 3
2961 1857 3082 1928 94).
3123 1860 3191 1915 Et
3213 1860 3475 1917 Eii-trum

1848 1971 2029 2025 neque
2070 1964 2346 2010 mortuum
2391 1952 2475 2008 vis
2518 1953 2609 2008 illa
2657 1952 2906 2023 deseruit
2941 1971 2958 2011 ς
2992 1953 3225 2024 injectus
3272 1959 3479 2026 quippe

1852 2058 2100 2102 mortuus
2140 2046 2193 2099 in
2241 2044 2551 2115 sepulcrum
2599 2043 2902 2116 prophetm,
2926 2058 2957 2099 a
2988 2053 3167 2104 morte
3209 2044 3477 2102 liberatus

1849 2149 1935 2197 est
1964 2140 2046 2213 (4.
2079 2138 2211 2211 Reg.
2246 2139 2333 2195 l5.
2364 2138 2484 2208 il).
2517 2138 2610 2194 Sic
2653 2147 2713 2192 et
2756 2138 2921 2193 hodie
2949 2137 3151 2194 factum
3180 2148 3305 2195 est:
3334 2139 3470 2195 dum

1847 2235 1996 2292 enim
2029 2233 2272 2304 reliquue
2300 2242 2666 2304 gestarentur,
2697 2232 3011 2289 daemonum
3042 2234 3316 2301 incendia,
3352 2236 3476 2291 ulu-

1851 2330 1995 2385 latus
2020 2339 2077 2385 et
2099 2327 2522 2383 lamentationes
2550 2327 2789 2398 undique
2817 2327 3151 2397 ferebantur,
3184 2329 3477 2386 exsilienie

1845 2423 2054 2480 Ossium
2078 2422 2232 2478 radio
2254 2434 2307 2479 et
2336 2422 2773 2479 adversar-iarqu
2802 2432 3132 2494 potestatum
3153 2424 3475 2496 phalangem

1844 2517 2207 2575 incendente.

1929 2618 1987 2672 2.
2022 2615 2322 2687 Propterea
2356 2615 2577 2672 exsuito
2627 2622 2685 2671 et
2725 2628 2844 2686 pre
2894 2613 3180 2684 voluptate
3229 2614 3474 2669 volatur:

1855 2726 2085 2767 assumo
2112 2711 2239 2781 quia
2267 2709 2549 2767 desertum
2589 2710 2874 2765 civitatem
2913 2707 3202 2769 effecistis,
3228 2708 3358 2778 quia
3389 2707 3479 2762 di-

1852 2804 2024 2860 vitias
2061 2801 2327 2859 Ecclesia
2364 2801 2526 2857 nobis
2568 2801 2735 2858 hodie
2768 2800 3125 2858 eahibnistis.
3160 2800 3307 2856 Ecce
3337 2809 3477 2871 quot

1852 2910 2016 2961 oves,
2045 2903 2102 2951 et
2141 2908 2415 2964 numquam
2456 2893 2656 2965 lupus;
2694 2900 2829 2964 quot
2874 2892 3074 2956 vineae.
3094 2900 3157 2947 et
3196 2906 3475 2962 nusquam

1852 2982 2052 3054 opina;
2098 2993 2234 3053 quot
2274 2982 2465 3052 spicae,
2514 2991 2572 3036 et
2619 2998 2893 3054 nusquam
2944 2982 3181 3039 zizania.
3221 2981 3374 3038 Mare
3404 2979 3478 3039 ab

1855 3073 2001 3129 urbe
2028 3071 2103 3126 ad
2135 3072 2288 3126 hunc
2336 3088 2515 3142 ttsqttc
2552 3073 2735 3127 locum
2779 3083 3070 3130 extensum
3104 3082 3221 3140 est;
3253 3087 3408 3127 mare
3443 3085 3478 3129 ι

1853 3166 2127 3223 fluctuum
2155 3166 2418 3235 procellis
2451 3165 2719 3231 liberum,
2754 3165 3108 3237 naufragium
3142 3179 3253 3220 non
3276 3162 3495 3233 habet,

1857 3273 1895 3313 a
1934 3259 2182 3329 scopulis
2218 3273 2456 3313 vacuum
2496 3265 2612 3326 est;
2652 3272 2810 3315 mare
2845 3257 2997 3313 omni
3034 3256 3200 3313 melle
3230 3254 3476 3321 dulcius.

1857 3350 2044 3421 magis
2070 3349 2317 3422 potabile
2352 3363 2520 3421 quam
2557 3363 2714 3419 aqua
2751 3350 3048 3421 potabiles.
3080 3347 3274 3421 Neque
3310 3347 3480 3405 aber-

1846 3448 2059 3503 raverit
2080 3446 2173 3517 qui
2214 3446 2322 3500 hoc
2350 3459 2503 3500 mare
2527 3444 2694 3499 etiam
2722 3442 2948 3499 fluvium
2976 3443 3120 3516 ignis
3146 3446 3430 3501 recaverit
3454 3463 3475 3497 .-

1846 3542 1925 3597 ita
1942 3554 2139 3611 nempe
2154 3536 2439 3609 lampades
2458 3552 2578 3607 qua:
2596 3546 2763 3593 noctu
2789 3536 3103 3609 frequentes
3118 3550 3188 3593 ac
3204 3538 3482 3593 continuas

1845 3635 1918 3689 ad
1941 3647 2115 3704 usque
2144 3632 2469 3704 martyrium
2500 3630 2605 3686 hoc
2634 3629 3141 3696 ferebantur,fluvii
3172 3632 3313 3702 ignei
3344 3632 3483 3690 ima-

1846 3728 2035 3800 ginem
2064 3725 2383 3781 videntibus
2408 3723 2771 3780 exhibebant.
2797 3723 2868 3782 Et
2899 3726 3020 3781 ba'e
3036 3725 3257 3797 quidem
3278 3737 3481 3791 noctu;

1848 3819 1944 3875 die
1968 3828 2153 3873 autem
2179 3816 2535 3873 illucescente
2556 3816 2678 3872 alia:
2700 3833 2919 3872 rursum
2951 3818 3231 3888 lampades
3256 3821 3482 3891 Conspi-

1846 3912 2141 3969 ciebantur
2159 3928 2173 3967 :
2192 3912 2532 3983 illasquippe
2559 3913 2638 3967 sol
2672 3912 2860 3968 oriens
2879 3913 3171 3985 obtegebat
3197 3925 3254 3970 rt
3282 3916 3484 3972 obscu-

1851 4009 2029 4063 riores
2050 4006 2315 4062 reddebat
2340 4024 2355 4070 ;
2385 4007 2517 4062 istas
2544 4022 2695 4073 vero,
2717 4024 2838 4079 qua:
2866 4010 2920 4062 in
2954 4008 3298 4079 singulorum
3329 4027 3484 4065 meu-

1851 4101 2003 4158 tibus
2032 4099 2261 4171 fulgent,
2290 4100 2532 4157 laetiores
2549 4101 2881 4157 ostendebat
2910 4120 2923 4156 :
2955 4119 3080 4157 nam
3114 4105 3241 4174 igne
3266 4107 3363 4160 illo
3387 4107 3483 4177 Qui

1851 4204 2077 4265 apparet
2102 4194 2389 4249 ardentior
2407 4205 2527 4249 erat
2545 4193 2635 4249 ille
2652 4194 2743 4263 qui
2769 4196 2823 4249 in
2846 4193 3131 4251 alacritate
3150 4207 3329 4253 vestra
3348 4214 3483 4255 eou-

1852 4288 1997 4343 sistit
2013 4305 2027 4340 :
2041 4297 2099 4342 et
2114 4285 2598 4357 singuliduplicem
2615 4286 2927 4357 lampadem
2943 4288 3251 4357 gestabant,
3268 4291 3485 4361 igneam

1857 4381 2009 4441 illam
2038 4390 2202 4435 noctu
2226 4419 2244 4445 ,
2274 4395 2394 4435 eam
2429 4394 2562 4433 vero
2585 4395 2710 4449 qua:
2740 4381 2794 4435 in
2826 4380 3110 4435 alacritate
3138 4394 3319 4437 vestra
3345 4386 3487 4439 resi-

1855 4472 1947 4526 det
1988 4483 2043 4527 et
2091 4482 2253 4526 noctu
2299 4482 2357 4526 et
2402 4472 2645 4527 interdiu
2676 4491 2691 4528 :
2722 4473 2832 4527 imo
2881 4489 3013 4529 vero
3049 4490 3227 4546 neque
3261 4490 3480 4533 noctem

1855 4566 2003 4621 illam
2035 4581 2175 4620 meo
2210 4582 2222 4617 :
2253 4581 2381 4620 cum
2412 4565 2505 4620 die
2538 4561 2777 4637 namque
2806 4568 3181 4635 concertabat,
3212 4569 3343 4625 dum
3384 4587 3486 4628 vos
3568 4564 3573 4570 ’

1854 4658 1996 4714 lueis
2031 4659 2171 4713 filios
2208 4658 2610 4722 circumferret,
2642 4666 2705 4713 et
2748 4659 2927 4715 stellis
2956 4659 3262 4718 innumeris
3289 4663 3485 4721 lucife-

1856 4770 2031 4825 roque
2054 4752 2463 4824 splendidiores
2494 4752 2802 4809 exhiberet.
2836 4753 3311 4823 Quemadmodum
3334 4759 3485 4815 ollim

1852 4847 2061 4903 ebriosi
2110 4855 2325 4900 noctem
2352 4847 2430 4905 ,in
2478 4845 2630 4901 diem
2660 4856 2991 4903 convertunt
3018 4866 3033 4901 :
3060 4848 3143 4905 sic
3182 4860 3241 4904 et
3266 4860 3485 4907 noctem

1854 4942 2106 4997 efﬁciunt
2151 4940 2299 4997 diem
2338 4940 2372 4995 ii
2416 4942 2509 5011 qui
2561 4941 2843 5013 pervigilia
2874 4953 3045 5013 agunt
3086 4944 3480 5014 expergefacti.

1859 5037 2099 5106 Ideoque
2128 5051 2225 5105 per
2256 5044 2426 5089 totam
2476 5044 2693 5091 noctem
2741 5038 3123 5108 prapbeticnm
3156 5038 3290 5094 illud
3317 5054 3486 5097 cane.

1860 5130 1992 5184 bant
2014 5149 2026 5182 :
2046 5128 2170 5183 No.1:
2198 5128 2515 5183 illuminatio
2546 5147 2660 5183 mea
2678 5130 2732 5183 in
2758 5130 2961 5185 deliciis
2984 5133 3144 5198 uicis;
3175 5143 3224 5187 et
3268 5132 3488 5191 latebra

1856 5242 1963 5279 mm
1982 5226 2391 5279 obscurabuntur
2420 5241 2453 5277 a
2481 5234 2548 5288 le,
2576 5235 2622 5278 et
2650 5242 2757 5280 uox
2774 5229 2905 5280 sicut
2931 5227 3440 5283 tlirrilfuminabitur
3470 5244 3491 5290 :

1858 5321 1992 5373 sicut
2018 5329 2067 5372 et
2094 5318 2316 5371 tenebrae
2335 5318 2470 5389 ejus,
2505 5322 2578 5372 ita
2609 5329 2656 5372 et
2683 5320 2855 5373 Iunteu
2881 5321 2995 5391 ejus
3022 5319 3197 5388 (Psaf.
3230 5324 3357 5379 I33.
3394 5324 3486 5379 ll.

1864 5417 1979 5485 1‘2).
2013 5414 2135 5481 Quo
2164 5414 2310 5468 en‘m
2343 5414 2432 5468 die
2472 5430 2585 5467 non
2626 5415 2805 5469 lartior
2836 5413 2934 5470 fuit
2963 5432 3072 5470 nos
3108 5417 3196 5471 illa
3228 5418 3486 5473 outuibus

1861 5518 2014 5562 tanto
2039 5507 2240 5579 gaudio
2271 5505 2671 5560 exsultantibus
2696 5548 2711 5573 ,
2746 5507 3014 5576 spirituali
3060 5507 3245 5563 laetitia
3293 5510 3490 5579 plenis.

1860 5613 1942 5657 tot
1983 5600 2171 5655 eITttsis
2198 5601 2434 5669 populis,
2466 5601 2555 5669 qui
2588 5611 2646 5655 ct
2674 5602 2776 5655 via:
2813 5608 2871 5656 cl
2904 5599 3007 5656 fori
3037 5601 3246 5657 aditum
3270 5604 3491 5658 claude-

1860 5693 2030 5748 bant?
2060 5692 2244 5763 Neque
2270 5695 2417 5748 enim
2451 5704 2664 5763 poterat
2704 5694 2910 5750 nudum
2940 5695 3121 5751 Solum
3160 5696 3360 5767 videri,
3393 5698 3491 5751 sed

1864 5795 2031 5843 totam
2061 5788 2201 5841 viam
2230 5787 2556 5858 corporibus
2573 5788 2831 5845 humanis
2859 5793 3193 5863 operientes,
3212 5794 3310 5851 sed
3332 5810 3493 5854 unum

1865 5890 2117 5937 catenam
2168 5897 2391 5939 auream
2420 5885 2830 5955 eleontinuam,
2864 5885 3086 5942 ﬂuvium
3119 5903 3287 5945 omuu
3321 5888 3490 5949 multo

3068 5974 3154 6048 23
