4036 6410
612 399 703 454 ΠΙ

611 512 815 580 impetu
835 509 1164 563 manantem,
1191 510 1283 565 per
1304 503 1474 547 totum
1493 491 1594 545 iter
1618 484 1967 545 exhibuistis:
1997 492 2051 538 et
2071 496 2188 535 sur-

612 576 730 656 sum
754 596 968 670 quidem
996 594 1046 647 in
1064 590 1252 646 ca-lum
1270 585 1592 655 aspicientes
1609 582 1788 637 lunam
1808 576 2119 632 videbamus
2138 581 2193 628 et

611 669 795 749 stellas
825 692 878 746 in
907 686 1104 747 medio,
1139 682 1273 736 inira
1324 695 1452 735 vero
1499 676 1735 731 ﬁdelium
1765 669 2188 729 multitudinem,

594 800 665 843 "et
683 789 802 843 luna
822 778 1234 854 splendidiorem
1254 776 1307 829 in
1332 772 1508 830 medio
1528 767 1921 841 Imperatricem
1951 772 2190 818 euntem.

613 881 761 933 Sicut
782 877 922 930 enim
942 871 1114 926 stellm
1145 867 1428 923 inferiores
1454 858 1851 933 prmstantiorcs
1878 863 2004 909 sunt
2034 866 2193 920 supe-

616 969 881 1029 riorihus;
924 964 1002 1017 sic
1028 969 1085 1016 et
1132 960 1244 1014 haec
1276 958 1442 1011 mttlto
1468 953 1638 1008 laetior
1664 961 1715 1006 et
1744 945 2049 1019 prteclarior
2075 952 2194 997 erat

613 1062 719 1115 illa.
749 1056 887 1124 Quid
914 1054 1055 1110 enim
1080 1053 1103 1107 2
1134 1061 1337 1106 tantum
1360 1055 1445 1103 est
1472 1046 1613 1108 luna,
1633 1043 1676 1096 si
1704 1046 2045 1109 comparetur
2069 1048 2191 1088 cum

609 1154 814 1213 anima,
846 1151 898 1202 in
926 1147 1183 1215 dignitate
1210 1149 1353 1195 tanta
1387 1138 1693 1198 constituta,
1726 1140 1871 1186 tanta
1904 1127 2007 1183 ﬁde
2034 1139 2193 1180 orna-

610 1244 699 1297 ta?
730 1241 865 1310 Quid
896 1240 1037 1294 enim
1057 1237 1176 1306 quis
1200 1234 1249 1288 in
1275 1231 1360 1284 illa
1390 1228 1538 1299 prius
1566 1220 1986 1280 admiretur‘ian
2018 1218 2190 1273 zelum

610 1338 728 1406 ipso
741 1339 860 1405 igne
874 1329 1247 1385 ierveutiorem
1262 1323 1284 1377 ?
1302 1339 1366 1376 an
1386 1322 1543 1375 ﬁdem
1562 1317 1843 1373 adamante
1864 1309 2192 1367 ﬁrmiorem?

609 1444 677 1481 an
705 1423 1078 1481 contritionem
1103 1418 1262 1471 animi
1290 1425 1343 1470 et
1371 1411 1744 1474 httmiiitatcm,
1768 1421 1871 1476 qua
1899 1418 2085 1459 omnes
2102 1418 2191 1456 su-

611 1518 850 1590 peravit?
879 1514 1163 1583 imperium
1183 1505 1721 1580 quidem,diademata
1748 1511 1801 1556 et
1822 1515 2035 1556 omnem
2066 1497 2192 1552 hinc

608 1612 736 1666 oriri
780 1609 992 1664 solitum
1035 1606 1227 1660 fastum
1275 1598 1709 1657 constantissime
1749 1595 1985 1664 abjecit;
2019 1592 2192 1647 induit

612 1718 742 1757 vero
770 1717 865 1771 pro
884 1714 1115 1770 purpura
1138 1695 1454 1750 humilitatis
1476 1700 1699 1755 vestem,
1719 1698 1773 1742 et
1789 1704 1886 1758 per
1912 1688 2051 1740 hanc
2082 1702 2193 1739 ma-

608 1799 691 1867 gis
742 1794 1072 1865 resplendet.
1117 1791 1249 1846 Nam
1293 1787 1657 1858 imperatriees
1687 1782 1898 1852 quidem
1930 1779 2109 1834 multa!
2142 1788 2191 1830 et

610 1902 752 1956 δίκερε
774 1884 1007 1951 hiet-unt,
1035 1898 1153 1951 qua:
1179 1880 1343 1935 vestis
1366 1889 1419 1932 et
1444 1876 1803 1931 diadematum
1821 1883 1875 1927 et
1904 1873 2189 1941 imperatu-

610 1981 702 2032 ria:
746 1977 930 2047 gloria:
976 1977 1148 2029 solum
1181 1973 1468 2041 participes
1512 1967 1729 2023 fuerunt
1760 1982 1774 2017 :
1809 1965 1969 2033 hujus
2011 1972 2186 2017 autem

606 2074 774 2127 solius
800 2070 900 2125 fuit
924 2069 1161 2125 eximius
1191 2067 1280 2120 ille
1308 2073 1551 2128 ornatus,
1580 2062 1748 2114 solius
1775 2058 1877 2111 hoc
1906 2068 2183 2125 tropaeum.

611 2166 736 2219 iizee
789 2176 1019 2232 namque
1076 2159 1188 2214 sola
1240 2157 1551 2226 imperattix
1596 2167 1716 2206 cum
1766 2160 1913 2203 tanto
1962 2147 2187 2212 honore,

608 2257 786 2311 studio
812 2266 973 2324 atque
1002 2254 1197 2323 pietate
1225 2259 1491 2319 martyres
1514 2246 1767 2301 comitata
1805 2252 1909 2304 est,
1942 2241 2080 2310 plebi
2112 2240 2192 2292 in-

610 2352 1041 2412 tertuixta,cum
1088 2345 1378 2399 satellitum
1424 2355 1583 2394 onme
1627 2339 1943 2399 amovisset,
1978 2345 2030 2388 et
2082 2332 2191 2388 fere

608 2458 822 2497 munem
850 2438 1169 2495 conditionis
1219 2433 1625 2504 inmqualitatctn
1659 2445 1778 2485 cum
1827 2428 1989 2481 multa
2034 2441 2182 2479 exsu-

613 2533 849 2602 perantia
888 2530 1190 2600 ahjecisset.
1220 2525 1342 2581 Ideo
1369 2538 1477 2578 non
1518 2521 1690 2577 minus
1721 2536 1878 2590 quam
1930 2528 2190 2588 martyres

610 2625 805 2693 populo
853 2621 1067 2691 profuit.
1105 2613 1569 2685 Quemadmodum
1616 2612 1759 2665 enim
1808 2610 2067 2678 reliquias
2109 2622 2193 2660 as-

610 2716 882 2787 piciebant
919 2727 1107 2767 omnes
1129 2754 1143 2779 ,
1178 2712 1248 2765 ita
1277 2708 1393 2779 ejus
1436 2706 1803 2760 assiduitatem
1858 2703 2193 2757 mirabantur

606 2819 663 2861 et
690 2806 884 2861 divites
914 2812 967 2861 et
1003 2816 1284 2874 pauperes,
1322 2799 1562 2853 videntes
1595 2797 1739 2850 illam
1770 2799 1886 2850 sine
1916 2795 2188 2848 intermis-

606 2900 759 2954 sione
787 2914 881 2967 per
908 2905 1113 2950 tantum
1159 2893 1256 2946 via:
1305 2891 1533 2959 spatium
1563 2888 1772 2942 ossibus
1798 2887 2188 2950 adhwreutcm,

597 3009 710 3045 nec
739 3005 988 3059 umquam
1008 2986 1276 3041 defessam
1301 2983 1381 3037 vel
1412 2981 1760 3044 resilientem,
1783 2978 1875 3034 sed
1894 2994 2034 3033 arca:
2052 2994 2193 3032 sem-

611 3101 705 3153 per
731 3083 1051 3135 adstantem.
1078 3078 1367 3148 Propterea
1396 3085 1447 3128 tc
1496 3076 1703 3128 beatam
1752 3070 2043 3140 praedicare
2086 3084 2193 3124 non

608 3188 913 3239 cessamus;
948 3186 1120 3241 neque
1163 3184 1260 3225 nos
1306 3178 1530 3232 tanttuu,
1564 3159 1658 3219 sed
1700 3166 1860 3221 etiam
1887 3163 2074 3218 futura:
2098 3178 2195 3235 ge-

614 3268 923 3322 nerationes
949 3278 1158 3318 omnes.

682 3362 735 3413 5.
756 3358 887 3412 Nam
909 3372 1027 3426 qua:
1052 3356 1136 3408 hic
1152 3362 1300 3424 gesta
1324 3349 1680 3407 suutaudient
1697 3348 1830 3403 [lues
1848 3347 1993 3403 orbis
2019 3359 2070 3403 et
2084 3356 2193 3404 tota

609 3462 862 3523 quantam
885 3450 969 3505 soi
996 3451 1217 3517 respicit
1250 3457 1427 3510 terra;
1460 3444 1682 3498 audient
1704 3444 1829 3496 item
1862 3442 1936 3495 illi
1963 3443 2052 3511 qui
2075 3452 2197 3511 post

608 3563 708 3601 nos
732 3544 891 3599 futuri
919 3552 1060 3607 sunt,
1086 3550 1139 3595 et
1166 3540 1257 3611 qui
1289 3546 1409 3609 post
1431 3538 1583 3604 illos;
1612 3550 1676 3591 ac
1704 3551 1819 3590 rem
1848 3544 2055 3605 gestam
2078 3536 2196 3589 nul-

612 3638 725 3689 tum
755 3645 964 3703 tempus
991 3632 1241 3686 oblivioni
1266 3629 1538 3683 mandabit
1556 3668 1570 3693 ,
1590 3627 1697 3680 Deo
1717 3626 1912 3696 ubique
1932 3636 2194 3679 terrarum

616 3739 669 3781 et
701 3743 793 3797 per
821 3741 1009 3781 Otnnss
1058 3724 1263 3778 tuturas
1306 3722 1683 3791 generationes
1730 3734 1844 3774 rem
1876 3734 1996 3771 cum
2026 3718 2195 3771 multo

617 3817 899 3886 splendore
914 3816 1241 3871 celebrante.
1256 3811 1309 3868 Si
1328 3813 1469 3866 enim
1490 3811 1726 3864 mulieris
1749 3810 2048 3864 meretricis
2064 3824 2198 3879 opus

613 3912 679 3963 ad
706 3910 964 3963 terminos
987 3922 1152 3978 usque
1166 3906 1315 3959 orbis
1342 3902 1868 3957 annuntiaricuravit
1896 3910 1949 3955 et
1979 3902 2200 3954 innuero

616 4002 735 4056 talis
754 4002 1023 4054 memoria:
1050 3998 1281 4053 reddidit
1307 4015 1320 4051 :
1350 3996 1517 4051 multo
1544 3996 1713 4065 magis
1731 3996 2199 4064 tnodest;e,gravis

613 4104 667 4146 et
684 4092 1115 4155 casm-mulieris,
1134 4105 1252 4159 qua:
1272 4090 1326 4143 in
1346 4088 1575 4157 imperio
1592 4098 1791 4140 tantam
1811 4087 2054 4141 exhibuit
2082 4088 2197 4154 pie-

612 4197 800 4252 tatem,
819 4200 924 4241 non
955 4184 1461 4253 sinetopuslatere;
1491 4179 1584 4235 sed
1620 4190 1671 4233 te
1700 4180 1907 4233 beatam
1938 4179 2197 4248 praedira-

612 4282 746 4335 bunt
774 4293 983 4342 clunes,
1003 4277 1147 4346 quod
1173 4284 1389 4329 sanctos
1419 4273 1651 4342 ltOSpitio
1672 4271 1929 4341 excipias,
1948 4271 2091 4341 quod
2113 4286 2199 4324 ec-

618 4373 796 4427 desiis
834 4370 1203 4439 patrocineris,
1250 4366 1391 4436 quo‘d
1421 4368 1536 4420 zelo
1568 4365 1742 4435 parsis
1772 4364 2050 4434 apostolis.
2084 4364 2197 4418 Etsi

615 4464 759 4518 enim
790 4472 1033 4515 naturam
1057 4460 1243 4513 sortita
1274 4472 1336 4512 es
1366 4456 1650 4511 tentineam
1672 4494 1688 4520 ,
1720 4465 1774 4507 at
1803 4455 1929 4509 licet
1959 4454 2049 4507 tibi
2077 4469 2199 4507 eum

616 4554 872 4625 apostolis
893 4554 1057 4623 gestis
1098 4559 1429 4606 Concertarc.
1450 4545 1890 4617 Quandoquidem
1919 4556 2043 4601 tunc
2065 4561 2200 4616 quo-

618 4662 721 4717 que
745 4647 831 4699 illa
865 4645 1067 4700 Phtebe
1097 4643 1269 4714 (Rom.
1292 4643 1378 4697 16.
1398 4643 1613 4711 1),‹ιυ,·ν
1634 4639 1910 4694 doctorem
1929 4638 2073 4693 orbis
2103 4655 2201 4695 ex-

606 4738 1001 4807 cepit,ipsiquc
1028 4736 1357 4805 patrocinata
1374 4745 1479 4801 est,
1511 4733 1706 4788 mulier
1727 4732 2096 4804 eniti-justlem
2125 4743 2205 4791 te-

614 4846 739 4887 cum
759 4838 984 4896 naturae,
1001 4837 1054 4881 ct
1074 4836 1251 4882 tamen
1274 4842 1441 4897 usque
1461 4827 1597 4881 adeo
1610 4827 1772 4891 iulsit,
1793 4832 1851 4878 ut
1865 4837 2084 4879 sanctus
2110 4826 2202 4882 ille

1398 383 1454 437 S.
1482 375 1757 436 JOANNIS
1793 368 2269 429 CHRYSOSTGMI
2312 365 2629 423 ARCHIEP.
2673 360 3212 420 CONSTANTiNOP.

3795 353 3902 408 4τὲ

2299 492 2736 543 annumeremus,
2757 478 2876 547 quia
2898 485 2951 530 tu
2974 475 3337 530 Ecclesiarum
3352 470 3588 527 omnium
3610 478 3801 538 portus
3818 482 3889 525 «ιε.

2301 581 2351 625 et
2378 570 2627 641 przcsenti
2654 583 2819 639 regno
2834 579 3001 623 uteris
3017 568 3081 621 ad
3102 566 3335 621 futurum
3356 580 3577 637 regnum
3609 562 3895 634 acquiren-

2298 662 2447 728 dum,
2477 661 2733 717 ecclesias
2757 659 3316 731 erigens,sacerdotes
3343 658 3635 723 honorans,
3668 652 3899 709 lucreti-

2298 769 2483 809 corum
2509 769 2747 810 errorem
2775 754 3096 816 dissolvens,
3141 762 3410 823 martyres
3448 750 3751 820 excipiens,
3782 763 3895 801 nou

2297 847 2363 901 ad
2399 863 2663 913 mensam,
2697 847 2788 902 sed
2822 847 3033 911 animo;
3065 862 3171 901 non
3203 847 3370 904 domi.
3401 845 3496 901 sed
3524 844 3754 906 allecto;
3789 843 3901 895 imo

2299 940 2476 1009 potius
2528 948 2583 994 et
2630 938 2683 992 in
2734 940 2997 1007 domoet
3047 938 3260 993 ail‘ectu.
3309 938 3472 992 Maria
3510 951 3727 1008 quoque
3766 935 3900 987 olim

2300 1034 2552 1104 populum
2584 1033 2829 1095 ducebat,
2854 1047 2973 1087 ossa
3003 1031 3225 1102 Joscphi
3256 1030 3506 1095 ail‘crens,
3536 1039 3587 1084 et
3617 1028 3899 1084 canticum

2297 1128 2494 1181 cecinit
2540 1126 2733 1197 (Exod.
2778 1126 2866 1180 15.
2898 1125 2995 1193 20)
3032 1142 3046 1179 :
3086 1124 3179 1179 Sed
3222 1124 3309 1178 illa
3355 1122 3571 1193 quidem
3608 1127 3900 1191 postquam

2297 1221 2531 1294 J‘Zgyptii
2582 1221 2633 1274 in
2678 1235 2823 1274 mare
2866 1218 3100 1274 demersi
3148 1227 3312 1281 sunt;
3344 1226 3396 1269 tu
3441 1230 3568 1270 vero
3602 1222 3899 1283 postquam

2297 1315 2571 1369 dzcmones
2619 1314 2861 1368 suii'ocati
2907 1311 3056 1367 fuere
3106 1330 3121 1365 :
3169 1311 3257 1365 illa
3306 1309 3585 1364 Pharaone
3631 1307 3687 1361 in
3745 1320 3901 1358 mare

2297 1409 2578 1471 demerso,
2617 1417 2670 1461 tu
2722 1418 2905 1461 autem
2956 1405 3177 1460 diabolo
3215 1404 3465 1472 dejecto;
3510 1402 3597 1456 illa
3640 1399 3900 1471 cymbala

2297 1503 2523 1567 habens,
2557 1514 2610 1554 tu
2646 1510 2880 1553 mentem
2915 1508 2969 1552 et
3010 1498 3245 1551 animam
3292 1495 3411 1565 plus
3451 1509 3608 1564 quam
3641 1492 3771 1547 tuba
3803 1506 3898 1544 So-

2298 1603 2551 1658 nantem;
2589 1593 2675 1647 illa
2707 1591 2908 1647 ludatis
2943 1590 3207 1654 liberatis,
3242 1597 3294 1641 tu
3327 1586 3567 1641 Ecclesia
3596 1591 3896 1639 coronata;

2298 1692 2382 1744 illa
2416 1687 2674 1757 pepulum
2723 1700 2887 1739 unum
2929 1682 3167 1737 educens
3204 1680 3361 1735 unius
3390 1680 3607 1749 lingute,
3647 1687 3699 1729 tu
3735 1676 3898 1729 innu-

2298 1797 2478 1837 meros
2524 1781 2751 1835 diversa:
2795 1778 2989 1848 lingua:
3032 1775 3280 1847 pepulos.
3314 1773 3529 1828 Etenim
3576 1771 3900 1824 innumeros

2298 1875 2453 1929 nobis
2494 1873 2726 1928 eduxisti
2757 1871 2976 1934 choros,
3018 1870 3178 1922 alium
3223 1866 3488 1927 Romana,
3518 1864 3683 1915 alium
3728 1859 3895 1932 Syra,

2297 1970 2459 2022 alium
2506 1965 2758 2029 barbara,
2799 1962 2959 2017 alium
3006 1960 3193 2017 Graeca
3238 1972 3369 2013 voce
3415 1955 3634 2011 Davidis
3679 1954 3898 2009 cantica

2300 2059 2622 2129 pulsantes:
2653 2055 2999 2123 diversasque
3045 2059 3237 2119 gentes
3278 2064 3339 2103 ac
3382 2048 3627 2103 diversos
3690 2030 3923 2100 choros

2304 2150 2487 2203 videre
2515 2157 2631 2202 erat
2674 2162 2830 2201 unam
2862 2145 3122 2199 citharam
3156 2156 3345 2196 omnes
3380 2139 3659 2202 habentes,
3695 2153 3899 2205 nempe

2300 2241 2537 2306 Davidis,
2555 2256 2615 2294 ac
2634 2239 2889 2309 precibus
2903 2237 3016 2293 suis
3035 2246 3085 2291 te
3100 2244 3441 2290 coronantes.
3461 2229 3792 2286 Festivitatis
3808 2229 3903 2282 hu-

2293 2335 2380 2405 jus
2413 2334 2595 2388 hetitia
2629 2330 2932 2402 requirebat
2972 2326 3430 2399 religiosissimum
3488 2325 3897 2392 imperatorem,

2298 2429 2388 2498 qui
2446 2427 2660 2497 pietatis
2714 2436 2951 2480 aratrum
3010 2432 3184 2477 tecum
3236 2419 3399 2474 trahit
3430 2434 3443 2471 :
3472 2417 3566 2471 sed
3598 2416 3649 2471 id
3676 2430 3901 2485 qunque

2301 2521 2597 2593 prudentiie
2618 2529 2721 2574 tua:
2742 2517 2857 2582 fuit,
2879 2517 3020 2587 quod
3052 2515 3200 2570 illum
3220 2512 3379 2567 hodie
3397 2510 3541 2565 domi
3571 2509 3901 2571 detinueris,

2300 2626 2355 2670 et
2406 2616 2457 2669 in
2498 2613 2640 2669 diem
2693 2610 2988 2665 crastinum
3043 2610 3159 2677 ejus
3216 2605 3506 2659 adventura
3551 2600 3898 2673 promiseris.

2299 2709 2430 2764 Nam
2474 2721 2540 2761 ne
2584 2713 2763 2759 tantus
2807 2702 3048 2772 equitum
3080 2712 3361 2763 numerus,
3392 2708 3524 2750 neve
3554 2701 3902 2747 armatorum

2298 2802 2528 2858 militum
2558 2798 2838 2861 tumultus,
2872 2793 3190 2865 virginibus,
3215 2790 3446 2854 antibus,
3473 2787 3903 2855 senioribusque

2300 2895 2427 2949 viris
2445 2891 2745 2949 molestiam
2770 2888 3003 2954 ail‘erret,
3026 2886 3326 2956 festumque
3341 2882 3483 2939 diem
3501 2880 3763 2939 turbaret.
3782 2894 3901 2933 rem

2301 2985 2585 3057 prudentia
2605 2998 2700 3039 sua
2713 2982 2924 3053 dignam
2943 2980 3139 3034 iaciens
3157 2976 3493 3046 imperatrix,
3520 2972 3902 3029 celebritatem

2298 3081 2502 3136 divisit.
2537 3077 2668 3131 Nam
2713 3078 2755 3131 si
2802 3074 2961 3128 ambo
2990 3072 3150 3127 hodie
3181 3070 3478 3133 venissent,
3507 3081 3627 3122 eras
3658 3065 3903 3119 celebri-

2304 3176 2426 3231 tatis
2459 3174 2579 3227 iinis
2612 3171 2798 3226 inisset
2833 3187 2845 3223 :
2876 3178 2931 3221 ut
2958 3176 3135 3220 autem
3164 3173 3220 3218 et
3248 3162 3299 3216 in
3331 3160 3420 3216 die
3462 3158 3709 3230 praesenti
3739 3158 3902 3228 quie-

2302 3278 2408 3323 tem
2436 3266 2610 3330 daret,
2645 3274 2698 3317 et
2738 3260 2919 3315 addito
2945 3258 3035 3313 die
3074 3255 3312 3310 crastino
3350 3252 3633 3322 largiorem
3671 3261 3896 3319 pararet

2301 3360 2565 3423 laetitiam,
2583 3356 2781 3410 remita
2800 3349 3085 3423 disposuit,
3104 3359 3159 3403 ut
3181 3347 3394 3417 Iiturgia
3419 3346 3739 3415 imperatore
3760 3360 3901 3413 pne-

2306 3462 2458 3506 sente
2490 3450 2640 3503 ﬁeret
2674 3466 2685 3500 :
2716 3456 2771 3500 et
2795 3444 2955 3498 hodie
3006 3444 3119 3513 ipsa
3172 3442 3412 3505 veniens,
3448 3436 3697 3507 promisit
3738 3436 3903 3489 nobis

2306 3546 2449 3598 illum
2473 3542 2557 3596 die
2581 3539 2818 3595 crastino
2842 3546 3122 3591 venturum
3151 3548 3291 3588 esse.
3316 3532 3465 3588 Sicut
3486 3530 3629 3585 enim
3652 3544 3777 3584 cum
3809 3529 3905 3582 illo

2304 3635 2511 3706 imperii
2563 3644 2787 3687 consms
2828 3639 2930 3693 est,
2955 3628 3027 3682 ita
3053 3636 3107 3680 et
3134 3627 3185 3680 in
3211 3626 3408 3695 pietate
3434 3636 3680 3693 quoque;
3718 3635 3905 3691 neque

2304 3730 2564 3801 permittit
2585 3742 2707 3781 eum
2732 3733 2879 3779 recte
2899 3723 3158 3777 factorum
3181 3734 3289 3773 non
3309 3731 3427 3772 esse
3448 3716 3788 3787 participem,
3804 3716 3905 3768 sed

2304 3824 2502 3892 ubique
2527 3828 2832 3875 c0nsortem
2864 3816 3011 3869 illum
3035 3813 3250 3882 accipit.
3281 3810 3546 3879 Quoniam
3568 3809 3730 3879 igitur
3751 3808 3905 3863 ccli--

2304 3916 2473 3971 britas
2498 3913 2612 3967 inec
2641 3909 2931 3982 spiritualis
2954 3909 3007 3961 in
3038 3915 3354 3977 sequentem
3378 3917 3591 3974 quoque
3622 3901 3765 3956 diem
3808 3916 3907 3955 ex-

2307 4008 2450 4064 tendi
2491 4009 2683 4071 debet,
2715 4005 2855 4059 idem
2906 4016 3091 4057 rursus
3118 4000 3352 4055 studium
3394 3998 3778 4064 exhibeamus,
3813 4009 3905 4063 ut,

2306 4103 2443 4156 sicut
2474 4101 2630 4153 hodie
2654 4099 2793 4151 hanc
2834 4095 3032 4151 Citriin
3068 4102 3339 4148 amantem
3382 4107 3506 4146 cum
3534 4091 3741 4146 civibus
3765 4093 3913 4146 vitii-

2306 4212 2445 4260 mus,
2475 4195 2552 4248 sic
2598 4193 2686 4246 die
2712 4192 2947 4245 crastino
2988 4190 3297 4255 religiosum
3340 4188 3716 4259 imperatorem
3777 4204 3910 4242 eum

2306 4288 2544 4341 exercitu
2574 4287 2851 4338 videmnus
2890 4280 3238 4337 accedentem
3264 4323 3279 4347 ,
3308 4289 3363 4335 et
3390 4279 3531 4335 idem
3573 4280 3908 4335 sacriﬁcium

2312 4379 2423 4433 Deo
2464 4393 2587 4431 cum
2639 4377 2838 4445 pietate
2882 4374 3202 4427 oli‘erentem
3243 4388 3309 4426 ex
3356 4372 3473 4426 zelo
3516 4384 3711 4438 nempe
3747 4381 3805 4423 et
3833 4385 3908 4434 ex

2313 4472 2437 4531 ﬁde.
2474 4466 2527 4525 et
2552 4469 2791 4537 acceptis
2819 4467 3026 4521 sanctis
3052 4465 3390 4536 martyribus
3417 4477 3640 4533 precum
3668 4476 3911 4516 consor-

2313 4564 2483 4627 tibus,
2509 4562 2611 4617 illis
2634 4574 2990 4632 apprecemur
3012 4558 3175 4611 vitam
3200 4557 3537 4619 diuturnam,
3562 4563 3911 4609 senectutem

2310 4660 2595 4730 vigentem,
2616 4655 2754 4709 ﬁlios
2771 4665 2826 4709 et
2850 4652 2992 4706 ﬁlios
3008 4648 3273 4713 ﬁliorum;
3298 4661 3363 4703 ac
3390 4662 3497 4717 prae
3520 4644 3606 4700 his
3627 4647 3912 4705 omnibus.

2309 4762 2367 4806 ut
2388 4750 2535 4805 zelus
2558 4750 2657 4804 istc
2686 4754 2961 4815 augeatur,
2979 4742 3150 4811 pietas
3168 4748 3456 4801 accrescat,
3478 4747 3534 4792 et
3561 4738 3631 4791 ita
3658 4752 3912 4807 praesen-

2312 4854 2418 4898 tem
2450 4846 2610 4896 vitam
2630 4836 2947 4907 transigant,
2977 4843 3033 4888 ut
3054 4848 3151 4903 per
3181 4830 3385 4887 inﬁnita
3406 4829 3599 4884 sarcula
3631 4845 3757 4883 cum
3788 4831 3904 4883 u..i-

622 4922 749 4977 caelo
774 4920 968 4992 dignus
990 4930 1045 4975 et
1077 4920 1442 4988 apostolorum
1470 4920 1707 4972 omnium
1741 4919 2009 4971 maximus
2033 4919 2200 4985 ipsam

614 5014 911 5069 celebraret
941 5027 1004 5066 ac
1033 5010 1254 5076 diceret,
1277 5011 1480 5064 Adstitit
1509 5010 1701 5079 multis,
1721 5021 1767 5064 et
1789 5012 1912 5063 mihi
1942 5011 2059 5083 ipsi.
2082 5011 2198 5065 Pri-

616 5105 767 5161 scilla
796 5121 1007 5176 quoque
1040 5102 1281 5159 feminini
1308 5116 1469 5157 sexus
1494 5115 1608 5157 erat
1635 5122 1650 5158 :
1678 5120 1859 5158 verum
1880 5104 1929 5158 id
1965 5121 2070 5157 non
2094 5105 2199 5159 im-

619 5198 924 5266 pedimento
946 5197 1065 5263 fuit,
1087 5198 1214 5268 quin
1249 5198 1333 5250 illa
1361 5196 1723 5251 celebraretur
1745 5206 1796 5250 et
1819 5194 1950 5266 quin
1970 5198 2198 5251 itnnmr-

619 5290 740 5342 talis
758 5289 874 5359 eius
896 5297 1038 5343 esset
1064 5291 1341 5345 memoria.
1362 5288 1511 5344 Alius
1538 5304 1750 5359 quoque
1774 5299 1901 5345 tunc
1932 5300 2049 5345 erat
2076 5306 2199 5345 mu-

619 5384 807 5438 iierum
825 5384 1044 5450 chorus,
1057 5399 1174 5453 qua:
1192 5382 1351 5437 vitam
1373 5381 1639 5437 ducebant
1656 5383 2023 5452 apostolicam.
2044 5382 2195 5439 ideo-

616 5494 720 5542 que
761 5494 858 5532 nos
917 5492 1125 5548 quoque
1174 5493 1279 5532 non
1326 5477 1715 5543 aberrabimus,
1760 5476 1805 5529 si
1849 5486 1899 5532 te
1928 5493 2046 5531 cum
2095 5477 2201 5532 illis

2308 4936 2489 5007 genito
2512 4933 2603 4987 Dei
2631 4930 2765 4985 Filio
2792 4935 3055 4998 regnent:
3092 4940 3214 4979 nam
3259 4924 3319 4979 Si
3361 4923 3605 4993 patimur,
3641 4923 3837 4992 inquit,
3871 4933 3918 4976 et

2309 5025 2729 5097 conregmtbimus
2760 5022 2778 5093 (
2806 5022 2861 5075 9..
2896 5019 3027 5074 Tim.
3058 5018 3113 5072 2.
3148 5017 3215 5072 12
3242 5016 3293 5089 );
3336 5026 3496 5085 atque
3537 5022 3745 5068 aeterna
3774 5016 3919 5069 bona

2310 5135 2704 5189 consequemur
2731 5134 2741 5169 :
2767 5115 2959 5185 quibus
2982 5112 3185 5167 utinam
3228 5125 3417 5165 omnes
3451 5108 3761 5178 dignemur,
3788 5126 3918 5180 gra-

2311 5214 2382 5268 tia
2407 5225 2455 5267 et
2486 5210 2814 5279 benignitate
2849 5205 3056 5261 Domini
3084 5204 3253 5259 nostri
3284 5203 3408 5258 Jesu
3433 5201 3658 5266 Christi,
3678 5203 3767 5258 cui
3789 5217 3920 5259 cum

2314 5311 2470 5365 Patre
2495 5308 2686 5378 gloria,
2721 5318 2823 5358 una
2856 5317 2977 5357 cum
3025 5308 3213 5355 sancto
3251 5297 3476 5369 Spiritu,
3510 5310 3651 5353 nunc
3688 5306 3747 5353 et
3774 5311 3923 5354 sem-

2320 5420 2434 5471 per,
2478 5411 2531 5455 et
2564 5401 2612 5453 in
2662 5395 2854 5452 smeula
2886 5392 3235 5448 Sa‘culorum.
3272 5391 3461 5446 Amen.
