4036 6406
143 369 231 425 ιτς
994 356 1060 413 ιιι
1103 351 1410 421 nonut,
1454 348 1655 406 olera
1700 346 1737 401 ιι

1849 326 2093 402 ἒόΕΝτΕ
2138 343 2615 402 invenirem-3.

133 494 3221 541 ’βψ-ΝΜ-

1508 560 1864 623 llOMlLIA
1907 558 2019 623 Ill.

132 733 395 806 Ejusdem.
432 726 725 799 Insequenti
751 727 832 779 die
858 721 1157 777 adveniente
1184 718 1487 788 imperatore
1510 709 1560 763 in
1591 723 1731 761 mar~

200 828 390 897 tyrium
433 839 522 877 seu
572 821 840 875 ecclesiam
898 814 1125 885 apostoli
1151 822 1199 866 et
1228 807 1467 878 nutrtyris
1500 804 1731 868 Tltoma',

197 936 311 988 qua:
332 920 430 973 sita
458 926 532 971 est
561 916 614 967 in
638 912 859 984 Drypt'a,
897 925 1013 963 cum
1060 906 1343 960 recessisset
1384 912 1502 955 ante
1526 898 1733 953 concio-

198 1010 459 1071 nemJurc
485 1007 697 1062 humilia
727 1004 897 1059 habita
917 1011 991 1055 est
1014 999 1084 1052 ad
1114 995 1293 1068 populi
1316 1005 1518 1051 emtum.

202 1106 250 1158 Ι.
286 1101 611 1157 Benedictus
640 1098 785 1152 Deus
818 1114 833 1149 :
865 1102 1082 1165 quanta:
1102 1098 1228 1144 sunt
1249 1095 1545 1159 martyrum
1569 1082 1739 1137 virtu—

127 1198 245 1252 tes!
280 1194 397 1251 heri
427 1191 580 1248 nobis
609 1190 682 1245 illi
713 1198 877 1243 totam
908 1186 1181 1241 civitatem
1208 1197 1331 1237 enm
1371 1176 1735 1248 imperatrice.

131 1290 293 1344 hodie
351 1289 735 1355 imperatorem
794 1296 914 1335 cum
953 1276 1193 1333 exercitu
1241 1282 1298 1330 et
1341 1272 1541 1343 pietate
1571 1268 1736 1323 multa

125 1383 281 1436 nobis
314 1387 671 1440 attraxerant,
708 1391 812 1429 non
844 1371 1073 1426 vinculis
1113 1367 1206 1423 sed
1248 1376 1439 1420 eatena
1470 1360 1734 1425 caritatis,

122 1486 313 1527 eatena
362 1487 483 1543 qua:
534 1481 826 1537 numquam
876 1462 1161 1533 rumpitur.
1207 1458 1318 1513 Hoc
1344 1463 1523 1511 autem
1569 1453 1737 1507 mira-

124 1572 231 1625 bile
277 1579 393 1631 cst,
428 1579 535 1620 non
582 1561 727 1634 quod
759 1558 965 1616 venerit
995 1558 1310 1625 imperator,
1327 1548 1423 1606 sed
1444 1547 1587 1620 quod
1613 1561 1737 1601 cum

125 1677 317 1733 magna
373 1659 687 1721 alacritate;
728 1668 833 1709 non
866 1648 1208 1712 necessitate,
1236 1643 1332 1701 sed
1362 1641 1595 1705 affectu;
1630 1652 1736 1692 non

122 1764 351 1831 gratiam
382 1755 664 1826 pra-hens,
692 1749 787 1805 sed
814 1745 1042 1818 gratiam
1072 1741 1345 1812 accipiens
1374 1755 1387 1792 :
1416 1748 1472 1792 et
1500 1735 1590 1805 qui
1640 1732 1738 1789 be-

125 1826 317 1915 iteficia
350 1847 606 1903 omnibus
641 1858 737 1915 per
784 1840 972 1897 orbem
1004 1836 1248 1901 confert,
1276 1831 1423 1887 venit
1456 1826 1739 1883 beneficia

124 1966 149 1997 ιι
180 1961 300 1999 sant
320 1944 392 1997 tis
425 1942 573 1996 hisce
606 1950 938 2008 magnosque
960 1933 1223 1988 bonorum
1257 1927 1462 1982 fructus
1490 1930 1741 1992 acceptu-

124 2055 232 2093 rus.
266 2037 505 2106 ideoque
536 2043 590 2089 et
622 2033 737 2102 ipse
768 2027 1096 2086 diademate.
1120 2034 1174 2079 et
1224 2022 1484 2078 satellites
1522 2030 1734 2081 omnes,

123 2135 206 2186 alii
230 2130 467 2203 clypeis,
491 2128 580 2181 alii
601 2125 804 2180 lanceis
825 2120 1110 2192 depositis,
1132 2128 1185 2172 et
1207 2116 1345 2170 fasttt
1371 2114 1464 2168 illo
1486 2111 1738 2183 depulso,

122 2242 239 2278 cum
271 2221 517 2277 demisso
543 2219 726 2272 animo
766 2228 1049 2270 accessere
1094 2223 1306 2271 onmes,
1337 2206 1489 2277 quasi
1519 2221 1547 2258 a
1592 2215 1736 2261 terra

122 2322 171 2374 in
204 2320 402 2374 ca-lutn
443 2313 698 2386 ingrcssi,
749 2311 836 2365 ubi
873 2308 1187 2379 dignitates,
1234 2302 1515 2374 splendor,
1546 2308 1598 2353 et
1629 2306 1737 2351 tota

122 2416 206 2467 illa
237 2411 565 2481 dignitatum
596 2421 755 2461 scena
786 2403 1018 2474 eiicitur,
1049 2401 1172 2454 vitae
1198 2407 1379 2452 autem
1427 2393 1735 2463 exemplum

122 2515 174 2560 et
218 2502 439 2559 virtutis
499 2500 710 2555 fruetus
754 2506 960 2552 tantum
1014 2493 1293 2563 emulgent.
1345 2487 1499 2556 Quod
1556 2487 1601 2541 si
1652 2485 1739 2541 hic

125 2607 267 2653 tanta
313 2606 393 2650 est
430 2604 731 2665 martyrum
780 2591 972 2655 virtus,
1024 2586 1199 2656 cogita
1247 2591 1445 2654 quanta
1494 2580 1547 2635 in
1592 2578 1739 2633 caelis

122 2692 298 2745 futura
345 2690 417 2744 sit
451 2705 465 2742 :
498 2688 543 2742 si
594 2687 647 2740 in
713 2698 946 2755 agonqu
992 2689 1047 2734 et
1090 2678 1447 2735 certaminum
1492 2683 1739 2741 tempore

126 2787 257 2841 tales
289 2794 419 2837 sunt
447 2782 689 2850 ipsorum
719 2777 997 2839 honores;
1034 2774 1085 2827 in
1118 2771 1467 2843 pra-mimum
1491 2776 1739 2834 tempore

122 2880 303 2951 qualia
353 2875 542 2932 bravia
586 2871 787 2927 erunt?
818 2869 1031 2924 Etenim
1079 2875 1263 2920 nostra
1296 2878 1402 2917 non
1441 2869 1567 2915 sunt
1597 2875 1738 2928 prae-

123 2976 294 3030 sentis
345 2972 473 3025 vitre
516 2967 781 3024 limitibus
828 2962 1279 3031 circumscripta:
1328 2956 1423 3013 sed
1464 2956 1530 3009 ad
1575 2954 1737 3008 aliam

122 3071 287 3123 vitam
331 3061 592 3136 prmsenti
641 3058 923 3114 meliorem
970 3067 1343 3125 pr0pcramus,
1404 3057 1461 3103 et
1500 3048 1567 3101 ad
1615 3046 1739 3101 lon-

120 3165 331 3234 giorem
371 3173 525 3228 spem
569 3151 972 3215 contendimus,
1005 3158 1062 3204 et
1106 3146 1173 3201 ad
1216 3146 1481 3201 bonorum
1538 3140 1743 3194 baben-

116 3259 259 3311 tium
334 3248 732 3307 usumfructmn
788 3242 1170 3298 immortalem.
1222 3238 1282 3295 In
1346 3236 1454 3292 duo
1508 3245 1743 3302 namque

121 3364 235 3401 :eva
266 3348 412 3401 Deus
459 3345 624 3398 vitam
660 3351 901 3394 nostram
928 3334 1153 3396 divisit;
1191 3343 1536 3401 prmsensque
1565 3341 1741 3381 .Tvum

122 3439 459 3495 laboriosum
516 3433 787 3495 reddidit,
837 3429 1075 3484 futurum
1126 3440 1257 3480 vero
1304 3437 1474 3477 suave
1514 3428 1569 3474 et
1615 3417 1740 3472 infi-

121 3536 296 3590 nitum
328 3548 343 3597 ;
378 3540 439 3585 nt
478 3536 599 3599 post
642 3524 886 3581 modicos
916 3520 1004 3576 hic
1044 3517 1353 3575 exantlatos
1385 3513 1599 3569 labores
1644 3512 1743 3564 im—

125 3625 448 3679 mortalibus
500 3620 609 3675 illie
661 3620 901 3671 fruamur
946 3612 1185 3669 coronis.
1241 3608 1470 3665 Volebat
1520 3606 1750 3676 quidem

123 3720 211 3774 ille
232 3716 421 3771 statim
445 3712 514 3768 ab
535 3709 763 3767 exordio
793 3707 856 3761 ad
891 3706 1038 3761 illam
1067 3719 1166 3759 nos
1186 3702 1383 3758 ducere
1408 3700 1573 3753 vitmu
1596 3714 1621 3763 ;.
1643 3696 1739 3752 sed

125 3830 223 3868 nos
256 3827 367 3866 non
416 3806 791 3879 permisimus,
827 3800 1146 3871 iguaviaque
1195 3805 1378 3851 nostra
1411 3794 1612 3847 multas
1639 3806 1739 3846 ne-

124 3908 344 3963 xuimus
374 3916 575 3963 moras,
610 3909 667 3953 et
723 3912 819 3966 per
858 3895 1125 3965 ingratum
1158 3891 1397 3945 animum
1429 3886 1744 3941 diuturnam

126 4002 274 4055 illam
308 3997 626 4054 dilationem
661 3990 818 4046 nobis
856 3984 1323 4056 Ctttttpal‘avitttus.
1348 3981 1415 4035 Et
1442 3980 1543 4033 hoc
1559 3995 1620 4032 ex
1654 3979 1739 4044 iis,

125 4112 246 4165 qua:
279 4092 350 4147 ab
378 4091 531 4145 initio
561 4087 718 4143 nobis
760 4083 879 4139 data
912 4082 1147 4143 fuerant,
1185 4080 1400 4146 planum
1444 4073 1621 4129 facere
1647 4087 1740 4128 co-

129 4190 324 4243 nabor.
372 4184 509 4239 Nam
534 4183 613 4237 sic
646 4181 790 4235 Dens
822 4177 1103 4232 nobiscum
1138 4174 1247 4244 agit
1273 4190 1285 4225 :
1311 4187 1435 4225 cum
1461 4169 1738 4240 quidpiam

127 4284 252 4339 boni
305 4279 464 4335 nobis
507 4276 846 4347 prBSliiUI'ttS
876 4279 981 4335 est,
1011 4266 1221 4323 etiamsi
1254 4265 1456 4335 indigni
1491 4262 1610 4333 ejus
1641 4261 1738 4317 be-

129 4375 420 4432 neﬁcentia
468 4368 767 4429 videamur,
804 4373 983 4417 tamen
1033 4376 1131 4430 per
1159 4359 1338 4412 omnia
1388 4354 1648 4418 ostendit,
1678 4368 1740 4409 se

126 4470 351 4541 quidem
381 4462 635 4527 voluisse,
665 4458 760 4514 sed
790 4472 884 4526 per
912 4454 1185 4526 ignaviam
1211 4438 1452 4506 nostram
1477 4447 1741 4502 accidisse

127 4576 185 4618 ut
230 4562 301 4617 ab
331 4577 397 4613 eo
424 4556 566 4629 quod
598 4554 690 4609 ille
738 4549 953 4605 volebat
988 4545 1383 4601 excidet-emus.
1439 4541 1550 4595 lloc
1594 4552 1740 4595 certe

128 4656 283 4711 initio
324 4652 470 4707 fecit.

206 4744 447 4800 Hominis
494 4741 724 4813 dignitas
778 4740 830 4791 in
890 4745 1025 4791 statu
1080 4730 1402 4785 innorentiw.
1466 4727 1741 4783 Peccatum

129 4843 317 4896 Δάαιηί
351 4839 607 4892 hominem
632 4836 700 4888 ad
721 4833 1070 4888 sublimiorem
1096 4838 1286 4881 statum
1313 4825 1493 4878 evexit.
1518 4822 1740 4876 ——Cttm

129 4940 274 4993 enim
310 4922 1285 4988 hominemeti'ormavitDeus.Statim
1311 4936 1416 4973 non
1442 4919 1738 4982 laboribus,

130 5049 235 5086 non
285 5028 543 5091 miserim,
574 5040 680 5079 non
711 5022 885 5077 dolori
930 5018 1232 5075 olmoxiunt
1279 5014 1426 5077 fecit,
1461 5028 1567 5066 non
1597 5025 1745 5065 mor-

132 5130 293 5182 talem
337 5119 577 5177 condidit
604 5132 619 5182 ;
660 5116 758 5171 aed
791 5128 892 5170 nec
931 5111 1161 5166 tristitia:
1190 5123 1289 5164 nec
1319 5104 1611 5160 sudoribus
1643 5118 1744 5159 nec

130 5219 290 5274 morti
327 5226 453 5269 tunc
484 5213 735 5266 addictus
775 5218 911 5263 erat.
943 5204 1128 5275 Neque
1156 5201 1325 5265 enim,
1361 5198 1561 5253 nisi-ab
1587 5198 1742 5253 initio

132 5314 233 5369 hoc
264 5312 342 5368 illi
372 5306 734 5365 concess-isset
755 5345 770 5369 ,
804 5311 925 5371 post
950 5295 1433 5367 transgressionem
1462 5292 1528 5347 ad
1575 5292 1738 5346 talem

133 5409 281 5463 illum
339 5402 677 5474 punitionem
721 5412 785 5451 ac
823 5392 1145 5464 supplicium
1176 5389 1570 5443 damnavisset.
1600 5388 1738 5444 Cum

134 5504 315 5573 itaque
333 5499 417 5553 bis
444 5495 686 5551 nandum
714 5490 983 5545 obnoxius
1008 5498 1174 5551 esset,
1195 5487 1488 5555 plusquam
1512 5482 1593 5538 sol
1626 5483 1743 5553 ipse

136 5595 393 5665 fulgebat,
420 5590 665 5644 vestibus
692 5583 888 5650 nttdus,
918 5582 1087 5653 gloria
1110 5578 1496 5635 circumdatus.
1526 5577 1741 5632 Etenim

137 5691 233 5742 hoc
259 5701 473 5757 quoque
514 5678 862 5738 beatitudinis
890 5679 1007 5746 ejus
1034 5677 1244 5746 signum
1274 5683 1395 5729 erat
1421 5674 1738 5737 maximum,

138 5784 272 5854 quod
308 5796 405 5837 nec
430 5780 678 5836 vestibus
708 5784 890 5846 egeret
920 5788 1096 5842 neque
1145 5778 1460 5841 tegunwnto
1504 5784 1602 5824 nec
1634 5770 1742 5824 alio

136 5894 320 5951 quitus
362 5879 587 5945 amictu,
635 5870 734 5930 sed
761 5886 956 5942 Carpus
988 5869 1215 5925 haberet
1258 5867 1451 5923 horum
1496 5867 1741 5923 omnium

1848 720 1947 761 usu
1996 708 2267 776 superius.
2311 704 2498 777 Neque
2542 705 2670 760 hinc
2721 705 2918 763 soluor
2946 705 3133 759 beatus
3177 713 3335 763 erat:
3364 703 3462 758 sed

1844 802 1987 872 quod
2019 810 2175 855 antea
2212 800 2306 855 Dei
2335 800 2604 855 frueretur
2632 798 2929 867 colloquio,
2961 806 3016 852 et
3045 797 3300 865 loquendi
3336 812 3477 850 eum.

1846 891 1967 964 ipso
1996 891 2243 947 libertate
2268 889 2551 962 gauderet.
2581 888 2650 944 Et
2675 889 2851 958 angeli
2879 888 3099 959 quidem
3133 888 3464 950 treauebant,

1843 985 2139 1040 Clterubim
2157 984 2523 1053 et'Serapbim
2548 998 2615 1039 ne
2637 982 2909 1036 audebant
2931 982 3150 1051 quidem
3172 982 3419 1052 aspicere
3450 999 3464 1033 :

1847 1078 1963 1148 ipse
1994 1094 2123 1133 vero
2152 1087 2208 1132 ut
2236 1077 2445 1133 amicus
2484 1091 2610 1132 cum
2652 1074 2829 1130 amico
2874 1074 3174 1144 cotbiquia.
3198 1089 3323 1128 eum
3371 1074 3465 1128 illo

1848 1172 2128 1228 miscebat.
2164 1171 2379 1227 Etenim
2427 1170 2645 1242 quando
2677 1170 2955 1225 brutorunt
3001 1170 3322 1224 animalium
3368 1185 3463 1235 tto-

1847 1280 1979 1321 nera
2004 1265 2270 1330 condidit,
2302 1266 2370 1319 ad
2404 1266 2579 1335 ipsum
2614 1264 2702 1319 illa
2729 1264 3069 1329 adduxit,.et
3094 1266 3208 1335 ipse
3239 1264 3464 1320 nomina

1847 1357 1981 1427 ipsis
2033 1357 2291 1428 imposuit
2319 1358 2337 1429 (
2366 1357 2497 1413 Gen.
2528 1358 2583 1413 2.
2614 1358 2682 1413 i9
2714 1357 2756 1430 ),
2788 1374 2913 1430 qua:
2966 1359 3251 1415 immutata
3309 1375 3459 1413 man-

1846 1461 1987 1502 sere.
2020 1447 2151 1503 Nam
2184 1449 2288 1504 hoc
2330 1465 2548 1520 quoque
2574 1450 2869 1504 maximum
2899 1460 3017 1505 erat
3046 1449 3272 1506 honoris
3303 1452 3403 1522 ipsi
3433 1470 3467 1504 ιι

1849 1540 1959 1595 Deo
1976 1541 2203 1612 priestlti
2222 1542 2457 1612 signum,
2472 1558 2579 1597 non
2599 1542 2742 1613 quod
2762 1544 2936 1613 ipsmu
2952 1544 3169 1599 nomina
3187 1544 3463 1616 imponere

1841 1632 2086 1703 jusserit,
2119 1635 2216 1690 sed
2247 1635 2390 1706 quod
2419 1636 2605 1704 etiam,
2642 1648 2925 1707 postquam
2961 1636 3125 1693 homo
3145 1637 3248 1693 sibi
3279 1636 3479 1693 dav.th

1847 1724 2022 1798 legem
2054 1736 2349 1794 everterat,
2380 1728 2524 1784 Deus
2555 1729 2845 1795 honorem,
2875 1745 3037 1799 quem
3070 1730 3171 1800 ipsi
3213 1740 3344 1787 ante
3380 1731 3460 1786 lo.-

1846 1834 1966 1889 gem
2012 1831 2382 1888 concesserat,
2429 1837 2559 1876 non.
2586 1821 2917 1888 abstulerit;
2966 1823 3062 1879 sed
3113 1824 3280 1880 Omne
3324 1828 3478 1890 quod.

1846 1914 2044 1967 vocarit
2072 1915 2259 1980 Adam,
2294 1916 2390 1970 hoc
2419 1932 2603 1970 nomen
2623 1928 2696 1972 est
2724 1919 2828 1987 ipsi
2855 1917 3067 1989 (llud).
3107 1918 3305 1974 Viden',
3328 1938 3465 1989 quo-

1847 2006 2010 2062 modo
2034 2008 2240 2063 nullum
2266 2008 2338 2063 ibi
2358 2020 2503 2065 esset
2522 2012 2805 2080 pra-sentis
2832 2013 2958 2067 vita:
2980 2014 3287 2084 symbolum
3311 2014 3481 2069 ?nott.

1844 2108 1992 2155 artes
2048 2100 2142 2165 ibi,
2189 2115 2312 2156 non.
2340 2103 2686 2167 mmmercia,
2737 2120 2843 2158 non
2874 2104 3101 2160 :rdiJicia
3122 2149 3135 2170 ,
3169 2123 3275 2162 non
3307 2107 3463 2163 indu-

1847 2202 2049 2255 tnenta,
2086 2208 2192 2247 non
2224 2193 2603 2261 calceos,.non
2651 2206 2881 2257 tectum.
2913 2213 3022 2252 non
3049 2214 3319 2267 mensam,
3353 2217 3480 2257 nou.

1847 2282 2113 2348 laborem,
2140 2286 2542 2351 non.dolor0m,
2572 2302 2678 2341 non
2703 2301 2957 2355 mortem,
2980 2305 3087 2344 non
3117 2291 3263 2346 aliud
3300 2295 3468 2348 malo-

1847 2393 1966 2432 rum
1995 2393 2191 2448 agmen
2216 2378 2452 2441 videris;
2476 2380 2571 2433 sed
2601 2380 2882 2450 splendida
2915 2392 3067 2435 erant
3099 2386 3384 2453 plOtL’tltia,
3411 2398 3467 2442 ιιι

1846 2471 1969 2527 Ιιιιιιι
1991 2472 2276 2538 Vestibula,
2299 2483 2355 2527 et
2376 2473 2586 2528 iuitiutn
2609 2472 2676 2527 ad
2705 2474 2986 2530 meliorem
3014 2476 3174 2531 titam
3202 2478 3462 2536 ducebat.

1844 2565 1952 2622 St'd
2008 2566 2059 2621 id
2095 2582 2200 2621 non
2237 2568 2481 2638 permisit
2530 2567 2723 2632 Adam,
2753 2583 2874 2622 Ctttn
2931 2569 3138 2638 ignavia
3194 2587 3325 2626 usus
3367 2589 3468 2627 cx-

1848 2660 2424 2731 plicabili,jussorum
2471 2660 2574 2715 sibi
2620 2662 2880 2715 terminos
2932 2663 3240 2730 transilitit,
3288 2682 3465 2735 neque

1845 2757 1915 2811 ab
1948 2773 2055 2811 uno
2078 2756 2352 2810 abstinere
2376 2757 2524 2827 ligno
2548 2757 2806 2812 sustinuit
2832 2776 2845 2812 :
2873 2768 3113 2812 attamen
3140 2760 3221 2814 sic
3246 2778 3466 2829 quoque

1847 2850 2013 2903 multa
2060 2850 2151 2904 Dei
2186 2851 2492 2918 benignitas
2533 2850 2858 2904 ostenditur.
2905 2851 3067 2905 Solet.
3102 2852 3245 2904 enim
3279 2851 3420 2905 Deus
3447 2894 3462 2913 ,

1845 2944 2064 3014 quando
2114 2958 2141 2997 a
2192 2944 2445 3013 quopiam
2501 2958 2595 3013 per
2650 2944 2917 3011 ignaviam
2968 2944 3175 3014 delapsi
3226 2958 3416 3001 sumus
3447 2988 3462 3009 ,

1848 3037 2025 3092 omnia
2058 3035 2257 3101 facere,
2296 3052 2395 3091 nec
2427 3049 2554 3090 ante
2580 3036 2870 3101 absis:ere,
2896 3053 3055 3107 quam
3086 3055 3184 3093 nos
3201 3041 3266 3093 ad
3293 3042 3466 3095 multo

1849 3132 2053 3202 majora
2096 3131 2161 3186 iis
2206 3147 2326 3202 qua:
2357 3131 2640 3185 amisimus
2683 3131 2939 3186 extulerit
2974 3149 2987 3187 :
3022 3131 3070 3185 id
3102 3134 3246 3204 quod
3298 3135 3463 3189 etiam

1849 3235 1977 3281 tunc
2018 3224 2239 3279 factum.
2275 3223 2594 3278 Excidin.ns
2635 3224 2779 3278 enim
2833 3240 2897 3278 ex
2932 3226 3202 3294 paradiso,
3232 3236 3284 3281 et
3313 3222 3467 3283 ace'e.

1850 3322 2024 3385 pimus
2046 3320 2239 3375 Cu-lnnt
2268 3336 2280 3373 :
2309 3318 2538 3387 ideoque
2560 3318 2760 3372 damno
2784 3321 2961 3389 majus
2983 3332 3065 3374 est
3094 3323 3325 3376 itu-rum.
3356 3323 3463 3378 Sed

1848 3429 1955 3468 non
2010 3412 2191 3467 statim
2243 3410 2375 3465 illud
2427 3412 2774 3481 accepimus;
2830 3412 2989 3480 idque
3041 3428 3109 3468 ex
3154 3414 3273 3485 ejus
3333 3432 3464 3471 rma

1847 3516 1901 3562 et
1932 3505 2269 3576 providentia
2300 3504 2505 3559 factum
2536 3514 2636 3557 est.
2673 3503 2808 3571 Quia
2839 3506 2983 3558 enim
3034 3505 3246 3561 dixerat
3280 3508 3464 3561 inimi-

1845 3614 1965 3666 cus,
2004 3598 2161 3654 Erilis
2206 3600 2334 3652 sicut
2377 3597 2453 3650 dii
2500 3596 2658 3670 (Gen.
2707 3600 2762 3651 3.
2799 3597 2893 3665 5),
2938 3608 2992 3651 et
3036 3601 3182 3669 ip~os
3234 3601 3325 3653 tali
3369 3617 3469 3670 spe

1848 3694 2159 3756 iullaverat,
2191 3701 2249 3745 ut
2296 3699 2678 3761 exspectarent
2723 3706 2782 3743 se
2812 3689 2923 3743 Deo
2968 3706 3126 3759 pares
3157 3693 3294 3756 flre,
3328 3703 3384 3745 rt
3416 3710 3481 3747 III.

1847 3785 2213 3857 arrogantiam
2266 3784 2414 3852 ipsos
2461 3782 2728 3837 allexerat
2780 3792 2833 3836 et
2877 3783 2941 3835 ad
2992 3784 3254 3851 majorem
3306 3802 3469 3856 quam

1848 3890 2039 3934 natura
2070 3892 2165 3932 sua
2194 3874 2364 3931 ferret
2399 3876 2712 3944 opinionem
2746 3892 2761 3928 :
2801 3874 3110 3943 hujusmodi
3143 3877 3293 3931 uicus
3330 3895 3473 3946 ιυιη.

1850 3982 1937 4029 tus
1982 3984 2180 4027 curans
2209 3971 2377 4033 Deus,
2418 3969 2601 4022 statim
2630 3968 2693 4020 ad
2738 3978 2953 4037 tempus
3003 3968 3134 4022 sinit
3190 3969 3242 4023 in
3294 3983 3472 4027 morte

1850 4067 2080 4132 versari,
2113 4075 2172 4121 ut
2212 4064 2591 4136 experimento
2616 4063 2817 4117 diaboli
2849 4064 3137 4118 ecusilium
3172 4066 3469 4125 edisceret.

1848 4176 1903 4221 et
1937 4165 2103 4236 probe
2136 4164 2377 4217 instituta
2417 4164 2621 4225 anima,
2652 4174 2853 4229 corpus
2880 4159 3192 4215 immortale
3220 4176 3472 4215 assume-

1850 4272 1951 4319 ret.
1999 4260 2217 4314 Interim
2269 4271 2400 4327 ergo
2448 4255 2663 4309 volebat
2721 4252 2865 4308 Deus
2921 4256 3115 4308 mortis
3170 4265 3377 4310 metunt
3421 4260 3473 4311 in

1848 4355 2033 4410 animo
2082 4352 2286 4420 vigere,
2331 4348 2739 4417 terribilemque
2770 4361 2887 4401 rem
2918 4343 3124 4409 putari.

1920 4447 1975 4502 2.
2020 4444 2101 4499 De
2128 4443 2297 4498 Abelis
2327 4444 2484 4496 crede.
2538 4440 2865 4495 llemrrectio
2893 4444 3074 4511 futura
3105 4441 3329 4499 obscure
3352 4444 3461 4511 pri-

1848 4558 1989 4595 munt
2016 4534 2475 4592 indicata.—-—ldeo
2505 4535 2729 4589 Abelem
2763 4534 2912 4602 prius
2944 4533 3079 4603 mori
3116 4537 3383 4603 permisit,
3411 4546 3478 4592 ut

1847 4636 1937 4707 qui
1986 4633 2370 4704 pr.evat-icattts
2422 4630 2619 4695 fuerat,
2649 4643 2717 4683 ex
2744 4628 2863 4698 ipso
2891 4628 3008 4683 visu
3045 4627 3284 4685 disceret
3311 4632 3474 4700 quid-

1850 4746 1974 4783 nam
1999 4744 2146 4784 mors
2164 4738 2330 4793 esset,
2347 4737 2400 4781 et
2423 4741 2584 4796 quam
2607 4725 2788 4795 gravis
2817 4738 3163 4795 onerosaque
3187 4742 3275 4781 res
3302 4737 3477 4782 esset.

1849 4826 1982 4881 Nam
2007 4826 2049 4879 si
2080 4824 2193 4894 ipse
2219 4824 2424 4893 primus
2468 4832 2715 4874 mortuus
2762 4830 2931 4886 esset,
2977 4831 3224 4875 naturam
3256 4824 3331 4877 rei
3364 4840 3473 4879 non

1852 4922 2113 4984 novisset,
2143 4934 2265 4972 eum
2298 4934 2404 4970 non
2435 4916 2601 4969 alium
2630 4913 2855 4969 vidisset
2881 4923 3157 4969 mortuum
3181 4934 3194 4971 :
3214 4934 3357 4970 llltltC
3386 4936 3478 4971 au-

1854 5027 1961 5071 tem
1988 5017 2103 5085 ipse
2125 5013 2343 5085 quidem
2368 5014 2542 5076 vivus,
2563 5010 2615 5064 in
2637 5009 2744 5063 alio
2761 5020 2945 5064 autem
2978 5026 3210 5080 corpore
3237 5022 3481 5068 mortem

1853 5115 2045 5170 videns
2078 5114 2168 5166 lilii
2200 5126 2400 5181 corpus
2427 5118 2811 5179 occupantem,
2838 5108 3149 5162 accuratius
3188 5121 3241 5161 et
3271 5109 3483 5162 clarius

1851 5193 2826 5270 puuitionismagnitudinemdidicit.
2861 5193 3097 5261 ldCOque
3130 5209 3235 5247 non
3265 5202 3476 5249 tantum

1851 5292 1907 5348 in
1935 5292 2139 5353 alieno,
2176 5290 2269 5346 sed
2303 5300 2356 5344 ct
2386 5290 2438 5343 in
2485 5287 2574 5341 filii
2602 5286 2687 5341 sui
2709 5300 2939 5355 corpore
2968 5286 3018 5339 id
3045 5286 3198 5350 vidit,
3232 5285 3323 5340 ttbi
3346 5304 3485 5342 eunt.

1853 5390 1967 5458 ipsa
2008 5388 2084 5442 rei
2131 5397 2319 5441 natura
2366 5384 2679 5456 tyrannicas
2718 5384 2888 5453 patris
2914 5380 3141 5437 aﬂ'ectus
3162 5384 3484 5452 graviorem-

1851 5480 2101 5553 pariebat
2140 5477 2422 5542 dolorem,
2468 5475 2745 5545 etiamque
2774 5490 2899 5530 cum
2950 5472 3069 5543 ipsa
3113 5484 3305 5531 natura
3362 5475 3474 5529 vir-

1855 5587 1940 5631 tus
1972 5575 2097 5639 lilii;
2131 5589 2253 5627 cum
2296 5572 2497 5625 virtute
2537 5568 2637 5623 llos
2666 5582 2883 5639 quoque
2918 5568 3120 5622 aetatis.
3152 5566 3269 5621 Non
3325 5568 3478 5621 οιιίιιι

1854 5672 1906 5727 ἱη
1947 5678 2249 5735 senectute,
2310 5666 2405 5721 sed
2444 5666 2495 5718 in
2539 5666 2658 5734 ipso
2706 5663 3009 5733 juventutis
3052 5665 3240 5731 vigore
3297 5673 3474 5719 nmrto

1853 5768 2096 5832 sublatus
2126 5774 2229 5819 est.
2255 5762 2333 5816 Ad
2370 5762 2488 5816 hn‘c
2509 5776 2637 5813 vero
2656 5758 2837 5812 omnia
2868 5772 2896 5811 a
2931 5756 3097 5810 fratre
3134 5771 3233 5809 suo
3265 5758 3316 5810 td
3352 5772 3469 5825 [ἱ.ιῦ-

1852 5879 1944 5921 sus
1975 5863 2169 5929 fuerat,
2206 5868 2259 5915 et
2288 5874 2313 5911 τι
2340 5856 2504 5912 fratre
2528 5854 2789 5912 scelerate
2809 5862 2862 5908 et
2895 5851 3077 5923 inique
3121 5862 3332 5922 agente.
3373 5851 3475 5907 i'er
