4036 6410
622 351 728 412 εἴό

620 473 740 526 lucc
780 468 923 527 enim
951 466 1129 525 omnia
1180 465 1432 521 terribilis
1464 463 1652 517 mortis
1696 462 1907 532 species
1933 459 2198 516 reddeba-

620 573 709 617 tur
728 575 782 617 et
808 570 1024 632 aspectu
1055 559 1343 629 lugubrior,
1375 567 1428 610 et
1467 557 1520 610 itt
1554 555 1759 609 Adamo
1782 554 1995 623 gravior
2024 553 2199 607 luctus

617 654 984 711 concitabatur
1006 632 1041 717 ,1
1064 665 1182 707 cum
1213 649 1629 719 unumquodque
1676 662 1860 702 eorum
1908 660 2027 715 qua:
2054 645 2197 698 dixi-

619 763 742 802 mus
796 760 1039 817 magnam
1070 743 1390 798 accenderet
1422 742 1692 796 fornacem
1733 748 1786 795 et
1830 739 2193 793 ardentiore".

618 843 885 895 flammant
917 839 1190 902 efﬁceret,
1221 839 1549 906 duceretque
1600 835 1652 889 itt
1697 843 1953 903 quantum
1995 830 2194 885 tnalum

619 934 791 1001 ipsum
822 931 1095 1000 ittjecisset
1120 928 1388 983 diabolus.
1417 926 1547 981 Nam
1592 926 1633 979 si
1666 939 1764 979 nos
1785 966 1799 988 ,
1828 923 1917 993 qui
1948 922 2194 992 quotidie

617 1034 858 1077 mortuos
890 1022 1135 1075 videmus
1162 1061 1176 1086 ,
1221 1020 1494 1074 turbamur
1521 1061 1534 1083 ,
1566 1014 1970 1084 expavescimus
1994 1055 2007 1077 ,
2041 1026 2195 1067 cora-

614 1112 928 1180 printintur;
956 1126 1053 1165 nec
1082 1125 1178 1164 nos
1209 1118 1427 1173 tantum,
1460 1107 1553 1163 sed
1582 1107 1742 1161 etiam
1777 1106 1809 1158 ii
1840 1104 1930 1173 qui
1952 1104 2195 1173 superci-

612 1204 682 1256 lia
723 1204 986 1257 extollunt
1020 1212 1178 1272 atque
1225 1202 1274 1254 itt
1308 1200 1512 1269 magnis
1543 1206 1824 1252 versantur
1848 1194 2196 1265 dignitatibus

614 1305 668 1347 et
698 1294 969 1360 inﬂantur,
993 1294 1038 1348 si
1061 1292 1354 1348 veniantad
1375 1292 1532 1345 funus
1555 1290 1717 1346 etiam
1744 1289 1937 1343 mortui
1964 1287 2196 1356 vulgaris

614 1389 971 1454 conditionis,
1018 1388 1131 1457 ipso
1183 1395 1400 1458 aspectu
1448 1385 1915 1454 comprimuntur,
1964 1391 2017 1436 et
2059 1396 2195 1451 quo-

612 1482 695 1535 vis
737 1481 842 1533 alio
893 1480 1203 1534 humiliores
1234 1478 1569 1534 redduntur:
1600 1475 1725 1547 quid
1773 1473 2063 1530 verisimile
2115 1482 2197 1527 est

612 1588 826 1641 passum
876 1586 997 1628 esse
1053 1573 1198 1627 illum
1246 1572 1333 1640 qui
1386 1580 1652 1624 mortuum
1678 1567 1909 1638 primum
1958 1563 2192 1630 videbat,

612 1670 670 1716 et
717 1664 769 1716 itt
828 1663 955 1731 filii,
1012 1663 1119 1718 imo
1163 1664 1282 1718 talis
1330 1662 1458 1731 filii,
1502 1673 1767 1732 corpore;
1825 1659 1914 1729 qui
1958 1654 2192 1711 nondum

611 1771 679 1811 ex
739 1765 1069 1812 mortuorum
1140 1755 1435 1827 frequentia
1494 1754 1562 1809 de
1625 1760 1772 1808 tanto
1832 1751 1974 1806 malo
2021 1748 2192 1819 cogita

615 1858 805 1915 verat,
850 1864 913 1904 ex
967 1850 1040 1903 rei
1094 1848 1372 1902 insolentia
1421 1847 1649 1901 maxime
1696 1841 2192 1914 turbaretur?quid

613 1956 827 2014 passum
899 1954 1019 1996 esse
1077 1939 1365 1993 verisimile
1412 1946 1495 1993 est
1532 1981 1546 2005 ,
1597 1953 1716 1993 eum
1772 1936 1979 1991 videret
2044 1936 2190 1989 illum

616 2051 715 2091 nec
781 2050 964 2088 vocem
1021 2032 1246 2098 audire,
1306 2046 1403 2085 nec
1461 2040 1632 2084 laetus
1685 2044 1900 2084 sensum
1958 2042 2192 2097 capere,

614 2143 713 2181 nec
766 2126 1013 2197 lacrytuis
1067 2134 1120 2178 et
1177 2123 1460 2193 gentilibus
1510 2122 1708 2176 moveri
1760 2136 1859 2174 nec
1899 2119 2032 2189 patri
2084 2119 2195 2174 do—

614 2218 743 2271 lenti
794 2215 1084 2270 eondolcre
1144 2229 1241 2267 nec
1291 2222 1544 2267 consueta
1597 2212 1810 2266 facere?
1859 2212 2067 2266 Etenim
2128 2226 2196 2267 ne

617 2317 935 2377 prassentent
990 2320 1171 2359 rerum
1227 2314 1421 2358 statum
1477 2303 1822 2367 consideres;
1877 2302 1970 2357 sed
2020 2303 2189 2371 cogita

614 2400 755 2468 quod
784 2407 911 2455 tunc
941 2397 1166 2468 primum
1216 2394 1377 2449 homo
1407 2405 1680 2450 mortuum
1712 2394 1935 2461 viderit,
1966 2405 2019 2448 et
2051 2394 2191 2463 quod

614 2492 806 2545 timore
836 2505 1027 2558 magno
1058 2489 1327 2557 multaque
1357 2488 1759 2557 perturbatione
1810 2487 2048 2556 repletus
2080 2486 2193 2539 fuc-

613 2580 702 2635 rit.
738 2584 984 2635 Attamen
1012 2589 1197 2651 postea
1225 2580 1604 2633 consofationis
1630 2578 1843 2633 modum
1877 2578 2194 2647 excogitavit

614 2671 756 2725 licus
790 2686 804 2724 :
837 2685 1009 2739 neque
1039 2670 1183 2725 enim
1220 2680 1421 2724 tantum
1453 2670 1665 2724 volebat
1710 2680 1764 2724 ut
1805 2678 1977 2724 melus
2006 2669 2193 2723 mortis

612 2761 897 2815 adderetur
926 2800 942 2827 ,
996 2760 1091 2814 sed
1139 2761 1300 2815 etiam
1342 2770 1399 2815 ut
1440 2760 1726 2831 quamdam
1770 2761 2191 2815 consolationem

613 2855 775 2907 homo
817 2852 1139 2925 perciperet.
1170 2852 1502 2921 Quamnam?
1548 2854 1589 2908 A
1628 2856 2034 2909 resurrectiOne.
2085 2853 2192 2909 Sed

612 2946 757 2999 illam
792 2961 896 3000 non
939 2944 1122 3003 statim,
1160 2944 1373 3015 quidem
1422 2944 1602 3011 dedit,
1652 2961 1835 3000 verum
1878 2946 1993 3016 ejus
2040 2959 2189 3015 spem

609 3036 839 3091 obscure
892 3043 945 3089 et
988 3034 1138 3106 quasi
1188 3036 1241 3090 in
1287 3036 1571 3105 aenigmate
1627 3037 1851 3107 aperuit.
1902 3036 2190 3109 Postquam

610 3128 752 3180 enim
798 3135 975 3181 metus
1008 3126 1239 3182 multum
1271 3135 1460 3181 auctus
1512 3125 1613 3181 fuit
1663 3127 1998 3198 hominisque
2036 3144 2188 3181 tuen-

610 3228 717 3271 tem
743 3217 1035 3283 concussit,
1077 3227 1461 3289 ostensumque
1510 3217 1609 3274 fuit
1663 3218 1789 3290 quid
1834 3234 1978 3274 mors
2025 3228 2185 3285 esset,

609 3328 770 3382 quam
802 3311 997 3381 gravis,
1029 3326 1187 3382 quam
1219 3312 1469 3381 molesta,
1501 3312 1663 3386 quam
1706 3329 1956 3380 onerosa,
1988 3331 2091 3369 nou
2123 3318 2190 3372 ab

612 3411 833 3473 aspectu
880 3403 1095 3469 solum,
1138 3402 1233 3459 sed
1286 3404 1447 3460 etiam
1502 3406 1571 3459 ah
1627 3407 1692 3461 iis
1745 3424 1865 3477 quae
1911 3419 2191 3477 aspectum

609 3503 905 3565 sequuntur
926 3534 942 3559 ,
974 3509 1003 3549 a
1064 3497 1368 3563 vermibus,
1396 3511 1424 3549 a
1471 3495 1659 3552 [ustore
1684 3539 1699 3564 ,
1727 3513 1755 3551 a
1807 3499 1956 3553 sanie
1977 3541 1991 3563 ,
2026 3514 2056 3553 a
2108 3501 2188 3554 ci-

611 3601 772 3650 nere,
824 3586 1053 3656 aliisque
1100 3587 1384 3654 untnibus,
1423 3603 1542 3657 quae
1596 3589 1647 3643 itt
1700 3601 1913 3644 mortuo
1963 3605 2188 3660 corpore

612 3679 963 3737 observantur
999 3696 1016 3736 :
1055 3696 1174 3735 cum
1239 3681 1416 3751 itaque
1461 3682 1620 3737 timor
1666 3692 1855 3739 auctus
1900 3695 2074 3750 esset,
2132 3693 2188 3740 et

611 3775 847 3829 animum
901 3784 1304 3839 commoveret,
1333 3774 1456 3830 vide
1510 3777 1779 3846 quomodo
1827 3777 1986 3832 etiam
2038 3793 2188 3848 spent

612 3868 1021 3922 resurrectionis
1052 3876 1234 3937 postea
1268 3868 1481 3923 inducat
1504 3909 1519 3935 ,
1545 3868 1835 3924 involutam
1874 3869 2088 3939 quidem
2135 3879 2190 3926 et

608 3958 929 4025 obscuram,
966 3958 1060 4014 sed
1094 3958 1298 4014 inducit
1328 3969 1526 4015 tamen.
1570 3958 1701 4013 Nam
1751 3960 2027 4015 Euochum
2057 4000 2071 4024 ,
2099 3961 2194 4029 qui

612 4061 795 4119 postea
830 4050 929 4105 fuit
958 4094 973 4116 ,
1020 4053 1153 4106 mori
1199 4068 1306 4106 non
1356 4052 1636 4123 permisit;
1666 4052 1903 4124 dicitque
1942 4052 2140 4110 Paulus
2174 4072 2187 4107 :

610 4140 744 4195 Fide
774 4142 951 4197 Euoch
998 4147 1276 4197 translatus
1314 4153 1385 4197 est
1411 4186 1424 4209 ,
1468 4156 1523 4197 ttt
1561 4162 1662 4199 non
1710 4146 1898 4199 videret
1941 4156 2148 4199 mortem
2173 4188 2188 4213 ,

610 4244 656 4285 et
688 4249 786 4287 non
814 4234 1159 4289 inveniebatur
1180 4274 1196 4299 ,
1240 4235 1358 4302 quia
1387 4236 1644 4290 transtulit
1674 4251 1786 4290 eum
1817 4235 1956 4293 Deus
1996 4236 2187 4308 (Hebr.

611 4329 698 4381 Il.
743 4326 821 4399 5).
868 4328 1165 4383 Transtulit
1191 4343 1313 4384 eum
1339 4371 1354 4395 ,
1404 4346 1504 4384 nec
1536 4331 1669 4384 mori
1702 4332 1982 4400 permisit:
2018 4348 2192 4404 neque

612 4427 790 4472 tamen
846 4418 1201 4473 immortalem
1253 4420 1467 4475 interim
1518 4420 1666 4475 illutn
1701 4421 1854 4490 feeit,
1888 4433 1946 4478 ut
1990 4436 2189 4479 metunt

611 4529 716 4564 non
761 4514 1024 4579 solveret,
1059 4514 1152 4568 sed
1186 4525 1393 4581 manet,
1440 4532 1537 4572 nec
1572 4520 1799 4573 moritur
1832 4536 1846 4572 :
1881 4536 2053 4592 neque
2107 4533 2189 4575 ta-

610 4620 730 4658 men
772 4615 857 4659 est
888 4607 1239 4675 immortalis,
1270 4609 1364 4663 sed
1420 4610 1471 4663 in
1528 4612 1736 4666 mortali
1769 4628 1994 4683 corpore
2021 4615 2191 4685 longi-

610 4697 847 4751 ttnlinent
880 4698 999 4752 vita:
1051 4698 1151 4768 ipsi
1203 4701 1424 4770 largitus
1467 4711 1591 4757 est:
1625 4705 1850 4760 obscure
1877 4748 1892 4769 ,
1940 4718 1996 4761 ut
2039 4709 2188 4774 dixi,

608 4807 758 4856 spent
807 4800 933 4845 ante
980 4792 1430 4847 resurrectionem
1495 4794 1763 4864 aperiens.
1817 4798 1939 4852 Iden
1986 4800 2190 4868 justum

611 4884 746 4955 mori
798 4884 970 4954 prium
1018 4885 1287 4941 concessit
1328 4904 1342 4941 :
1390 4902 1511 4941 nam
1564 4901 1756 4958 praeter
1794 4892 2009 4946 allatam
2068 4909 2194 4949 cauo

609 4994 755 5041 sam,
789 4994 892 5032 non
919 4980 1249 5035 aberraverit
1293 4980 1381 5050 qui
1416 4981 1552 5033 hanc
1578 4984 1738 5037 etiam
1766 4984 1972 5040 afferet.
2004 4986 2194 5054 Quamo

609 5069 773 5122 naut?
806 5068 933 5123 Eam
959 5087 1075 5139 qua:
1114 5072 1308 5140 petitur
1331 5087 1394 5127 ex
1429 5076 1841 5131 resurrectione.
1870 5078 2002 5145 Quia
2046 5080 2189 5135 enim

608 5176 757 5216 mors
787 5177 893 5215 non
944 5174 1200 5233 perpetuo
1240 5176 1522 5235 regnatura
1583 5176 1737 5231 erat,
1786 5167 1905 5225 ideo
1960 5172 2190 5241 primum

608 5253 727 5321 ejus
779 5251 1176 5309 fundamentum
1229 5258 1559 5329 primamque
1607 5259 1880 5328 radicem,
1911 5262 1962 5315 itt
1990 5262 2189 5333 justiti-

608 5349 821 5402 catione
846 5347 1002 5419 deligi
1050 5351 1290 5416 curavit,
1320 5362 1378 5405 ttt
1406 5351 1808 5407 fundamentum
1842 5371 1944 5409 non
1968 5356 2186 5413 tirtnutn

606 5451 865 5495 maneret.
896 5440 1047 5497 Sicut
1085 5443 1227 5496 enim
1274 5457 1546 5514 peccatum
1587 5456 1670 5501 est
1722 5449 1910 5503 mortis
1958 5449 2189 5505 alimen-

610 5542 745 5596 tntn,
770 5534 837 5587 ita
866 5544 918 5590 et
939 5534 1249 5604 jnstifieatio
1270 5545 1352 5592 est
1378 5540 1568 5595 mortis
1614 5540 1844 5595 sublatio
1864 5552 1917 5597 et
1942 5544 2181 5600 abolitio.

608 5623 888 5679 Concessit
933 5627 1091 5696 igitur
1140 5637 1199 5683 ut
1242 5629 1286 5683 is
1324 5630 1411 5699 qtti
1454 5631 1654 5699 primus
1682 5634 1981 5689 moriturus
2024 5646 2185 5703 erat,

610 5716 778 5771 iustus
807 5728 948 5773 esset
972 5762 985 5784 ,
1010 5720 1079 5775 ab
1100 5719 1250 5776 initio
1274 5736 1372 5775 nos
1390 5721 1686 5793 alloquens,
1712 5724 2011 5796 bonamque
2031 5742 2181 5799 spem

608 5810 868 5864 exhibens
892 5851 905 5875 ,
938 5813 1327 5884 ostendensque
1356 5830 1412 5870 se
1442 5830 1609 5887 genus
1638 5828 1877 5872 nostrum
1919 5819 1971 5874 in
2005 5833 2175 5877 tnorte

1330 352 1386 406 s.
1426 347 1706 406 totNNts
1742 332 2225 402 CllnYSOSTOMI
2267 343 2589 401 ARCHIEP.
2630 340 3171 403 CONSTANTINOP.

3806 349 3911 407 4⁸⁷6

2308 473 2415 514 non
2444 458 2755 514 relicturum
2782 473 2937 514 esse:
2962 471 3289 532 quapropter
3313 458 3711 518 debilissimum
3748 469 3913 521 murti

2308 550 2711 606 fundamentum
2768 553 2962 620 posuit.

2378 643 2432 697 5.
2476 642 2681 697 Deinde
2708 652 2826 713 post
2854 643 3131 698 Enocltutn
3165 646 3215 699 in
3248 644 3358 700 Noe
3377 662 3586 702 rursum
3606 644 3717 702 alio
3742 649 3914 704 modo

2308 734 2462 789 nobis
2484 736 2895 789 resurrectionis
2916 738 3151 805 speciem
3174 738 3341 791 dedit.
3365 740 3569 794 Etenim
3600 756 3668 794 an
3686 741 3912 795 melion

2308 834 2433 878 tunc
2460 840 2619 895 quam
2650 827 2843 879 mortui
2870 826 3176 883 conditione
3216 839 3331 883 erat
3367 830 3500 895 Noe,
3529 832 3579 885 in
3631 832 3913 903 profundo

2308 925 2395 970 tau
2407 925 2481 982 to,
2501 920 2551 970 in
2574 917 2805 971 tenebris
2818 926 2871 971 et
2890 918 2941 971 in
2958 932 3173 974 Carcere
3189 922 3514 993 conclusus?
3533 926 3782 979 Attamen
3806 926 3911 979 im-

2307 1022 2490 1061 mensa
2519 1006 2605 1060 illa
2628 1011 2950 1080 maria,qu:e
2975 1013 3233 1065 montium
3249 1016 3527 1068 caenmitta
3553 1018 3905 1085 Operiebant,

2307 1098 2453 1152 illum
2482 1099 2571 1169 qtti
2598 1099 2649 1152 in
2676 1115 2801 1153 area
2826 1110 2942 1155 erat
2969 1142 2981 1164 ,
3012 1118 3116 1155 non
3147 1103 3535 1174 absorpserunt
3560 1125 3573 1171 ;
3606 1108 3701 1162 sed
3744 1112 3907 1179 quasi

2302 1206 2367 1245 ex
2401 1202 2573 1246 morte
2604 1206 2916 1263 resurgens,
2948 1195 3025 1249 sic
3059 1212 3122 1250 ex
3151 1196 3405 1252 diuturna
3449 1199 3535 1252 illa
3569 1210 3905 1273 tempestate

2304 1296 2432 1339 tunc
2458 1287 2596 1340 exiit
2628 1286 2742 1343 Noe
2764 1328 2777 1351 ,
2817 1287 2870 1342 in
2911 1288 3086 1343 salute
3114 1305 3205 1343 sua
3238 1295 3650 1349 resurrectionis
3703 1296 3908 1367 imagi-

2300 1393 2421 1431 nem
2445 1376 2726 1433 exbibens.
2755 1379 2880 1434 Post
2904 1380 3053 1435 illum
3082 1398 3266 1437 rursus
3296 1379 3639 1455 (procedente
3662 1405 3907 1457 namque

2301 1477 2543 1538 tempore
2591 1470 2849 1525 clariores
2894 1476 3306 1529 resurrectionis
3336 1476 3596 1548 imagines
3640 1482 3905 1537 ostettde«

2303 1558 2523 1624 bantur,
2568 1560 2621 1615 in
2651 1560 2783 1616 Jona
2814 1579 3029 1634 quoque
3059 1566 3294 1636 idipsum
3323 1568 3466 1624 fecit.
3502 1571 3634 1627 Tres
3661 1589 3905 1645 namque

2299 1648 2417 1704 dies
2444 1651 2494 1705 itt
2528 1662 2715 1709 ventre
2739 1655 2844 1709 ceti
2879 1655 3039 1710 trium
3068 1658 3276 1712 dierum
3303 1659 3356 1714 in
3386 1673 3560 1717 morte
3589 1668 3901 1735 symbolum

2299 1754 2492 1809 erant;
2539 1755 2595 1800 et
2640 1746 2886 1801 Iiberatio
2922 1763 2952 1803 ιι
2998 1760 3118 1804 ceto
3166 1758 3573 1810 resurrectionis
3625 1759 3903 1814 Dominici

2304 1837 2551 1905 corporis
2600 1841 2797 1908 praevia
2840 1842 3150 1911 pnctlicatio
3199 1854 3332 1899 erat.
3388 1848 3730 1919 Quapropter
3783 1856 3903 1923 ipse

2299 1926 2551 1983 dicebat:
2605 1928 2876 1985 Generatio
2927 1934 3039 1988 lucc
3082 1938 3281 2005 signum
3336 1943 3549 2009 qurerit,
3597 1955 3644 1996 et
3688 1947 3902 2015 signum

2299 2036 2398 2073 non
2429 2021 2633 2075 dabitur
2662 2024 2707 2077 ei
2749 2026 2845 2077 nisi
2888 2026 3090 2096 signum
3131 2028 3282 2081 JOtttl’
3309 2047 3327 2083 :
3371 2034 3500 2085 sicut
3544 2037 3676 2088 enim
3727 2037 3903 2093 Jonas

2298 2114 2351 2167 in
2381 2125 2551 2169 ventre
2586 2118 2680 2170 ceti
2706 2120 2864 2171 tribus
2908 2121 3085 2174 diebus
3128 2134 3171 2176 et
3205 2124 3362 2179 tribus
3393 2130 3619 2183 noctibus
3650 2134 3751 2201 fuit
3775 2176 3791 2199 ,
3824 2138 3900 2189 sic

2300 2208 2393 2259 erit
2418 2205 2588 2261 Filius
2623 2211 2841 2264 hominis
2872 2214 2923 2264 in
2952 2214 3102 2266 corde
3133 2229 3277 2270 terra?
3307 2220 3467 2273 tribus
3492 2222 3666 2278 diebus
3694 2236 3743 2278 et
3788 2232 3893 2281 tri-

2298 2299 2388 2351 bas
2411 2300 2636 2355 noctibus
2663 2300 2873 2372 (Matth.
2903 2304 2989 2357 ‘12.
3014 2306 3102 2360 59.
3137 2308 3243 2378 40).
3277 2309 3436 2365 Isaaci
3469 2330 3680 2385 quoque
3710 2330 3897 2376 ortum

2298 2408 2404 2447 non
2456 2395 2784 2450 abcrravcrit
2815 2399 2901 2466 qtti
2956 2404 3362 2457 resurrectionis
3391 2398 3610 2475 figuram
3656 2427 3783 2467 esse
3813 2415 3901 2467 di-

2297 2487 2455 2539 xerit.
2504 2485 2706 2541 Idcirco
2751 2488 2946 2543 Paulus
2975 2507 3186 2561 quoque
3216 2512 3273 2548 ea
3317 2513 3437 2567 qua:
3468 2511 3643 2554 ortum
3674 2504 3795 2571 ejus
3828 2524 3899 2561 ex

2298 2578 2469 2631 slerili
2509 2589 2755 2647 spectant
2796 2596 3053 2637 enarratis
3080 2627 3093 2647 ,
3128 2600 3247 2640 Cum
3281 2589 3504 2645 dixisset
3538 2605 3743 2661 patrem
3774 2600 3900 2665 ejus

2296 2681 2495 2738 pneter
2524 2688 2672 2741 spent
2705 2674 2755 2727 iu
2806 2690 2899 2745 spe
2931 2678 3223 2734 credidisse
3265 2681 3440 2751 (Rom.
3472 2686 3523 2739 4.
3558 2687 3665 2753 18),
3710 2707 3899 2761 neque

2298 2762 2351 2817 in
2380 2762 2484 2818 (ide
2534 2763 2858 2820 iulirmatum
2891 2767 3055 2824 fuisse
3079 2811 3092 2832 ,
3129 2788 3249 2825 cum
3292 2776 3661 2833 consideraret
3686 2796 3899 2852 Corpus

2295 2869 2448 2907 suum
2480 2865 2781 2911 emortuum
2814 2867 2866 2912 et
2894 2871 3194 2916 emortuam
3222 2866 3435 2921 vulvam
3475 2868 3619 2924 Sara:
3646 2889 3660 2926 :
3698 2873 3765 2926 In
3810 2892 3897 2928 re-

2297 2949 2628 3017 promissione
2678 2952 2831 3005 etiam
2876 2952 3012 3020 Dei,
3055 2957 3258 3026 inquit,
3290 2976 3390 3013 non
3441 2962 3690 3017 limitarit
3744 2968 3893 3039 digi-

2295 3044 2466 3097 dentia
2483 3057 2504 3109 ,°
2543 3044 2633 3098 sed
2682 3050 2999 3115 confortatus
3027 3059 3103 3102 est
3150 3050 3254 3117 ﬁde
3275 3092 3289 3117 ,
3322 3052 3453 3106 dum
3480 3056 3698 3125 gloriam
3728 3055 3845 3113 Deo
3874 3076 3888 3124 ;

2295 3134 2583 3204 plenissime
2624 3137 2787 3191 sciens
2835 3138 2953 3208 quia
2995 3157 3323 3213 quacumque
3370 3148 3642 3216 promist,
3700 3162 3894 3220 potens

2293 3235 2365 3279 est
2392 3235 2441 3279 et
2470 3227 2658 3295 facere.
2690 3228 2920 3300 Ideoque
2950 3233 3218 3302 subjuuxit
3253 3252 3264 3288 :
3298 3234 3419 3290 Non
3448 3250 3520 3291 est
3560 3254 3728 3294 autem
3760 3248 3895 3297 scri-

2291 3328 2437 3385 ptum
2462 3328 2656 3372 tantum
2686 3332 2892 3391 propter
2919 3324 3088 3392 ipsum
3114 3365 3129 3389 ,
3177 3328 3266 3381 sed
3292 3338 3339 3382 et
3365 3343 3573 3401 propter
3607 3350 3700 3388 nos
3724 3377 3739 3397 ,
3773 3340 3894 3408 qni-

2292 3407 2385 3462 btu
2431 3410 2748 3490 reputabitur
2792 3414 3113 3469 credentibus
3168 3419 3220 3471 in
3268 3436 3384 3473 eam
3422 3462 3436 3485 ,
3492 3425 3577 3487 qui
3626 3407 3895 3484 suscitavit

2290 3498 2469 3555 Jeaum
2513 3501 2772 3558 Christum
2802 3505 3084 3563 Dominum
3126 3523 3353 3567 nostrum
3392 3533 3424 3569 a
3464 3520 3674 3574 mortuis
3718 3521 3899 3590 (Ibid.

2299 3606 2347 3645 tt.
2394 3592 2486 3647 23.
2531 3594 2648 3667 24).
2704 3598 2885 3651 I‘alam
2938 3601 3117 3670 itaque
3147 3614 3226 3659 est
3260 3605 3425 3661 Isaaci
3455 3621 3630 3664 ortum
3660 3614 3890 3683 figuram

2293 3684 2459 3741 fuisse
2492 3691 2907 3745 resurrectionis
2934 3692 3161 3751 Christi.
3193 3696 3248 3751 Si
3283 3700 3426 3752 enim
3460 3702 3625 3772 figura
3655 3722 3765 3761 non
3796 3725 3890 3763 cs-

2292 3788 2396 3843 set,
2424 3793 2530 3834 non
2567 3782 2937 3851 subjuuxisset
2960 3827 2975 3850 ,
3010 3786 3132 3841 Non
3179 3799 3249 3843 est
3278 3802 3442 3845 autem
3473 3795 3718 3866 scriptum
3774 3809 3894 3853 tan-

2294 3880 2396 3925 tum
2428 3884 2634 3943 propter
2655 3876 2821 3944 ipsum
2845 3917 2862 3945 ,
2888 3880 2976 3933 sed
3008 3881 3160 3935 etiam
3190 3895 3400 3954 prapter
3434 3902 3525 3940 nos
3548 3928 3563 3953 ,
3592 3889 3776 3958 quibus
3802 3908 3893 3946 re-

2295 3968 2571 4037 putabitur.
2621 3970 2756 4042 Typi
2810 3975 2954 4029 enim
2999 3992 3097 4030 seu
3147 3979 3331 4048 figurat.
3375 3996 3482 4036 non
3515 3992 3735 4054 prolttcr
3767 3987 3895 4041 illos

2296 4070 2497 4116 tantttm
2540 4064 2851 4121 scribuntur
2878 4068 2968 4138 qui
2997 4068 3286 4139 ﬁgurarum
3318 4081 3561 4145 tempore
3598 4094 3706 4146 quo
3751 4078 3896 4136 fiunt

2294 4155 2585 4227 accipiunt,
2621 4158 2715 4213 sed
2748 4170 2969 4230 propter
2995 4164 3112 4218 ilios
3138 4166 3302 4220 etiam
3329 4169 3418 4237 qui
3463 4185 3530 4224 ex
3577 4171 3683 4226 illis
3712 4172 3896 4229 lucra-

2297 4248 2401 4302 turi
2425 4258 2552 4304 sunt
2578 4251 2630 4304 itt
2666 4253 2951 4321 pesteriori
2987 4265 3249 4326 tempore.
3280 4258 3515 4332 Ideoque
3555 4262 3682 4318 alibi
3713 4265 3890 4321 dicit:

2298 4337 2425 4394 Htec
2449 4352 2618 4396 autem
2660 4345 2714 4398 in
2758 4347 2924 4419 ﬁgura
2976 4352 3331 4422 contingebant
3360 4355 3465 4408 illis
3492 4372 3512 4411 :
3544 4359 3739 4428 scripta
3765 4371 3892 4414 sunt

2296 4444 2465 4487 autem
2494 4436 2562 4488 ad
2594 4442 2968 4508 correptionem
3000 4452 3261 4508 nostram,
3292 4446 3343 4499 in
3386 4463 3512 4516 quos
3556 4450 3680 4517 {ina
3726 4467 3896 4505 sarca-

2296 4524 2460 4578 lorum
2488 4526 2788 4583 devenerunt
2820 4532 2895 4602 (I.
2925 4532 3045 4587 Cor.
3090 4533 3177 4589 10.
3212 4535 3323 4607 II).
3371 4538 3513 4593 thas
3556 4556 3661 4608 quo
3683 4558 3769 4609 ,ue
3801 4561 3894 4599 as-

2296 4631 2543 4689 sumptus
2598 4622 2737 4678 Itauc
2786 4628 2938 4679 nobis
2987 4643 3136 4698 spem
3190 4633 3606 4688 resurrectionis
3653 4640 3892 4705 aperuit.

2294 4710 2398 4767 Sed
2448 4714 2532 4767 illa
2580 4716 2795 4784 quidem
2834 4722 2985 4789 quasi
3020 4724 3071 4774 in
3106 4723 3267 4793 figura
3301 4737 3453 4780 erant
3484 4743 3497 4782 :
3531 4743 3651 4781 cunt
3703 4738 3894 4785 autem

2297 4808 2602 4877 unigenitus
2635 4809 2727 4865 Dei
2758 4811 2925 4865 Filius
2954 4813 3165 4869 advenit
3198 4828 3317 4888 post
3350 4802 3514 4873 multa
3546 4832 3600 4873 et
3642 4821 3897 4876 innume-

2298 4915 2357 4953 ra
2390 4900 2585 4955 sarcula
2614 4942 2627 4962 ,
2658 4902 2711 4955 ia
2742 4902 2857 4972 ipsa
2892 4922 2950 4959 rc
2975 4906 3130 4961 nobis
3160 4911 3613 4968 resurrectionem
3650 4918 3897 4971 ostendit

2297 5007 2393 5062 per
2443 4994 2719 5064 proltriuut
2765 5011 2999 5066 corpus,
3045 4999 3330 5057 absolvens
3388 5003 3564 5073 ipsum
3612 5022 3642 5060 a
3699 5012 3896 5064 mortis

2298 5089 2582 5160 tyrannide
2611 5108 2625 5145 :
2660 5090 2891 5163 ideoque
2916 5094 2991 5147 ait
3021 5112 3033 5147 :
3065 5095 3295 5152 Christus
3345 5112 3576 5155 mortuus
3622 5114 3669 5156 et
3715 5121 3893 5161 restir-

2295 5198 2417 5251 gem
2444 5199 2510 5236 ea:
2555 5188 2767 5240 mortuis
2798 5228 2813 5251 ,
2849 5188 2964 5256 jam
2992 5205 3092 5241 non
3124 5193 3337 5245 moritur
3363 5208 3382 5247 :
3421 5194 3557 5264 quod
3583 5197 3719 5249 enim
3751 5218 3894 5254 mor-

2295 5283 2413 5330 tuus
2437 5285 2509 5329 est
2539 5288 2766 5346 peccato,
2797 5292 3026 5335 mortuus
3051 5293 3123 5335 est
3155 5286 3308 5337 semel
3340 5283 3515 5351 (Rom.
3545 5288 3597 5341 6.
3634 5288 3687 5343 9.
3724 5291 3838 5359 10).

2368 5362 2423 5418 4.
2464 5361 2571 5417 Sed
2600 5362 2650 5417 itt
2682 5366 2984 5433 primordiis
3013 5368 3226 5437 quidem
3258 5370 3370 5425 lure
3395 5371 3619 5425 obscure
3651 5372 3893 5435 ﬁebant:

2298 5453 2707 5509 resurrectionis
2732 5456 2873 5510 enim
2899 5471 3023 5527 spes
3044 5459 3193 5527 quasi
3218 5460 3270 5514 in
3295 5462 3577 5533 a-nigmate
3602 5465 3898 5523 exhibeba-

2301 5553 2386 5599 tur
2413 5545 2564 5599 nobis
2593 5562 2686 5615 per
2712 5547 2987 5603 littocltum
3010 5565 3024 5614 ;
3050 5552 3235 5605 mortis
3270 5568 3400 5608 vero
3427 5555 3621 5609 stilutio
3646 5573 3741 5625 per
3760 5561 3896 5616 Ahe-

2301 5638 2404 5692 Iem
2436 5657 2448 5693 :
2481 5639 2594 5695 haec
2620 5652 2794 5695 autem
2820 5642 2980 5697 ambo
3005 5645 3169 5705 clare.
3189 5647 3487 5709 manifeste,
3506 5652 3729 5707 omnino
3756 5664 3811 5708 et
3845 5657 3893 5709 itt

2298 5731 2524 5786 veritate
2566 5749 2657 5802 per
2693 5734 3020 5806 unigenitum
3055 5735 3144 5791 Dei
3180 5736 3366 5793 Filium
3406 5740 3536 5793 facta
3570 5754 3713 5795 sunt.
3747 5745 3897 5803 [Inde

2303 5826 2464 5881 etiam
2510 5837 2799 5896 ιιιςη-ιμύιιε
2850 5828 3131 5887 multitudo
3158 5830 3310 5887 nobis
3354 5835 3700 5904 gerntinatit,
3729 5852 3899 5894 morte
