4036 6402
186 377 288 440 ιη

181 495 359 550 soqu
402 496 455 543 ct
493 480 895 542 resurrectione
940 477 1196 548 fulgente.
1244 472 1537 542 Propterea
1577 482 1790 539 quoque

184 598 428 658 presens
454 582 558 635 vita
589 576 858 633 laboriosa
891 572 1028 628 facta
1066 578 1151 625 est
1190 577 1245 623 et
1286 566 1469 658 multis
1504 561 1793 658 sudoribus

186 651 340 749 plena
363 683 457 741 ;ut
476 672 600 728 hinc
623 668 921 725 crassiores
948 662 1193 717 homines
1214 657 1303 727 qui
1330 657 1490 712 rebus
1504 651 1790 749 praesen-ti-

186 743 284 827 bus
327 782 454 824 sese
500 764 733 819 libenter
766 758 1001 820 dedunt,
1032 751 1281 823 depulsi,
1313 756 1368 803 et
1390 748 1460 802 ob
1482 748 1607 801 vita:
1634 743 1793 814 hujus

184 858 489 916 molestiam
538 852 882 909 fatiscentes,
928 844 1232 913 voluptates
1274 850 1329 896 et
1375 838 1624 893 aﬂ'ectum
1665 849 1793 904 erga

184 960 511 1026 pra-sentem
530 944 689 998 vitam
706 941 968 1010 fugerent,
983 946 1145 1005 atque
1160 932 1225 987 ad
1243 931 1495 986 czrlorum
1514 932 1794 982 currerent

182 1018 429 1098 amorem
454 1080 471 1103 ,
511 1046 567 1091 et
605 1035 671 1089 ad
712 1033 856 1088 illam
894 1030 1209 1084 festinarent
1236 1024 1399 1078 diem.
1436 1018 1795 1095 Philosophus

184 1136 331 1192 enim
375 1141 432 1187 ct
469 1124 717 1185 sublimis
759 1124 841 1178 vir
888 1136 993 1175 non
1042 1131 1181 1189 opus
1226 1114 1445 1170 habebit
1490 1106 1792 1181 lntjusutudi

185 1225 437 1289 moiiitis,
460 1220 555 1277 sed
578 1217 820 1288 cogitans
840 1222 1038 1285 quanta
1060 1225 1147 1266 res
1168 1209 1235 1263 sit
1259 1220 1482 1276 regnum
1504 1204 1791 1267 caelorum;

186 1318 300 1374 imo
323 1326 450 1371 ante
475 1326 721 1383 regnum,
751 1314 1009 1380 quantum
1036 1305 1255 1359 sitcum
1283 1300 1392 1354 Deo
1416 1307 1471 1353 et
1494 1311 1616 1352 cum
1640 1292 1797 1348 Chri-

184 1420 275 1463 sto
302 1422 427 1464 esse
452 1406 471 1476 (
493 1404 595 1458 hoc
621 1403 820 1473 quippe
848 1397 995 1453 omni
1026 1408 1192 1465 regno
1220 1391 1393 1460 majus
1419 1386 1559 1459 est).
1591 1384 1795 1441 nullam

185 1514 304 1555 rem
333 1503 655 1568 pnnsentem
684 1505 901 1547 suavem
935 1487 1164 1551 sentiet;
1191 1482 1285 1538 sed
1316 1481 1432 1536 lnrc
1456 1478 1794 1548 deSpicicns,

186 1593 360 1663 magis
381 1605 539 1662 quam
568 1587 813 1643 umbram
838 1584 926 1639 illa
949 1585 1349 1653 prietercurret.
1378 1575 1641 1645 Quoniam
1666 1588 1777 1626 veri

186 1683 382 1739 multi.
413 1679 561 1735 carui
602 1677 899 1733 servientes
940 1681 995 1728 ct
1038 1688 1071 1727 a
1122 1667 1407 1743 tyrannide
1450 1665 1793 1721 smcularium

184 1788 369 1828 rerum
402 1769 608 1826 detenti
632 1810 649 1835 ,
679 1768 818 1822 sicut
859 1765 913 1820 in
946 1762 1195 1818 cavernis
1235 1760 1507 1814 latitantes
1546 1755 1671 1811 fera:
1696 1796 1710 1819 ,
1740 1755 1794 1809 in

185 1866 271 1920 his
314 1866 544 1920 libenter
585 1870 871 1917 versantur
905 1876 918 1914 :
950 1856 1166 1911 illorum
1204 1868 1331 1924 erga
1367 1853 1517 1908 istzrc
1547 1849 1797 1905 affectum

184 1956 536 2019 exscindens,
563 1955 728 2008 multa
757 1951 861 2007 illis
888 1948 1058 2004 tristia
1082 1947 1324 2011 immisit,
1350 1945 1793 2006 timores,cttras,

186 2050 603 2110 sollicitudines,
633 2044 949 2107 certamina,
981 2040 1241 2111 pericula,
1272 2053 1547 2110 pavorem,
1577 2044 1631 2090 et
1660 2035 1796 2089 mu!-

187 2153 299 2197 tum
330 2139 696 2209 corporalium
727 2135 1012 2192 affectuum
1044 2147 1236 2204 agmen
1257 2173 1273 2197 ,
1306 2139 1467 2200 atque
1499 2128 1641 2183 illam
1671 2134 1795 2181 cor-

187 2252 381 2308 porum
398 2233 748 2289 obsidionem
766 2270 782 2296 ,
812 2228 1021 2298 aliaque
1045 2227 1210 2281 nmlta
1231 2267 1248 2292 ,
1276 2239 1394 2293 qua:
1422 2236 1672 2277 sermone
1700 2235 1795 2275 ex-

188 2329 347 2400 primi
382 2342 489 2382 non
522 2332 749 2397 possunt
777 2339 791 2377 :
821 2331 881 2377 ut
912 2321 1055 2375 illam
1085 2319 1274 2373 saltem
1304 2315 1565 2371 malorum
1600 2330 1632 2367 n
1657 2313 1796 2367 tbcin

188 2422 563 2484 formidantes,
582 2418 648 2473 ad
675 2414 1018 2487 tranquillum
1038 2421 1250 2483 portum
1267 2409 1539 2479 appellem
1556 2408 1794 2476 cupiant,

187 2526 242 2573 et
268 2518 562 2571 serenitate
603 2510 707 2566 frui
740 2517 993 2580 perpetua
1019 2548 1033 2571 ,
1069 2521 1190 2577 qua:
1218 2519 1324 2558 non
1354 2503 1490 2556 mala
1516 2501 1667 2555 bouis
1696 2498 1796 2554 ad-

188 2607 353 2662 mixta
396 2604 591 2659 habeat
614 2642 632 2668 ,
664 2600 759 2655 sed
798 2600 936 2654 bona
977 2611 1106 2667 pura
1134 2635 1149 2659 ,
1179 2610 1299 2664 qua:
1332 2607 1455 2647 vere
1496 2590 1633 2644 bona
1666 2592 1793 2644 sint.

813 359 883 415 iV
926 357 1234 422 HOSHLIA,
1277 352 1649 412 ADVERSL'S
1687 352 1817 408 EOS
1854 348 1973 420 QUI
2012 346 2148 405 NON
2188 347 2635 413 ADFUERANT,
2674 345 2835 403 ETC.

3403 339 3517 400 ‘73

1898 464 2032 521 Nam
2064 480 2185 535 qua:
2213 462 2300 521 hic
2326 464 2574 519 videntur
2605 464 2742 519 bona
2772 462 2925 527 esse,
2955 470 3013 516 ut
3038 459 3277 524 divitiae,
3306 458 3514 529 gloria.

1901 558 2161 630 patentia,
2185 561 2400 614 nomina
2425 567 2549 613 sunt
2572 556 2834 612 bonorum
2855 564 2909 611 et
2928 554 3216 611 contrariis
3232 553 3470 610 admixta
3495 570 3510 606 :

1897 669 2018 726 qua:
2044 669 2176 708 vero
2205 653 2335 717 illic,
2364 652 2575 707 sincera
2598 659 2651 706 et
2676 666 2805 720 pura
2833 657 2982 715 sunt,
3008 663 3115 705 nou
3148 646 3367 703 nomine
3394 654 3519 701 tan-

1900 756 2050 813 tum,
2096 744 2194 802 sed
2237 762 2298 801 re
2342 744 2733 801 beatitudinem
2777 743 3059 806 habentia.
3107 740 3178 799 Ut
3221 757 3349 811 ergo
3396 738 3517 797 luce

1897 852 2328 907 consequamur,
2357 836 2675 893 aemulemur
2704 844 3000 907 martyrum
3030 833 3284 889 virtutem
3305 875 3320 897 ,
3352 831 3513 889 forti-

1900 926 2140 983 tudinem
2165 969 2182 993 ,
2214 928 2391 983 zelum
2417 967 2433 992 ,
2468 926 2627 983 ﬁdem
2653 966 2669 992 ,
2710 926 3058 996 praesentium
3096 934 3469 995 contemptum
3495 966 3514 990 ,

1901 1019 2200 1075 futurorum
2219 1019 2567 1075 desiderium.
2588 1018 2821 1075 Possunt
2838 1018 2981 1075 enim
3002 1018 3116 1074 haec
3127 1020 3289 1074 etiam
3306 1020 3516 1089 absque

1899 1113 2323 1183 persequutione
2364 1112 2545 1169 omnia
2586 1110 2852 1168 exhiberi.
2894 1112 3120 1168 Etiamsi
3164 1113 3310 1168 enim
3351 1127 3515 1182 rogus

1900 1219 2008 1259 non
2056 1204 2366 1275 propositus
2404 1205 2510 1271 sit,
2542 1214 2597 1259 at
2635 1204 2964 1260 desiderium
3003 1204 3158 1260 adest
3194 1205 3511 1264 ardentius:

1900 1296 2112 1351 etiamsi
2140 1296 2443 1351 belluarum
2470 1295 2662 1351 dentes
2688 1311 2797 1351 non
2824 1295 3023 1362 adsint,
3047 1307 3103 1350 at
3124 1297 3337 1352 animus
3360 1296 3516 1352 adest

1902 1385 2077 1440 bellua
2122 1386 2372 1457 gravior;
2402 1387 2613 1442 etiamsi
2648 1387 2932 1443 carniﬁces
2962 1403 3070 1442 non
3101 1387 3280 1443 adsint
3308 1387 3398 1457 qui
3428 1389 3513 1442 la-

1900 1488 2015 1533 tera
2046 1478 2339 1533 dilacereut
2362 1522 2377 1545 ,
2408 1489 2465 1532 at
2490 1479 2650 1535 instat
2684 1479 2881 1534 invidia
2909 1480 3098 1551 quovis
3123 1480 3379 1537 carniﬁce
3404 1498 3513 1535 53--

1900 1570 2037 1635 vior,
2067 1585 2188 1641 qua:
2217 1569 2457 1625 animum
2486 1571 2729 1626 devorat.
2759 1570 2987 1641 Oportet
3015 1571 3176 1642 igitur
3200 1588 3299 1628 nos
3323 1585 3511 1629 contra

1901 1660 2019 1718 lure
2047 1663 2212 1717 animi
2242 1663 2368 1717 vitia
2399 1675 2681 1734 promptos
2709 1674 2765 1719 et
2796 1663 3087 1733 expeditos
3112 1706 3128 1731 ,
3162 1674 3217 1720 et
3266 1666 3512 1735 philoso-

1899 1754 2133 1825 phorum
2190 1756 2487 1812 ratiociniis
2537 1756 2819 1821 munitos,
2859 1756 2930 1810 ita
2979 1765 3302 1825 praesentem
3345 1758 3511 1812 vitam

1900 1848 2221 1917 transigere,
2260 1858 2317 1901 et
2346 1862 2563 1917 semper
2585 1846 2654 1901 ad
2685 1847 3000 1902 certandum
3030 1858 3246 1916 paratos
3271 1863 3428 1913 esse;
3458 1857 3516 1902 ut

1901 1947 2184 2008 postquam
2227 1938 2437 1993 tantillo
2469 1948 2711 2008 tempore
2750 1936 3180 1993 laboraverimus
3203 1980 3216 2003 ,
3254 1920 3516 2009 peipetuo

1901 2045 2261 2095 coronemur,
2290 2042 2346 2087 et
2376 2032 2771 2087 immortalibus
2803 2031 3042 2087 fruamur
3073 2033 3227 2088 bouis
3249 2076 3265 2100 ,
3299 2049 3517 2104 semper

1900 2141 2023 2181 cum
2053 2126 2281 2181 Domino
2303 2136 2600 2189 versantes,
2625 2136 2680 2182 et
2704 2127 2977 2182 consortio
3003 2127 3093 2183 illo
3114 2142 3329 2184 onmem
3356 2146 3515 2184 men-

1903 2227 2009 2275 tem
2034 2228 2088 2276 et
2111 2219 2489 2289 cogitationem
2517 2233 2809 2289 superante
2835 2219 3115 2276 fruentes:
3139 2222 3285 2292 quod
3309 2224 3516 2281 utinam

1903 2329 2002 2369 nos
2026 2327 2217 2369 omnes
2240 2328 2657 2383 consequamur,
2682 2315 2852 2384 gratia
2873 2327 2928 2372 et
2950 2315 3281 2387 benignitate
3306 2318 3516 2373 Domini

1903 2405 2075 2461 nostri
2095 2404 2222 2460 Jesu
2243 2404 2464 2473 Christi,
2491 2421 2588 2476 per
2608 2421 2771 2476 quem
2796 2416 2994 2462 etcum
3018 2424 3125 2479 quo
3147 2408 3293 2464 Patri
3314 2410 3516 2480 gloria,

1903 2515 2007 2554 uua
2036 2515 2157 2555 cum
2187 2500 2389 2570 Spiritu
2418 2511 2627 2567 sancto,
2653 2517 2797 2558 nunc
2820 2510 2875 2559 et
2900 2517 3141 2575 semper,
3164 2514 3216 2560 et
3246 2506 3297 2560 iu
3322 2506 3520 2562 ss-eula

1905 2594 2247 2647 strculorum.
2277 2595 2471 2647 Amen.

188 2706 3493 2739 ww

1669 2774 2020 2837 HOMILIA
2058 2776 2171 2838 IV.

192 2910 426 2969 Romilio
457 2906 740 2965 hortatoria
768 2905 957 2987 habitu.
980 2904 1035 2958 in
1080 2902 1271 2973 templo
1298 2909 1491 2955 sanctae
1518 2900 1803 2954 Anastasius

258 3008 507 3063 adversus
533 3019 621 3059 eos
648 3002 736 3071 qui
772 3016 875 3054 non
900 2998 1175 3069 adfuerant
1199 3014 1217 3062 ;
1246 3013 1306 3049 ac
1344 2993 1710 3049 demonstratio
1741 2992 1804 3047 de

260 3096 513 3171 agonibus
538 3106 584 3150 et
611 3092 971 3148 certaminibus
998 3090 1131 3145 beati
1162 3099 1209 3143 et
1226 3088 1356 3159 justi
1386 3086 1418 3140 J
1426 3088 1526 3141 abi.

262 3194 316 3247 1.
360 3189 440 3245 De
465 3188 760 3243 auditorum
792 3183 1049 3255 paucitate
1081 3182 1327 3252 queritur.
1346 3180 1646 3247 —Quauto
1675 3194 1802 3248 pau-

190 3284 368 3340 ciores
409 3281 574 3338 solito
613 3288 741 3334 sunt
788 3276 824 3331 ii
868 3276 957 3346 qui
1000 3280 1375 3329 convenerunt
1400 3315 1414 3337 ,
1446 3282 1595 3325 tanto
1623 3282 1672 3325 et
1707 3284 1805 3325 nos

191 3376 402 3447 majore
433 3383 647 3428 utemur
674 3368 970 3424 alacritate.
1016 3364 1201 3436 Neque
1227 3364 1369 3427 enim
1401 3379 1612 3432 :equum
1648 3362 1807 3417 fuerit

191 3465 499 3523 absentium
538 3462 823 3533 segnitiem
865 3458 1103 3515 studium
1148 3466 1391 3511 uostnnn
1439 3454 1802 3520 labefactare;

194 3560 307 3615 imo
340 3565 626 3629 propterea
669 3553 949 3607 lautiorem
978 3551 1139 3605 etiam
1174 3551 1509 3620 aj-‘poucmus
1540 3562 1803 3613 metuam,

194 3662 252 3705 ut
280 3648 372 3713 qui
403 3662 511 3703 non
542 3644 834 3699 adfuerunt
860 3651 1123 3714 quantum
1156 3640 1336 3695 damni
1371 3641 1513 3710 passi
1568 3642 1676 3694 sint
1712 3654 1806 3693 ex-

196 3742 501 3812 perimento
540 3738 815 3792 discentes
839 3775 855 3801 ,
890 3733 1249 3788 studiosiores
1280 3740 1462 3802 postea
1510 3733 1620 3786 sint
1661 3730 1803 3785 circa

195 3840 496 3887 Conventus
521 3839 754 3884 nostros.
780 3828 906 3883 ldeo
927 3826 1089 3881 etiam
1108 3840 1188 3881 Cm
1204 3826 1389 3880 ilatettt
1411 3836 1643 3878 vcsmuu
1678 3839 1809 3893 rugo

195 3922 359 3981 dictis
386 3921 681 3977 attendatis
711 3934 728 3975 :
755 3919 833 3975 sic
862 3918 1005 3973 enim
1034 3917 1232 3987 duplex
1260 3916 1413 3970 vobis
1444 3915 1648 3969 lucrum
1680 3930 1808 3982 pro-

200 4018 411 4073 veniet:
433 4014 748 4081 absentibus
777 4014 921 4068 enim
949 4012 1089 4067 dicta
1118 4009 1433 4075 referentes,
1454 4008 1808 4063 studiosiores

199 4112 322 4167 illos
345 4108 615 4174 efﬁcietis,
648 4117 703 4161 et
730 4115 961 4160 vestram
988 4105 1224 4157 animam
1256 4100 1611 4171 philosophia:
1640 4102 1811 4165 magis

202 4206 447 4262 deditam
490 4202 752 4257 reddetia.
792 4194 1267 4265 Quemadmodum
1313 4188 1461 4244 enim
1504 4198 1668 4244 terrae
1708 4202 1806 4241 na-

204 4307 331 4352 tura
373 4297 420 4351 si
466 4293 793 4363 negligatur,
828 4289 1027 4344 herbas
1063 4288 1265 4344 emittit
1316 4284 1517 4352 inalas;
1556 4284 1642 4339 sin
1673 4298 1806 4339 vero

202 4388 513 4458 frequenter
533 4383 890 4456 agricolarum
910 4379 1157 4434 manibus
1180 4378 1404 4440 fruatur,
1429 4379 1655 4431 fructum
1688 4378 1809 4432 red-

200 4482 281 4535 dit
314 4488 580 4533 maturum
613 4493 627 4529 :
656 4476 737 4530 sic
774 4487 828 4528 et
856 4473 1088 4527 hominis
1108 4472 1309 4535 anima,
1339 4486 1459 4541 qua:
1492 4470 1543 4523 iu
1582 4471 1809 4541 segnitie

200 4572 366 4642 jacet,
390 4569 711 4625 delictorum
735 4566 915 4635 spinas
934 4563 1093 4635 parit,
1114 4578 1233 4631 qua:
1263 4577 1390 4614 vero
1420 4561 1660 4616 studiose
1682 4562 1814 4615 coli-

203 4676 311 4722 tur.
344 4671 653 4719 comantem
682 4659 895 4713 virtutis
923 4655 1314 4711 fert'frut-tum.
1333 4655 1457 4710 Ideo
1483 4670 1696 4726 quoque
1724 4670 1812 4708 sa-

203 4758 357 4827 piens
375 4753 595 4825 quidam
625 4752 901 4814 admonet,
924 4750 1134 4806 dicens:
1159 4748 1321 4813 Quasi
1339 4765 1458 4817 ager
1484 4758 1554 4802 est
1587 4750 1662 4801 vir
1690 4749 1819 4802 stul-

204 4863 308 4915 tus,
343 4859 391 4904 et
420 4848 569 4917 quasi
595 4847 742 4900 vinea
769 4846 843 4899 vir
872 4853 1039 4897 mente
1065 4858 1243 4895 carens
1264 4859 1281 4905 ;
1303 4842 1344 4895 si
1373 4842 1637 4905 reliqueris
1665 4857 1813 4908 eum,

205 4953 419 5008 arescet,
446 4954 598 5013 atque
625 4939 889 4995 inutilibus
916 4935 1082 4991 herbis
1111 4936 1390 4990 luxuriabit
1409 4934 1591 5004 (Prov.
1610 4935 1700 4991 24.
1725 4938 1813 4992 50.

205 5037 272 5093 ει
297 5038 341 5107 ).
390 5035 470 5091 Nc
512 5033 675 5105 igitur
714 5030 818 5086 hoc
857 5044 999 5084 nunc
1038 5028 1252 5083 eveniat
1276 5069 1290 5089 ,
1325 5024 1635 5097 frequenter
1668 5026 1816 5081 verbi

209 5134 402 5188 falcem
431 5130 813 5195 immittitnus;
844 5138 899 5184 et
924 5129 968 5183 si
997 5128 1121 5199 quid
1143 5127 1266 5181 mali
1297 5128 1582 5197 germinet,
1603 5127 1820 5199 assidue

208 5235 591 5298 amputantus;
626 5222 674 5277 si
712 5222 840 5291 quid
870 5231 1050 5276 autem
1090 5230 1476 5292 opportuutnn,
1499 5220 1543 5274 si
1589 5220 1818 5277 fruetmu

211 5318 419 5371 habens
444 5358 459 5379 ,
499 5315 767 5370 nutrimus
806 5321 861 5368 et
904 5313 1188 5384 irrtgamus
1210 5353 1224 5378 ,
1257 5321 1312 5366 et
1345 5312 1411 5365 ad
1456 5314 1817 5365 maturitatem

210 5413 571 5477 adducimus,
613 5407 888 5463 assiduam
933 5408 1011 5462 rei
1056 5422 1243 5462 curam
1284 5405 1564 5461 habentes.
1614 5405 1820 5474 Duplici

210 5504 353 5559 enim
379 5545 397 5569 ,
430 5502 541 5558 imo
569 5500 769 5571 triplici
800 5514 1019 5571 egemus
1059 5487 1391 5568 providentia
1416 5513 1431 5563 ;
1460 5497 1637 5568 primo
1660 5538 1675 5562 ,
1707 5504 1761 5551 ttt
1791 5511 1821 5552 a

212 5596 451 5664 nequitia
496 5593 825 5657 liberemur;
857 5589 1133 5658 secundo,
1167 5598 1221 5643 ut
1256 5590 1505 5644 virtutem
1538 5588 1821 5659 possidea-

214 5702 361 5747 mus;
397 5685 463 5739 ad
497 5684 615 5740 lucc
640 5698 790 5748 vero,
818 5692 877 5738 ut
904 5682 1222 5753 acquisitam
1250 5682 1504 5737 virtutem
1528 5697 1819 5737 conserve-

213 5782 374 5833 tntis:
406 5776 496 5833 ubi
523 5775 762 5832 maxime
786 5774 946 5830 etiam
976 5774 1147 5829 ntulto
1176 5772 1360 5829 labore
1390 5784 1475 5829 est
1502 5790 1659 5843 opus.
1688 5772 1820 5827 Nam

215 5869 475 5942 malignus
500 5868 725 5926 damon
755 5865 892 5923 bona
916 5866 1268 5939 operantibus
1295 5867 1449 5925 nobis
1479 5869 1648 5939 magis
1679 5867 1817 5925 iuvi-

1908 2900 2038 2966 dct,
2082 2909 2138 2957 et
2184 2901 2322 2959 bene
2368 2912 2659 2978 operantes
2692 2902 2896 2960 invadit
2927 2922 2939 2961 :
2969 2921 3034 2961 ac
3076 2908 3217 2962 sicut
3258 2908 3445 2978 pirata:
3475 2912 3523 2965 sl

1907 3007 2069 3063 quam
2101 2994 2276 3048 navim
2303 2994 2523 3049 videant
2548 3011 2710 3051 arena
2740 3006 3016 3063 onustam,
3047 3010 3408 3070 prmtereuut;
3438 3003 3522 3057 sin

1907 3101 2040 3143 vero
2055 3088 2298 3143 sarcinas
2314 3089 2578 3157 pretiosas
2593 3100 2647 3143 et
2670 3088 2885 3144 divitias
2910 3088 3195 3159 ferentem,
3227 3092 3365 3148 hanc
3392 3094 3525 3148 ado~

1910 3180 2144 3248 riuntur,
2176 3180 2314 3236 infra
2341 3180 2697 3251 perforantes,
2721 3198 2956 3261 superne
2983 3195 3379 3254 oppugnantes,
3406 3186 3522 3240 nul-

1910 3275 2126 3343 lamque
2153 3274 2457 3328 machinam
2490 3289 2594 3329 non
2624 3274 2883 3329 adhibent
2910 3294 2922 3330 :
2952 3276 3021 3330 ita
3050 3286 3103 3331 ct
3130 3277 3375 3331 diabolus
3404 3278 3527 3332 illos

1913 3368 2147 3422 maxime
2186 3367 2385 3422 adoriri
2427 3368 2604 3435 solet,
2638 3368 2728 3438 qui
2769 3368 2983 3423 virtutis
3020 3370 3232 3441 copiam
3274 3387 3524 3443 magnam

1912 3448 2272 3530 collegerunt,
2306 3459 2544 3530 ipsisque
2575 3460 2819 3515 invidere
2845 3472 2899 3515 et
2932 3462 3155 3517 insidias
3184 3474 3415 3519 struere.

1999 3549 2168 3607 Virtus
2196 3553 2495 3623 impugnata
2520 3553 2579 3622 ﬁt
2606 3554 2878 3623 potentior.
2900 3555 3093 3608 —Tot
3114 3557 3256 3611 enim
3282 3556 3530 3613 homines

1916 3642 1968 3698 in
1996 3644 2127 3699 orbe
2156 3653 2312 3699 erant
2337 3643 2458 3699 Jobi
2492 3654 2767 3716 tempore;
2798 3654 2853 3700 et
2885 3656 3063 3701 tamen
3091 3648 3351 3705 adversus
3380 3650 3528 3704 illum

1914 3737 2089 3791 solum
2135 3752 2257 3792 sese
2304 3738 2537 3792 accinxit
2581 3738 2825 3793 diabolus
2851 3781 2866 3802 ,
2915 3739 3299 3811 machinasque
3340 3758 3532 3797 omnes

1915 3839 2103 3885 contra
2123 3830 2271 3883 illum
2297 3830 2482 3884 movit.
2500 3830 2607 3885 Sed
2629 3846 2732 3885 non
2755 3832 2925 3900 potuit
2944 3832 3140 3886 inferre
3158 3834 3489 3902 naufragium
3512 3851 3528 3899 ;

1917 3922 2047 3990 qttin
2086 3922 2245 3975 etiam
2290 3922 2547 3991 majorem
2594 3922 2862 3977 sarcinam
2904 3922 3082 3977 eﬁ'ecit
3116 3932 3171 3978 et
3208 3925 3532 3993 ampliorem

1919 4015 2364 4084 negotiationem.
2385 4013 2662 4083 Ejusmodi
2696 4015 2838 4069 enim
2870 4025 2951 4069 est
2982 4015 3153 4069 virtus
3182 4017 3530 4087 :impuguata

1922 4109 2197 4178 potentior
2215 4107 2467 4170 efficitur,
2492 4118 2545 4161 et
2570 4109 2778 4163 insidiis
2802 4109 3043 4180 impetita
3063 4110 3229 4164 tutior
3244 4111 3423 4165 evadit
3448 4132 3460 4165 :
3484 4113 3535 4167 itl

1918 4198 2060 4268 quod
2083 4208 2139 4253 et
2162 4200 2212 4265 in
2238 4199 2394 4253 beato
2416 4201 2507 4253 illo
2530 4200 2774 4272 contigit,
2799 4201 2889 4272 qui
2914 4202 3149 4272 undique
3170 4214 3534 4275 oppugnatus,

1922 4290 2128 4344 ﬁrmior
2152 4290 2415 4356 constitit,
2440 4300 2494 4345 et
2520 4291 2665 4347 mille
2690 4292 2811 4346 telis
2834 4294 3080 4362 exceptis
3102 4310 3208 4347 nou
3232 4294 3413 4359 cessit,
3438 4295 3533 4351 sed

1919 4383 2118 4438 diaboli
2164 4383 2472 4453 pharetram
2514 4384 2822 4451 evacuavit;
2866 4384 2982 4453 ipse
3020 4401 3152 4439 vero
3191 4401 3299 4439 non
3341 4388 3535 4442 cecidit

1919 4491 2097 4545 neque
2119 4475 2495 4545 supplantatus
2515 4486 2601 4531 est
2621 4495 2632 4529 ι
2655 4476 2749 4531 sed
2773 4476 2910 4531 sicut
2929 4473 3165 4547 optimus
3183 4480 3531 4547 gubernator,

1924 4583 2024 4621 nec
2052 4568 2262 4622 furente
2282 4568 2415 4621 mari
2439 4577 2493 4621 et
2514 4569 2797 4623 concitatis
2819 4568 3068 4624 ﬁuctibus
3092 4570 3533 4641 immergebatur,

1924 4674 2101 4729 neque
2139 4661 2191 4713 in
2224 4660 2516 4730 tranquillo
2548 4671 2794 4731 tempore
2827 4662 3183 4731 negligentior
3210 4663 3383 4718 factus
3412 4675 3496 4719 est
3524 4682 3538 4729 ;

1925 4752 2020 4806 sed
2054 4752 2107 4806 in
2140 4766 2369 4823 utroque
2398 4763 2702 4822 temporum
2730 4752 3042 4809 discrimine
3075 4771 3259 4825 parem
3290 4758 3544 4813 servabat

1924 4857 2099 4901 artem
2134 4865 2146 4901 :
2175 4860 2228 4903 et
2256 4862 2431 4919 neque
2458 4847 2659 4902 divitia:
2692 4849 2866 4917 ipsum
2900 4849 3177 4915 inflabant,
3210 4866 3386 4922 neque
3410 4868 3545 4923 pau-

1929 4950 2110 5010 pertas
2149 4940 2265 5009 ejus
2304 4940 2542 4994 animum
2581 4940 2935 5010 deprimebat.
2969 4941 3081 4997 Nec
3112 4942 3272 5014 igitur
3299 4960 3422 4998 cum
3458 4961 3545 4999 res

1931 5034 2003 5088 illi
2050 5050 2307 5106 prospere
2338 5035 2630 5100 cederent,
2663 5036 2846 5106 segnis
2884 5044 3039 5101 erat;
3076 5052 3251 5107 neque
3280 5052 3401 5091 cum
3439 5048 3547 5091 tota

1930 5126 2125 5181 domus
2152 5127 2273 5197 ejus
2300 5142 2492 5183 eversa
2548 5136 2693 5181 esset
2733 5138 2787 5182 et
2843 5128 3096 5183 universa
3145 5129 3197 5183 in
3246 5130 3541 5198 perniciem

1934 5220 2147 5283 εει-ηεαδ
2180 5221 2427 5276 turbatus
2451 5228 2567 5285 est,
2596 5235 2697 5275 nec
2722 5236 2751 5275 a
2783 5221 2982 5275 virtute
3010 5223 3423 5291 constantiaque
3452 5240 3546 5277 sua

1934 5313 2175 5369 deﬂexit.
2226 5313 2935 5381 Audiantdivites,audiant
2957 5330 3221 5384 pauperes
3248 5334 3260 5370 :
3287 5316 3551 5372 ambobus

1934 5406 2078 5460 enim
2096 5405 2212 5459 lucc
2234 5408 2677 5463 enarratioutilis
2692 5417 2776 5463 est
2796 5426 2808 5460 :
2826 5408 2934 5462 imo
2952 5424 3082 5464 vero
3103 5408 3357 5465 omnibus
3380 5412 3555 5464 horni-

1933 5498 2090 5553 nibus
2109 5499 2223 5554 hme
2242 5500 2463 5555 historia
2483 5502 2767 5557 utilitatem
2788 5502 3079 5567 affert,tam
3101 5504 3166 5558 iis
3182 5504 3273 5574 qui
3294 5519 3553 5574 prospere

1935 5608 2050 5648 rem
2069 5602 2430 5663 agunt,quam
2452 5594 2516 5649 iis
2535 5596 2624 5664 qui
2645 5598 2697 5651 in
2725 5598 3030 5652 calamitate
3058 5606 3364 5653 versantur.
3388 5598 3555 5655 Utra-

1938 5700 2044 5755 que
2065 5686 2209 5739 euim
2228 5702 2377 5740 arma
2396 5695 2649 5753 tractans,
2676 5689 2890 5758 pietatis
2907 5692 3326 5757 certator,orbis
3353 5692 3560 5747 athleta

1932 5788 2221 5833 coronatus
2242 5822 2257 5844 ,
2287 5779 2339 5833 iu
2373 5789 2600 5851 utroque
2626 5782 2925 5837 certamine
2959 5790 3221 5852 tropmmn
3254 5785 3458 5845 erexit;
3490 5795 3546 5839 et

1935 5874 1988 5929 in
2016 5874 2162 5930 omni
2206 5874 2329 5931 belli
2373 5890 2571 5946 genere
2606 5877 2852 5933 dminouc
2884 5876 2975 5933 illo
3008 5878 3247 5935 irruente
3272 5923 3288 5945 ,
3320 5878 3374 5935 in
3404 5880 3551 5936 omni
