4036 6432
545 352 614 412 79
1190 346 1249 403 ε.
1286 339 1565 400 .IOANNIS
1596 331 2073 393 CHRYSOSTOMI
2116 359 2130 384 ι

2238 327 2434 383 illlEP.
2475 320 3014 382 CONSTANTINOP.

511 481 803 538 certamine
831 479 1003 534 stabat
1029 516 1045 543 ,
1071 484 1128 532 et
1162 475 1213 529 in
1239 472 1487 528 omnibus
1516 468 1685 524 vietor
1724 461 2091 537 proclamaba-

518 584 600 629 tur
626 592 639 627 :
665 586 726 627 ac
746 571 883 626 sicut
912 570 1065 643 miles
1087 579 1377 638 generosus
1402 563 1491 633 qui
1520 562 1681 617 sciret
1705 569 1866 614 noetu
1892 567 2092 625 pugna-

522 680 578 721 re
600 705 619 732 ,
650 678 830 717 muros
858 672 1162 729 oppugnare
1186 699 1201 722 ,
1233 656 1407 711 navali
1439 652 1733 709 certamine
1771 646 2058 714 conﬂigere
2080 685 2098 709 ,

520 753 685 825 pedes
707 761 1034 812 concertare,
1061 762 1212 815 arcu,
1242 747 1446 811 lancea,
1472 742 1653 807 funda,
1686 740 1825 805 telis,
1851 736 2103 804 omnique

524 860 710 916 pugna:
727 858 922 914 genere
941 839 1277 896 adversarios
1295 851 1549 908 superare
1568 844 1622 890 et
1642 833 1835 902 ubique
1857 831 2099 883 vincere:

522 939 601 993 sic
640 937 799 991 etiam
844 948 1138 1004 generosus
1184 930 1273 986 ille
1312 928 1555 1002 quamvis
1598 927 1941 982 tentationem
1982 936 2103 975 cum

520 1026 833 1081 iortitudine
860 1040 1050 1095 magna
1078 1025 1213 1089 tulit,
1244 1037 1272 1075 a
1302 1030 1685 1095 paupertate,a
1715 1018 1874 1079 fame,
1902 1030 1930 1069 a
1961 1029 2106 1068 mor-

523 1119 629 1183 bo,
657 1132 689 1173 a
731 1117 915 1172 dolore
941 1158 956 1184 ,
1000 1133 1030 1169 a
1077 1114 1305 1169 filiorum
1349 1112 1619 1183 pernicie,
1665 1110 1733 1163 ab
1775 1106 1996 1169 amicis,
2039 1102 2110 1157 ab

524 1210 755 1267 inimicis
778 1252 794 1277 ,
826 1210 896 1265 ab
931 1223 1099 1264 uxore
1122 1248 1137 1272 ,
1168 1222 1197 1259 a
1241 1206 1409 1260 servis
1453 1212 1711 1273 paratam.
1744 1199 1926 1269 Neque
1965 1196 2107 1251 enim

527 1306 757 1360 humana
785 1304 1060 1359 calamitas
1090 1301 1194 1355 ulla
1224 1307 1308 1353 at
1329 1340 1343 1363 ,
1388 1312 1507 1367 quae
1538 1312 1644 1350 non
1678 1295 1729 1348 in
1768 1307 1963 1362 corpus
1993 1290 2110 1358 ejus

528 1397 730 1453 inﬂicta
778 1390 1251 1451 fueritAttamen
1299 1391 1501 1446 retibus
1537 1388 1785 1443 omnibus
1822 1394 1876 1439 et
1914 1381 2110 1442 diaboli

529 1489 704 1547 illiciis
744 1489 985 1558 superior
1015 1486 1111 1540 fuit
1139 1503 1153 1538 :
1180 1483 1427 1555 quodque
1464 1479 1757 1536 mirabilius
1785 1484 1901 1543 est,
1933 1473 2109 1529 omnia

531 1583 583 1635 in
614 1581 761 1634 illum
794 1578 1103 1645 irruebant,
1137 1575 1315 1632 omnia
1342 1590 1462 1630 eum
1490 1570 1864 1643 exsuperantia
1890 1610 1905 1635 ,
1934 1565 2112 1622 omnia

534 1686 639 1726 uno
666 1679 928 1740 tempore.

601 1762 656 1816 2.
689 1760 766 1816 Ne
790 1761 931 1817 enim
959 1758 1059 1813 hoc
1084 1757 1255 1813 solum
1282 1754 1591 1813 consideres
1608 1794 1623 1819 ,
1650 1751 1791 1824 quod
1821 1758 1960 1806 tanta
1989 1763 2115 1820 pas-

534 1870 627 1910 sus
648 1854 737 1919 sit,
760 1852 853 1908 sed
881 1852 1036 1915 adde,
1063 1867 1166 1906 non
1194 1850 1466 1921 paulatim,
1491 1860 1663 1916 neque
1686 1843 1814 1898 dato
1838 1841 2117 1897 intervallo

535 1946 663 2007 ullo,
692 1943 787 1998 sed
817 1942 991 1997 omnia
1019 1941 1175 1997 simul
1201 1949 1255 1997 et
1280 1954 1385 1994 uno
1413 1950 1670 2008 tempore.
1705 1934 1820 1990 Non
1849 1934 2117 1988 modicum

534 2041 712 2090 autem
748 2033 875 2089 illud
913 2042 994 2089 est
1028 2033 1379 2088 tcutationum
1410 2030 1831 2085 additamentum
1863 2043 1876 2079 :
1905 2026 1958 2081 in
1988 2025 2117 2081 reli~

536 2127 656 2195 quis
685 2126 825 2181 enim
870 2125 1172 2180 hominibus
1208 2124 1435 2193 primum
1467 2135 1625 2177 nemo
1656 2119 1954 2173 inveniatur
1976 2157 1991 2181 ,
2030 2116 2120 2186 qui

537 2219 715 2272 omnia
744 2216 904 2272 simul
934 2217 1161 2285 patiatur
1180 2254 1195 2279 ,
1223 2213 1317 2269 sed
1346 2213 1389 2268 si
1415 2228 1535 2268 cum
1567 2218 1876 2282 paupertate
1901 2223 2121 2263 concer-

539 2320 653 2374 tet,
698 2310 835 2363 bona
882 2317 1057 2362 tamen
1100 2306 1403 2361 valetudine
1448 2303 1679 2369 fruitur;
1724 2302 1769 2357 si
1814 2308 2123 2370 paupertate

538 2399 699 2455 simul
753 2409 806 2453 et
857 2398 1045 2452 morbo
1088 2395 1571 2461 circumveniatur,
1616 2402 1671 2447 at
1713 2406 1857 2461 saepe
1902 2404 2123 2445 uxorem

542 2493 703 2548 habet
738 2491 805 2546 ad
844 2493 1023 2562 gravia
1064 2489 1310 2560 patienda
1350 2488 1599 2544 solatium
1627 2485 1971 2548 alferentem,
2004 2497 2125 2554 qua:

544 2594 729 2655 portus
757 2584 921 2637 instar
947 2582 1045 2650 ipsi
1075 2583 1178 2646 sit;
1210 2581 1292 2636 sin
1323 2595 1421 2636 nec
1448 2593 1672 2634 uxorem
1702 2576 1897 2631 habeat
1928 2574 2084 2629 talem
2107 2614 2122 2639 ,

543 2686 598 2730 at
638 2691 743 2730 non
783 2690 899 2729 eam
942 2683 1117 2729 tamen
1152 2688 1270 2743 quae
1305 2672 1375 2726 ita
1417 2670 1715 2741 perniciosa
1740 2666 2015 2732 consulat;
2044 2666 2126 2719 sin

541 2771 702 2823 etiam
732 2768 800 2823 ita
830 2766 1124 2836 perniciosa
1152 2764 1545 2829 consulentem,
1573 2771 1627 2816 at
1651 2776 1755 2816 non
1783 2760 1920 2814 illius
1940 2770 2130 2813 omnes

544 2876 655 2917 uno
679 2860 934 2930 temporis
974 2868 1248 2915 momento
1273 2854 1566 2923 amittit;si
1590 2855 1749 2910 etiam
1792 2867 1902 2907 uno
1926 2862 2131 2922 tempo-

545 2954 623 3008 ris
652 2959 925 3007 momento
946 2989 962 3014 ,
988 2958 1043 3003 at
1062 2965 1166 3005 non
1202 2948 1295 3005 tali
1321 2948 1514 3013 modo;
1542 2946 1589 3002 si
1612 2946 1704 3002 illo
1723 2942 1903 3011 modo,
1926 2952 1981 2997 et
2000 2941 2134 2997 ami-

547 3059 644 3100 cos
668 3043 831 3099 habet
856 3041 946 3113 qui
972 3058 1032 3098 se
1059 3041 1438 3107 consolentur;
1468 3040 1513 3096 si
1552 3028 2052 3100 non‘consolentur,
2080 3042 2135 3089 at

549 3154 659 3194 non
706 3136 985 3193 domestici
1042 3136 1330 3201 insultant;
1359 3136 1443 3191 sin
1490 3134 1769 3198 insultant,
1809 3141 1865 3187 at
1905 3147 2009 3185 non
2059 3129 2133 3185 illi

548 3229 709 3285 etiam
760 3231 813 3284 in
853 3226 1043 3284 faciem
1084 3236 1422 3299 conspuunt;
1466 3226 1514 3283 si
1550 3236 1729 3283 autem
1781 3226 1855 3281 illi
1887 3226 2047 3280 etiam
2080 3224 2134 3279 in

548 3322 738 3378 faciem
763 3329 1081 3389 conspuant,
1114 3331 1170 3374 at
1198 3336 1303 3374 non
1342 3319 1435 3376 ille
1469 3318 1563 3373 tali
1611 3317 1799 3373 morbo
1824 3319 2133 3381 detinetur;

550 3415 596 3470 si
644 3414 734 3468 tali
787 3413 976 3469 morbo
1022 3411 1315 3473 detinetur,
1370 3418 1548 3465 tamen
1577 3410 1851 3466 domicilio
1902 3418 1955 3465 et.
1997 3408 2136 3464 lecto

550 3506 780 3571 fruitur;
814 3520 988 3575 neque
1028 3504 1082 3558 in
1114 3503 1240 3560 timo
1268 3502 1459 3570 sedet;
1507 3504 1552 3557 si
1600 3503 1786 3556 inlimo
1828 3500 2033 3565 sedeat,
2082 3508 2137 3555 at

538 3597 721 3653 habet
742 3598 831 3667 qui
859 3594 959 3651 sibi
990 3610 1228 3662 manum,
1266 3596 1575 3666 porrigant;
1622 3595 1668 3650 si
1709 3610 1814 3649 non
1858 3593 2019 3648 habet
2045 3592 2135 3663 qui

554 3690 656 3745 sibi
704 3704 919 3744 manum
972 3687 1269 3758 porrigant,
1306 3696 1361 3741 at
1405 3703 1511 3741 non
1544 3686 1705 3742 habet
1744 3687 1831 3757 qui
1860 3693 2046 3741 contra
2075 3700 2134 3740 se

557 3780 897 3838 invehantur.
926 3778 1021 3834 ilic
1046 3789 1223 3834 autem
1257 3778 1344 3831 illa
1375 3778 1553 3832 omnia
1584 3779 1865 3843 sustinuit;
1892 3776 2140 3846 quodque

558 3874 855 3929 mirabilius
894 3882 1012 3936 est,
1046 3862 1099 3926 ui
1124 3872 1233 3942 jam
1264 3872 1405 3937 dixi,
1450 3872 1627 3925 omnia
1680 3871 1835 3925 simul
1864 3888 1877 3923 :
1902 3872 2043 3940 quod
2090 3870 2141 3924 id

558 3967 724 4023 efﬁcit
771 3974 828 4022 ut
882 3967 1020 4021 mala
1062 3966 1225 4035 duplo
1272 3978 1326 4020 et
1392 3964 1553 4035 triplo
1605 3964 1807 4033 majora
1860 3963 2140 4017 videantur

558 4074 704 4124 esse,
749 4057 962 4129 quando
1001 4057 1046 4111 is
1082 4058 1173 4127 qui
1203 4071 1323 4111 cum
1353 4057 1507 4110 malis
1532 4066 1803 4111 conccrtat
1826 4095 1841 4121 ,
1874 4070 1939 4110 ne
1965 4056 2141 4124 respi-

560 4152 714 4207 randi
765 4150 979 4222 quidem
1020 4148 1267 4203 solatium
1304 4148 1489 4214 habet,
1543 4148 1637 4203 sed
1677 4164 1742 4203 ex
1795 4148 2145 4205 continuitate

562 4244 748 4299 inflicti
787 4242 909 4296 mali
940 4243 1107 4310 major
1139 4242 1293 4296 dolor
1321 4251 1375 4297 et
1403 4242 1730 4310 perturbatio
1760 4243 1931 4296 oritur
1960 4260 1973 4295 :
2003 4244 2143 4313 quod

566 4336 653 4389 hic
691 4333 930 4403 contigit.
988 4330 1120 4386 Nam
1164 4332 1341 4386 ovium
1396 4331 1686 4400 perniciem
1739 4342 1793 4387 et
1844 4332 2145 4387 incendium

565 4427 774 4495 excepit
810 4426 971 4480 boum
1007 4421 1191 4493 rapina
1216 4466 1229 4488 ,
1271 4434 1323 4479 et
1355 4426 1491 4479 hanc
1520 4424 1826 4492 asinorum;
1860 4424 1996 4481 hanc
2021 4442 2149 4483 vero

565 4518 889 4573 camelorum
912 4526 1128 4586 captura
1149 4525 1205 4569 et
1228 4530 1506 4572 servorum
1529 4515 1738 4581 cades;
1770 4517 1924 4571 istam
1944 4533 2071 4573 vero
2096 4521 2149 4573 ti-

568 4614 756 4667 liorum
780 4612 1059 4681 pernicies,
1079 4620 1132 4665 et
1154 4609 1388 4665 terribile
1412 4608 1538 4664 illud
1567 4610 1941 4681 insolitumque
1962 4608 2151 4671 inertis

566 4718 738 4775 genus
764 4702 1172 4771 horribiliusque
1195 4702 1498 4771 sepulcrum
1525 4700 1773 4772 (idipsnm
1794 4705 1935 4758 enim
1959 4713 2014 4759 et
2036 4708 2151 4761 exi-

570 4798 700 4851 tium
730 4804 785 4851 et
822 4793 1122 4864 sepulcrum
1165 4792 1297 4864 fuit)
1324 4802 1378 4847 et
1407 4808 1589 4848 mensa
1615 4836 1631 4862 ,
1658 4811 1777 4866 qua:
1806 4811 1947 4851 nunc
1973 4797 2148 4859 cibum

569 4886 835 4943 sumentia
868 4892 1093 4957 corpora
1119 4925 1135 4952 ,
1176 4900 1318 4940 nunc
1345 4885 1557 4940 concisa
1599 4888 1839 4956 excepit;
1870 4900 1923 4943 et
1961 4890 2151 4957 phialae

568 4991 727 5048 atque
754 4979 937 5046 pocula
960 4992 1080 5033 eum
1102 4978 1225 5032 vino
1248 4977 1559 5047 sanguinem
1581 4980 1917 5050 excipictuia,
1942 4994 1995 5036 ct
2019 4998 2151 5039 eon-

570 5072 680 5125 cisa
713 5071 968 5124 membra.
1003 5070 1247 5123 Attamen
1288 5079 1405 5138 post
1436 5068 1573 5125 hanc
1596 5085 1811 5140 gravem
1842 5075 2150 5143 tragmdiam

572 5161 814 5231 graviora
841 5160 942 5214 alia
973 5175 1156 5214 rursus
1180 5176 1301 5214 eum
1334 5170 1588 5225 manent,
1616 5176 1738 5216 cum
1765 5178 1830 5218 ne
1859 5166 1939 5220 vel
1972 5169 2150 5221 tantil-

575 5254 684 5307 lum
730 5254 1062 5322 respirasset.
1103 5252 1235 5308 Hine
1275 5256 1419 5309 enim
1462 5256 1719 5310 vermium
1762 5259 2151 5329 scaturigines,

573 5345 740 5399 saniei
772 5343 986 5408 “uetita,
1017 5344 1068 5398 in
1097 5345 1219 5398 lituo
1248 5346 1426 5409 sedes,
1461 5354 1595 5401 testa
1620 5363 1738 5417 quae
1767 5348 1928 5403 latera
1961 5351 2151 5420 radat,

572 5440 852 5491 vulnerum
879 5434 1054 5501 fmtor,
1078 5437 1166 5505 qui
1190 5452 1389 5490 novum
1413 5438 1539 5492 illud
1566 5437 1718 5496 famis
1738 5456 1903 5511 genus
1927 5442 2157 5509 induxit,

574 5544 637 5583 ac
662 5544 727 5583 ne
752 5538 1043 5599 praesentes
1062 5527 1277 5598 quidem
1298 5527 1448 5585 cibos
1471 5540 1687 5601 tangere
1708 5534 1888 5587 sitiens
1906 5576 1919 5598 ,
1942 5537 2159 5602 gravius

576 5620 688 5689 ipsa
718 5622 855 5675 fame
888 5620 1153 5677 fastidium
1182 5620 1462 5675 inducebat
1492 5639 1505 5677 :
1533 5632 1586 5677 et
1616 5622 1729 5679 hmc
1758 5640 1864 5679 non
1891 5625 2117 5681 duorum
2136 5670 2151 5693 ,

576 5726 684 5766 non
709 5712 928 5777 decem,
955 5728 1061 5767 non
1087 5711 1270 5782 viginti
1294 5753 1308 5778 ,
1341 5727 1446 5767 non
1470 5723 1682 5769 centum
1710 5716 1916 5771 dierum
1946 5719 2153 5787 spatio,

576 5802 668 5859 sed
696 5802 939 5874 plurimis
964 5804 1253 5863 mensibus.
1286 5804 1469 5876 Neque
1498 5804 1584 5861 hic
1600 5817 1860 5864 steterunt
1884 5826 2155 5881 corporea:

3698 317 3806 371 680

2209 468 2541 523 calamitates
2570 485 2582 519 :
2613 464 2707 520 sed
2736 479 2855 518 cum
2888 464 2937 517 in
2974 463 3073 516 hoc
3102 469 3242 516 statu
3271 460 3357 515 ille
3393 467 3531 513 esset
3564 466 3620 514 et
3651 462 3807 513 ntuli-

2208 575 2310 631 que
2340 562 2685 623 cruciaretur,
2716 558 2878 617 intus,
2906 555 3263 619 extrinsecus,
3289 554 3469 609 uxoris
3494 554 3658 607 etiam
3692 569 3807 604 nm-

2209 652 2382 707 china:
2428 667 2549 704 eum
2597 647 3063 719 aggrediebantur.
3116 644 3383 701 [lunonis
3416 644 3580 697 telum
3610 642 3809 697 effecta

2210 743 2400 811 conjux
2430 782 2444 805 ,
2476 742 2649 794 virum
2700 753 2857 793 suum
2905 738 3080 807 lingua
3111 736 3342 806 impetit,
3373 746 3423 791 et
3466 746 3627 805 pacto
3670 735 3809 789 inito

2211 849 2329 889 cum
2372 832 2607 898 diabolo,
2658 831 2806 884 illum
2851 830 2971 885 telis
3018 837 3317 899 oppugnat,
3374 828 3437 881 iis
3466 844 3587 896 qua:
3640 841 3807 895 supra

2212 926 2442 982 diximus
2469 925 2837 979 acerliioribus
2870 931 2925 977 et
2952 921 3442 992 pcrniciosiuribus.
3493 920 3679 990 Neque
3722 920 3810 977 hic

2217 1017 2311 1071 fuit
2346 1016 2693 1071 certaminum
2748 1013 2907 1077 finis;
2937 1012 3031 1067 sed
3074 1011 3219 1065 initia
3251 1027 3435 1066 rursus
3461 1023 3506 1067 et
3543 1012 3808 1080 prcmmia

2214 1109 2346 1162 aciei
2401 1115 2576 1161 erant.
2634 1106 2767 1172 Quia
2826 1105 2969 1160 enim
3027 1104 3158 1159 nihil
3215 1104 3336 1159 inde
3390 1105 3627 1159 lucratus
3694 1117 3813 1159 erit

2215 1199 2479 1265 diabolus,
2537 1200 2830 1253 amicorum
2886 1197 3085 1252 chorus
3127 1197 3355 1251 accessit
3382 1236 3398 1261 ,
3444 1198 3529 1268 qui
3576 1199 3811 1253 comini-

2216 1294 2505 1348 serantinm
2556 1290 2737 1361 specie
2782 1290 3117 1344 inimicorum
3161 1304 3312 1344 more
3370 1290 3611 1345 insiliunt
3642 1292 3694 1343 in
3723 1291 3813 1359 ja-

2216 1395 2447 1445 ccnlem,
2469 1394 2522 1437 et
2551 1382 2734 1438 ulcera
2775 1379 3038 1438 refricant
3074 1381 3176 1437 sibi
3217 1391 3404 1435 mutuo
3433 1384 3819 1449 succedentes,

2219 1491 2391 1545 neque
2419 1476 2683 1544 respirare
2726 1473 2985 1537 sinentes,
3021 1472 3201 1528 multis
3236 1473 3456 1528 circulis
3486 1474 3660 1543 ipsum
3700 1476 3817 1529 cir-

2218 1570 2534 1626 eumdantes
2584 1566 2966 1639 crudelemque
3023 1575 3241 1636 agentes
3296 1565 3571 1622 choream.
3628 1568 3826 1622 Dicam

2219 1662 2379 1715 etiam
2441 1660 2614 1715 noctis
2688 1658 3079 1714 intolerabilem
3127 1657 3473 1713 tentationem
3504 1700 3520 1723 ,
3575 1675 3697 1729 qua:
3760 1668 3826 1715 et

2222 1752 2333 1823 ipsa
2366 1766 2500 1806 nova
2550 1750 2871 1820 insolitaque
2916 1750 3070 1805 erat?
3104 1749 3326 1805 Cteteris
3365 1766 3596 1821 namque
3635 1751 3821 1806 homi-

2222 1843 2380 1900 nibus
2399 1844 2675 1909 omnibus,
2708 1842 2833 1899 licet
2857 1843 3133 1897 innumera
3164 1843 3433 1913 patiantur
3452 1844 3659 1913 gravia,
3692 1844 3824 1898 licet

2224 1938 2277 1997 in
2303 1954 2521 1995 carcere
2548 1939 2807 2005 habitent,
2838 1938 2960 1993 licet
2988 1946 3176 1993 catena
3206 1938 3663 2008 constringaniur,
3694 1938 3825 1992 licet

2224 2030 2551 2087 Calamitates
2600 2028 2916 2101 deplorent,
2967 2029 3091 2085 licet
3134 2030 3377 2100 corporis
3426 2030 3824 2085 mutilationem

2227 2126 2495 2194 patiantur
2515 2163 2530 2187 ,
2557 2123 2682 2177 licet
2712 2122 2850 2177 fame
2879 2131 3189 2192 premantur
3216 2131 3270 2176 et
3299 2123 3485 2177 morbo
3513 2122 3825 2177 laboribus-

2226 2232 2329 2287 que
2350 2226 2403 2271 et
2424 2214 2711 2278 aerumnis;
2739 2223 2973 2269 attamen
2998 2228 3101 2268 nox
3123 2212 3414 2268 adveniens
3435 2214 3828 2269 consolationis

2230 2309 2572 2380 pharmacum
2622 2307 2878 2375 adducit,
2923 2322 3120 2377 corpus
3161 2306 3433 2361 laboribus
3470 2323 3694 2362 vacuum
3724 2352 3736 2368 .
3772 2317 3831 2363 et

2227 2403 2459 2456 animam
2502 2416 2531 2454 a
2572 2399 2716 2454 curis
2757 2398 2976 2453 liberam
3015 2396 3291 2452 dimittens
3324 2416 3338 2453 :
3370 2396 3493 2453 huic
3524 2413 3654 2452 vero
3697 2407 3833 2452 tunc

2228 2496 2390 2551 etiam
2424 2502 2607 2563 portus
2638 2491 2690 2547 in
2721 2490 3001 2561 scopulum
3032 2504 3219 2545 versus
3242 2500 3363 2554 est,
3396 2498 3451 2544 et
3478 2490 3834 2560 pharmacum

2230 2584 2330 2640 fuit
2385 2587 2552 2649 ulcus,
2613 2582 2912 2637 consolatio
2954 2581 3216 2652 gravioris
3254 2580 3701 2649 terribiliorisque
3729 2581 3836 2636 do-

2232 2677 2363 2736 loris
2425 2675 2870 2739 additamentum,
2943 2683 3234 2744 tempestas
3285 2673 3384 2743 ipsi
3450 2674 3552 2727 fuit
3616 2673 3668 2728 in
3727 2689 3835 2728 no-

2232 2779 2343 2835 cte,
2374 2785 2493 2839 quae
2544 2768 2754 2822 caeteris
2800 2765 3102 2821 hominibus
3155 2766 3293 2835 parit
3336 2764 3833 2835 tranquillitatem:

2234 2870 2290 2917 et
2312 2859 2545 2930 fugiebat
2572 2857 2789 2929 quidem
2820 2858 2909 2913 ille
2938 2858 3088 2927 quasi
3114 2872 3143 2911 a
3174 2856 3419 2912 fluctibus
3442 2872 3472 2911 a
3498 2856 3585 2913 die
3606 2898 3622 2923 ,
3648 2858 3721 2912 ob
3747 2858 3837 2913 in-

2237 2951 2541 3009 tolerabiles
2573 2952 2695 3005 illos
2720 2949 2969 3015 dolores;
3002 2949 3205 3005 invenit
3233 2957 3410 3003 autem
3442 2948 3634 3004 ﬂuctus
3660 2950 3838 3006 decu-

2236 3059 2428 3100 manos
2450 3084 2466 3110 ,
2500 3042 2729 3098 vortices
2753 3082 2769 3110 ,
2803 3051 2981 3112 petras
3006 3050 3060 3096 et
3088 3055 3213 3096 saxa
3246 3041 3462 3096 latentia
3486 3081 3503 3109 ,
3536 3042 3606 3097 ita
3638 3052 3695 3097 ut
3718 3043 3837 3114 jam

2237 3136 2343 3191 diei
2375 3135 2570 3190 ﬂuetus
2596 3141 2825 3205 optaret.
2856 3133 2978 3189 Ideo
3003 3136 3164 3189 etiam
3193 3133 3328 3205 ipse,
3361 3134 3463 3189 hoc
3494 3150 3689 3190 novum
3722 3152 3841 3190 ina-

2239 3229 2350 3284 lum
2387 3242 2648 3284 etiarraus
2667 3270 2681 3293 ,
2716 3226 2980 3283 clamabat
3015 3226 3203 3283 dicens
3232 3244 3248 3281 :
3278 3226 3339 3283 Si
3375 3228 3607 3283 accubent
3629 3269 3647 3295 ,
3676 3231 3797 3285 dico
3822 3275 3839 3297 ,

2243 3319 2460 3385 Quando
2501 3320 2608 3372 dies
2650 3319 2784 3371 erit?
2822 3318 2865 3373 st'
2906 3334 3152 3390 surgant,
3192 3318 3343 3382 diro,
3380 3319 3597 3386 Quando
3625 3336 3843 3392 vespera

2241 3412 2387 3484 (Job
2415 3413 2468 3467 7.
2506 3412 2541 3467 4
2566 3411 2620 3481 )?
2648 3410 2761 3481 Qua
2796 3412 2866 3466 de
2894 3426 3055 3466 causa
3079 3452 3096 3476 ,
3126 3410 3214 3467 die
3256 3410 3427 3465 mihi?
3470 3416 3593 3467 nam
3635 3415 3687 3466 in
3751 3416 3843 3472 die

2243 3503 2457 3575 quidem
2498 3501 2620 3572 jure
2659 3508 2871 3557 noctem
2921 3501 3193 3571 requiris:
3225 3516 3505 3571 vesperam
3553 3504 3698 3558 enim
3752 3505 3844 3560 iilc

2243 3607 2454 3654 noctem
2498 3604 2676 3662 vocat,
2704 3610 2825 3665 qua:
2872 3610 2902 3649 a
2949 3594 3159 3650 diurnis
3209 3595 3365 3649 malis
3400 3580 3509 3651 dat.
3547 3596 3793 3667 requiem
3827 3620 3840 3651 :

2244 3707 2365 3746 cum
2393 3700 2570 3744 autem
2602 3704 2713 3743 nox
2745 3687 2986 3751 advenit,
3017 3696 3144 3742 tunc
3176 3686 3332 3742 adest
3368 3689 3758 3758 tranquillitas,
3789 3702 3846 3746 et

2247 3784 2495 3839 dolorum
2527 3780 3059 3850 sollicitudinumque
3102 3779 3330 3835 oblivio.
3358 3780 3469 3835 Cur
3496 3796 3626 3851 ergo
3649 3798 3850 3840 rursus

2246 3878 2387 3931 diem
2433 3874 2699 3945 requiris?
2753 3873 2886 3941 Quia
2935 3872 3066 3928 mihi
3113 3888 3217 3927 nox
3263 3874 3351 3929 die
3395 3874 3671 3929 molestior
3713 3888 3845 3932 est:

2248 3983 2421 4037 neque
2458 3969 2601 4021 enim
2646 3961 2774 4021 milii
2804 3966 3192 4021 immunitatem
3235 3982 3263 4018 a
3295 3966 3565 4021 laboribus
3598 3980 3848 4039 praestat,

2247 4062 2343 4118 sed
2376 4076 2560 4117 eorum
2596 4069 2942 4131 augmentum
2972 4066 3028 4113 et
3068 4059 3330 4114 tumultus
3356 4068 3517 4129 atque
3557 4060 3815 4128 perturba
3835 4093 3849 4102 -

2250 4156 2423 4209 tiones
2453 4171 2467 4208 :
2498 4163 2659 4223 atque
2702 4152 2804 4207 hoc
2846 4152 3019 4223 ipsum
3057 4151 3337 4207 declarans
3378 4152 3589 4208 dicebat
3622 4171 3636 4207 :
3667 4153 3855 4212 Terra

2250 4263 2328 4300 me
2363 4246 2415 4299 in
2453 4244 2747 4309 insomniis,
2780 4253 2826 4297 et
2853 4245 2905 4297 in
2934 4243 3050 4299 vitis
3079 4259 3159 4297 me
3186 4243 3419 4311 percellit
3447 4243 3607 4317 (Ibid.
3648 4259 3692 4296 υ.
3737 4249 3851 4317 Μ).

2252 4338 2463 4393 Etenim
2495 4338 2891 4406 perterrebatur
2922 4336 3215 4390 tremendis
3249 4334 3351 4391 illis
3383 4339 3660 4393 nocturnis
3697 4341 3853 4405 visis,

2253 4428 2590 4486 intolerando
2619 4430 2809 4483 timore
2828 4471 2842 4494 ,
2877 4428 3071 4483 mentis
3097 4442 3323 4483 excessu
3356 4437 3565 4485 terrore
3594 4431 3851 4488 obrutus.

2324 4523 2380 4578 3.
2423 4523 2613 4576 Annon
2662 4519 3020 4589 defatigamini
3060 4521 3341 4576 audientes
3388 4530 3495 4576 tam
3540 4522 3853 4594 frequentes

2255 4615 2369 4668 illas
2415 4612 2787 4667 calamitates?
2845 4614 2911 4667 At
2966 4613 3053 4667 ille
3114 4614 3322 4684 patiens
3374 4630 3482 4669 non
3544 4615 3851 4675 fatiscebat.

2254 4705 2611 4773 Quamobrem
2640 4720 2767 4773 rogo
2792 4705 3066 4760 caritatem
3101 4716 3350 4772 vestram,
3373 4706 3549 4761 adhuc
3578 4708 3853 4777 paululum

2254 4796 2572 4866 exspectetis
2622 4812 2636 4847 :
2681 4794 2916 4849 nondum
2962 4795 3105 4849 enim
3157 4796 3623 4865 totunt.dixintus,
3678 4816 3853 4871 neque

2257 4889 2557 4945 addidimus
2608 4888 2829 4943 alteram
2896 4891 3347 4959 exsuperantiam.
3410 4890 3583 4947 Unum
3634 4894 3854 4962 quidem

2257 4992 2395 5045 erat,
2430 4981 2570 5051 quod
2621 4980 2797 5034 omnia
2854 4981 2989 5035 maia
3040 4998 3162 5052 quae
3220 4983 3527 5039 hominibus
3575 4986 3853 5055 accidunt,

2259 5090 2421 5127 unum
2464 5089 2659 5143 corpus
2715 5071 2976 5142 perferret
3020 5088 3033 5127 :
3075 5074 3220 5128 aliud
3272 5090 3421 5139 vero,
3474 5078 3617 5147 quod
3671 5081 3853 5135 omnia

2259 5168 2436 5230 simul,
2467 5182 2564 5221 nec
2580 5168 2660 5220 vel
2683 5166 2957 5220 minimam
2999 5164 3229 5220 habebat
3256 5169 3493 5237 requiem
3525 5171 3606 5224 vel
3637 5172 3855 5229 dilatio-

2261 5278 2405 5317 nem.
2464 5260 2703 5315 Tertium
2746 5260 2947 5315 addere
2985 5261 3106 5314 vqu
3151 5278 3166 5315 :
3218 5262 3487 5331 quodnam
3548 5264 3676 5320 illud
3731 5269 3854 5323 est!

2260 5353 2411 5423 Quod
2467 5353 2731 5407 dicturum
2785 5352 2991 5424 singula
3050 5368 3155 5434 non
3217 5352 3377 5408 modo
3428 5356 3584 5411 simul
3640 5357 3853 5428 ingrue-

2262 5456 2414 5512 runt,
2466 5446 2562 5500 sed
2614 5447 2775 5500 etiam
2832 5458 2955 5499 cum
3010 5445 3063 5500 vi
3116 5461 3307 5515 magna
3354 5459 3406 5502 et
3462 5453 3850 5509 vehementia:

2262 5553 2383 5592 nam
2431 5546 2713 5607 paupertas
2750 5537 2869 5605 ejus
2896 5544 3012 5591 erat
3058 5541 3205 5593 oumi
3246 5550 3553 5609 paupertate
3597 5545 3855 5614 gravior;

2262 5628 2483 5683 morbus
2526 5628 2675 5694 item,
2720 5627 2900 5696 sedes,
2952 5626 3183 5685 ﬁliorum
3230 5632 3513 5701 pernicies,
3560 5634 3854 5695 ὺιιιιοι-ιιιη.

2262 5736 2367 5791 que
2417 5721 2676 5776 omnium.
2730 5718 3006 5791 Perpende
3056 5732 3235 5777 autem
3265 5742 3276 5777 :
3309 5726 3540 5794 perdidit
3588 5734 3855 5799 quispiam

2266 5813 2403 5869 bona
2451 5832 2543 5869 sua
2568 5814 2588 5866 ?
2616 5823 2669 5869 at
2698 5830 2801 5869 non
2836 5814 3044 5885 penitus
3088 5815 3290 5883 omnia,
3331 5834 3505 5889 neque
3548 5823 3637 5875 tali
3670 5830 3850 5879 modo.
