4036 6410
248 363 349 423 ιιι

247 477 446 539 Amisit
490 477 670 536 illios‘?
721 485 777 531 at
816 490 1110 545 numquam
1161 488 1270 527 uno
1314 476 1589 526 momento
1644 480 1856 531 omnes,

248 587 428 643 neque
483 580 603 638 tot,
657 584 833 641 neque
894 568 1047 622 tales.
1107 566 1166 622 lu
1218 565 1465 620 morbum
1521 560 1749 616 incidit?
1807 568 1864 614 at

247 680 355 721 non
384 664 568 725 talem,
595 661 692 717 sed
737 659 820 715 vel
868 658 1005 715 febri
1053 657 1336 723 laboravit,
1369 655 1453 710 vel
1500 652 1861 715 mutilatione,

246 756 329 810 vel
356 755 715 824 similialiquo
737 761 1105 821 consuetoque
1126 748 1336 805 morbo.
1368 747 1461 802 illa
1493 755 1674 800 autem
1708 744 1860 815 plaga

246 849 463 904 insolita
494 855 628 912 erat,
661 844 888 916 (ωαξυηί
920 841 1141 914 patienti
1172 851 1298 897 nota
1320 848 1481 896 eSSet.
1503 837 1693 892 Nullus
1717 836 1859 891 enim

245 956 428 997 somno
449 940 722 1010 explicare
752 935 923 1008 possit
942 950 1103 1006 quam
1130 933 1323 989 acerba
1346 940 1529 987 essent
1560 930 1739 985 ulcera
1770 927 1859 982 illa

244 1044 301 1091 et
327 1043 587 1105 quantum
629 1032 889 1088 inferrent
912 1030 1138 1086 vulnera
1169 1027 1456 1093 dolorem;
1489 1024 1582 1080 sed
1614 1024 1746 1079 satis
1775 1032 1863 1078 est

244 1128 448 1184 dixisse
492 1126 615 1197 quis
641 1126 843 1180 malum
882 1123 1157 1188 inllixerit,
1190 1130 1245 1177 et
1274 1134 1436 1192 quam
1465 1118 1787 1174 exulcerato
1813 1116 1859 1173 i's

243 1222 432 1277 animo
459 1230 627 1286 esset,
658 1228 716 1273 ut
747 1218 919 1288 plagas
960 1214 1275 1287 magnitudo
1317 1213 1655 1270 ostendatur.
1708 1210 1857 1267 Nova

245 1320 374 1373 item
397 1328 452 1376 et
468 1318 682 1373 insolita
708 1325 827 1371 erat
851 1315 969 1386 ejus
990 1314 1170 1371 sedes.
1196 1312 1382 1385 Neque
1402 1312 1548 1369 enim
1572 1312 1711 1367 ullus
1734 1328 1856 1367 um-

241 1427 405 1481 quam
435 1426 639 1481 pauper
667 1410 747 1487 sic
775 1408 913 1463 sedit
941 1409 1087 1463 onmi
1120 1417 1365 1477 tempore
1391 1406 1493 1462 sub
1521 1406 1642 1474 dio,
1678 1416 1736 1460 ut
1767 1406 1858 1462 ille

237 1502 494 1569 sedebat,
512 1502 755 1558 vestibus
780 1500 1029 1566 nudatus,
1051 1511 1190 1557 tecto
1210 1501 1448 1570 privatus
1465 1500 1635 1565 omni,
1656 1499 1707 1554 in
1727 1499 1858 1555 limo

239 1595 442 1651 sedens
464 1595 743 1650 vermibus
772 1602 1008 1647 scatens.
1040 1592 1199 1663 Szrpe
1228 1593 1409 1648 evenit
1432 1601 1488 1646 ut
1506 1592 1629 1663 quis
1657 1592 1853 1647 malam

238 1687 466 1743 haberet
501 1701 725 1740 uxorem
750 1684 1040 1740 :sednnlla
1064 1700 1317 1755 umquam
1338 1694 1446 1739 tam
1471 1684 1715 1754 improba
1758 1686 1856 1740 fuit

238 1798 360 1851 qua-
389 1780 442 1834 in
475 1788 620 1833 nuda
661 1778 969 1834 calamitate
1008 1778 1182 1832 virum
1223 1776 1616 1844 insectaretur,
1651 1789 1706 1833 et
1744 1778 1856 1848 gla-

236 1874 386 1927 dium
417 1881 633 1926 acueret
665 1871 927 1926 adversus
956 1871 1193 1926 animam
1230 1870 1415 1941 ipsius,
1446 1870 1681 1942 taliaque
1721 1887 1849 1926 con-

235 1969 355 2025 silia
383 1969 556 2023 daret.
595 1966 906 2021 Amicorum
935 1980 1153 2037 quoque
1194 1976 1243 2020 et
1272 1966 1704 2021 domesticorum
1733 1966 1854 2019 ani-

234 2077 386 2117 mum
416 2060 707 2117 considera
739 2077 750 2111 :
786 2058 941 2114 famis
982 2074 1199 2130 quoque
1238 2073 1437 2114 novum
1466 2074 1667 2130 genus,
1709 2059 1854 2129 quod

236 2164 426 2207 niensa
461 2152 703 2222 apposita
735 2150 862 2205 nihil
887 2162 1105 2221 gustare
1141 2158 1324 2221 posset
1376 2150 1560 2206 Dicam
1606 2162 1661 2207 et
1691 2167 1855 2222 quar-

238 2252 349 2297 tam
392 2243 770 2315 hyperbolen?
823 2242 1039 2297 divitias
1090 2258 1285 2315 nempe
1333 2252 1386 2299 et
1440 2244 1852 2314 prosperitatem

237 2331 544 2405 pristinam.
594 2334 726 2389 Nam
766 2333 855 2405 qui
885 2335 953 2389 ab
998 2333 1151 2388 initio
1205 2337 1257 2389 in
1299 2343 1618 2405 paupertate
1676 2335 1851 2402 vixit,

237 2426 449 2481 facilius
488 2424 594 2480 fert
634 2425 799 2491 illam,
831 2435 1015 2497 utpote
1055 2426 1147 2498 qui
1192 2428 1391 2481 malum
1426 2427 1553 2482 illud
1585 2428 1677 2483 diu
1710 2429 1855 2484 tule-

236 2521 309 2575 rit
338 2535 353 2572 :
380 2518 470 2588 qui
504 2527 685 2573 autem
715 2533 781 2573 ex
826 2528 970 2573 tanta
1002 2518 1277 2587 opulentia
1309 2519 1565 2591 delapsus
1589 2529 1697 2587 est,
1725 2535 1850 2576 eum

236 2621 425 2683 utpote
452 2627 553 2667 nec
581 2624 887 2682 expertum,
912 2629 1012 2668 nec
1044 2622 1362 2669 nascentem
1386 2614 1530 2668 illam
1558 2614 1853 2672 verisimile

235 2716 322 2761 est
362 2707 582 2776 gravius
632 2706 886 2770 sensisse,
947 2707 1196 2763 acerbius
1246 2707 1523 2772 doluisse,
1581 2716 1637 2763 et
1680 2710 1850 2778 magis

252 2801 525 2855 turbatura
557 2799 743 2855 fuisse.
786 2799 1044 2867 Quintum
1090 2802 1254 2855 etiam
1284 2798 1390 2855 dici
1434 2804 1605 2871 possit
1634 2819 1647 2855 :
1674 2801 1847 2871 quod-

236 2910 271 2950 ιι
290 2912 361 2948 im
391 2894 559 2948 illud?
590 2895 647 2948 in
675 2895 795 2949 aliis
822 2895 1066 2965 quidem,
1092 2893 1293 2965 singuli
1314 2895 1563 2951 homines
1593 2894 1682 2966 q'ui
1706 2896 1849 2951 mul-

236 2998 414 3039 torum
441 2985 542 3040 sibi
597 2985 862 3040 malorum
915 2986 1120 3041 conscii
1150 2996 1297 3052 sunt,
1351 3002 1574 3043 causam
1624 2999 1845 3054 norunt,

231 3078 391 3146 Cujus
437 3092 603 3131 causa
663 3078 968 3147 patiuntur;
1022 3079 1186 3149 idque
1245 3094 1351 3134 non
1409 3096 1598 3150 parum
1652 3090 1735 3136 est
1778 3081 1846 3136 ad

231 3170 663 3224 consolationem
696 3188 709 3225 :
754 3171 844 3226 ille
876 3185 1007 3227 vero
1028 3188 1203 3241 neque
1235 3172 1338 3228 hoc
1363 3174 1581 3243 quidem
1610 3176 1848 3245 cogitare

231 3272 463 3333 poterat,
484 3262 627 3332 quod
646 3262 966 3319 delictorum
986 3276 1437 3337 peccatorumque
1456 3282 1642 3337 poenas
1656 3269 1809 3324 daret
1830 3287 1843 3322 :

230 3363 286 3407 et
312 3353 413 3409 hoc
435 3354 671 3409 maxime
701 3355 1045 3411 ratiocinium
1076 3356 1194 3427 ejus
1234 3359 1504 3414 turbabat.
1538 3360 1673 3415 Cum
1700 3363 1844 3416 enim

230 3448 399 3501 vitam
430 3463 582 3502 suam
615 3449 990 3518 perpendebat
1019 3459 1073 3505 et
1113 3452 1501 3506 conscientiam
1536 3468 1687 3506 sitam
1727 3455 1847 3523 plus

228 3554 393 3608 quam
425 3540 507 3594 sol
553 3539 898 3615 eflfulgentem
946 3556 1009 3596 ac
1050 3553 1195 3597 reete
1230 3540 1497 3598 factorum
1541 3545 1845 3601 multitudi-

228 3647 375 3695 nem,
410 3642 634 3686 noverat
660 3648 719 3686 se
759 3634 975 3688 coronis
1004 3642 1058 3687 et
1104 3635 1290 3688 bravio
1330 3645 1385 3689 et
1416 3636 1651 3705 pra'miis
1692 3638 1846 3692 imm-

228 3725 395 3778 ineris
423 3738 543 3778 esse
573 3723 795 3792 dignum
825 3742 840 3779 :
874 3740 994 3779 cum
1022 3741 1151 3781 vero
1178 3740 1373 3795 corpus
1394 3741 1548 3781 suum
1584 3730 1844 3798 respicie-

226 3804 341 3881 bat,
378 3816 579 3879 ulcera,
608 3826 663 3871 et
693 3818 872 3871 omnia
899 3832 1018 3887 qua:
1049 3820 1150 3872 sibi
1182 3820 1534 3887 acciderant;
1563 3822 1753 3877 videns
1784 3840 1845 3878 se

225 3908 474 3976 graviora
514 3909 642 3977 pati,
676 3924 836 3980 quam
878 3909 968 3979 qui
1017 3922 1261 3966 extrema
1310 3914 1515 3968 scelera
1563 3926 1845 3985 perpetra—

227 4010 371 4066 rant,
406 4003 607 4055 nullam
634 4018 851 4055 causam
886 4003 1132 4059 invenire
1175 4015 1228 4059 et
1262 4005 1447 4061 dicere
1488 4016 1701 4075 poterat
1745 4026 1845 4064 cur

228 4098 355 4152 talia
382 4108 677 4166 pateretur.
712 4095 835 4151 ideo
854 4097 1014 4165 igitur
1030 4100 1096 4152 ad
1124 4099 1726 4171 ineomprebensibilem
1750 4099 1842 4156 Dei

226 4191 690 4261 dispensationem
716 4190 1030 4259 confugiens
1047 4192 1259 4245 dicebat
1284 4193 1464 4246 :Sicut
1484 4192 1707 4247 Domino
1729 4195 1845 4263 pla-

225 4287 353 4349 (uit,
378 4286 449 4337 ita
480 4287 671 4354 factum
699 4294 769 4337 est
802 4283 922 4355 (Job
962 4287 1004 4339 ι.
1046 4285 1162 4355 2|).
1189 4286 1254 4339 Et
1282 4302 1505 4342 uxorem
1537 4286 1843 4357 reprimens

228 4394 327 4447 pro
357 4376 607 4429 facultate
635 4376 897 4429 rationem
931 4379 1265 4448 exprompsit
1291 4396 1406 4449 qua!
1439 4379 1691 4448 pietatem
1724 4379 1844 4448 ejus

226 4472 522 4527 admodum
553 4472 895 4534 ostendebat,
916 4473 993 4527 sic
1022 4473 1209 4527 dicens
1234 4492 1245 4526 :
1272 4477 1331 4527 Si
1360 4476 1492 4526 bona
1523 4473 1841 4541 suscepimus

225 4587 255 4621 α
290 4567 537 4632 Domino,
570 4568 705 4619 mala
732 4584 832 4619 non
854 4567 1211 4621 sustinebimus
1240 4567 1394 4636 (Job.
1429 4565 1484 4628 2-,
1515 4565 1601 4637 l0)
1625 4566 1649 4619 ?

298 4664 431 4715 Ante
471 4662 693 4731 gratiam
732 4660 887 4713 virtus
930 4660 1185 4730 difﬁcilior
1222 4669 1349 4713 erat.
1380 4690 1451 4699 -—
1475 4660 1653 4713 Aliam
1704 4673 1843 4729 quo-

226 4770 333 4824 que
374 4755 551 4808 (litum
599 4754 966 4826 hyperbolen.
1009 4769 1127 4823 qum
1171 4754 1430 4807 athletam
1479 4753 1629 4807 illum
1675 4752 1845 4807 maxi-

227 4864 317 4902 me
358 4857 587 4902 coronet
629 4861 692 4901 ac
730 4848 1008 4916 praedicet,
1050 4846 1409 4917 ostendatque
1442 4846 1583 4899 illius
1604 4847 1840 4901 animam

228 4941 519 4996 sublimem
552 4940 618 4992 ad
664 4939 855 4992 caelum
898 4954 1063 5009 usque
1112 4940 1530 5007 pertingentcm.
1580 4937 1839 5005 Quantam

228 5034 392 5103 igitur
422 5032 511 5084 illa
541 5031 667 5084 est?
698 5030 978 5099 Temporis
1005 5030 1309 5084 diflerentia
1348 5050 1358 5085 :
1395 5046 1517 5084 cum
1546 5032 1690 5086 enim
1718 5040 1843 5084 ante

224 5124 455 5195 gratiam
488 5129 543 5175 et
569 5130 694 5176 ante
727 5122 899 5190 legem
929 5122 1246 5185 exstitisset,
1290 5123 1381 5175 tali
1430 5134 1606 5177 tamen
1651 5123 1844 5192 plenus

226 5226 346 5270 erat
378 5215 739 5288 philosophia.
783 5213 901 5269 Non
948 5230 1135 5284 parum
1185 5224 1365 5268 autem
1412 5216 1543 5269 illud
1593 5225 1697 5280 est,
1746 5217 1843 5270 sed

226 5308 372 5381 quod
416 5316 703 5363 sexcentos
742 5308 1173 5377 possittneetere
1217 5323 1468 5362 coronas.
1516 5308 1842 5363 Eorumdem

228 5405 374 5459 enim
407 5413 555 5457 recte
584 5403 847 5454 factorum
879 5416 982 5455 non
1013 5400 1217 5455 eaedem
1244 5410 1369 5453 sunt
1392 5399 1695 5464 mercedes,
1720 5416 1843 5455 cmn

230 5498 368 5551 alius
398 5495 621 5566 quidem
664 5494 853 5563 priscis
886 5492 1218 5561 temporibus
1262 5494 1383 5546 talia
1418 5496 1669 5563 patravit,
1707 5494 1845 5547 alius

230 5601 408 5644 autem
441 5590 630 5643 intimo
657 5602 806 5649 arvo;
838 5587 931 5639 sed
971 5586 1135 5654 priori
1168 5584 1613 5663 longepmajores.
1659 5584 1844 5655 Neque

228 5684 374 5739 enim
414 5699 510 5751 par
543 5696 630 5735 res
671 5690 774 5745 est,
824 5689 1108 5749 postquam
1146 5676 1394 5732 Christus
1422 5678 1661 5742 advenit,
1707 5690 1847 5747 post-

228 5792 389 5847 quam
438 5783 521 5831 tot
574 5784 827 5843 tantaque
873 5773 1114 5833 exhibuit
1159 5780 1207 5825 et
1267 5771 1476 5825 monuit
1520 5779 1573 5825 ct
1610 5772 1848 5841 philoso-

233 5872 432 5940 phandi
465 5870 692 5930 consilia
725 5870 873 5927 dedit
917 5868 1173 5940 prxclarc
1204 5881 1362 5935 agere
1409 5876 1462 5923 et
1516 5878 1639 5923 ante
1679 5868 1846 5940 ipf-ius

902 357 969 413 iV
1012 354 1319 421 llOMILlA,
1363 350 1728 409 ADVERSUS
1770 348 1899 406 EOS
1936 350 2054 418 QUI
2097 353 2239 412 NON
2280 354 2732 425 ADFUERANT,
2776 356 2931 415 ETC.

3472 382 3475 383 ν
3496 358 3603 414 ικξ

1974 465 2267 522 adventum
2288 479 2343 523 et
2375 480 2501 525 ante
2532 470 2705 542 legem
2745 481 2801 527 et
2829 470 3122 543 prophetas
3154 473 3277 531 talia
3309 487 3593 547 praetore.

1973 556 2267 629 Propterea
2302 570 2585 633 postquam
2632 564 2876 632 advenit,
2910 565 3174 636 majorem
3207 567 3464 626 virtutem
3506 587 3592 628 re-

1970 650 2170 720 quirit,
2213 652 2402 708 dicens
2433 671 2447 708 :
2485 652 2607 708 Nisi
2642 656 2981 712 abundaverit
3007 658 3216 730 justitia
3257 670 3424 715 vestra
3472 665 3592 731 plus

1968 761 2124 816 quam
2168 745 2473 801 Scribarum
2517 758 2568 803 et
2621 747 3029 818 Pharisa'orum,
3083 770 3186 809 non
3229 754 3487 811 intrabitis
3535 761 3591 810 in

1969 854 2184 909 regnum
2209 841 2452 895 ca'lorunt
2484 840 2702 916 (Matth.
2737 844 2791 899 5.
2822 844 2940 915 20).
2973 845 3186 912 Quanto
3232 849 3410 918 major
3441 851 3590 908 enim

1970 932 2069 987 fuit
2100 934 2367 999 doctrina,
2407 945 2558 990 tanto
2586 936 2821 1007 majores
2842 948 2894 992 et
2917 938 3174 1008 justiores
3191 940 3407 996 virtutis
3432 958 3589 998 men-

1967 1040 2107 1080 surae
2132 1029 2321 1098 positle
2364 1040 2510 1083 sunt.
2552 1032 2621 1084 At
2674 1030 2760 1086 hic
2808 1048 2915 1085 non
2969 1032 3215 1089 doctrina
3270 1035 3573 1111 institutus,

1968 1134 2075 1171 non
2108 1119 2328 1192 scriptis
2357 1120 2625 1189 eruditus,
2668 1140 2776 1178 non
2811 1124 2982 1189 libris,
3013 1142 3136 1181 cum
3168 1128 3348 1184 nullos
3378 1129 3586 1186 similes

1966 1212 2211 1280 vidisset,
2248 1230 2349 1270 nec
2373 1225 2555 1284 posset
2583 1215 2651 1271 ad
2677 1217 2958 1288 superiora
2988 1228 3234 1292 tempora
3274 1237 3584 1289 recurrere.

1964 1314 2020 1359 ct
2048 1306 2303 1374 prmclara
2327 1308 2581 1378 exempla
2608 1309 2961 1366 considerare
2988 1330 3002 1379 ;
3033 1312 3274 1369 nondum
3298 1314 3443 1371 enim
3466 1322 3587 1372 erat

1963 1400 2255 1469 scriptura,
2284 1416 2385 1457 nec
2425 1402 2647 1458 historia
2677 1420 2798 1474 qua:
2825 1420 2917 1461 res
2943 1414 3125 1477 gestas
3167 1407 3445 1475 traderet;
3486 1411 3584 1465 sed

1965 1492 2017 1547 in
2049 1493 2130 1547 via
2162 1510 2269 1549 non
2303 1494 2451 1560 trita,
2485 1496 2539 1551 in
2574 1498 2707 1551 mari
2735 1496 2789 1553 in
2820 1513 2931 1569 quo
2962 1499 3144 1555 nullus
3171 1501 3576 1572 enavigavernt,

1965 1585 2017 1640 in
2051 1595 2195 1640 tanta
2224 1587 2482 1657 nequitia:
2520 1588 2776 1658 caligine,
2810 1590 2962 1645 solus
3000 1600 3055 1646 et
3088 1593 3295 1662 primus
3324 1594 3417 1651 ille
3453 1602 3584 1653 tunc

1964 1676 2103 1732 hanc
2125 1677 2479 1748 philosophia:
2508 1679 2646 1733 viam
2665 1681 2900 1749 aperuit,
2922 1681 2976 1736 in
2995 1698 3205 1738 summa
3234 1685 3434 1741 virtute
3452 1700 3593 1747 cum.

1961 1771 2342 1840 evstiperantia
2397 1787 2648 1827 summus
2702 1772 3032 1830 declaratus.
3098 1774 3269 1833 Valde
3322 1794 3578 1851 magnum

1961 1866 2159 1935 quippe
2174 1875 2259 1921 est
2290 1865 2373 1919 vel
2406 1866 2649 1921 minores
2672 1866 2889 1923 virtutis
2922 1878 3106 1938 partes
3136 1880 3286 1927 recte
3312 1873 3534 1944 exsequi
3562 1864 3578 1936 ξ

1961 1957 2121 2027 longe
2139 1957 2314 2027 majus
2331 1966 2511 2012 autem
2534 1958 2586 2013 in
2606 1974 2819 2015 summo
2834 1974 3151 2032 supremum
3166 1964 3408 2020 omnium
3422 1981 3576 2022 esse:

1961 2048 2104 2119 quod
2126 2057 2309 2103 autem
2340 2049 2598 2120 patientia
2632 2051 2702 2105 sit
2720 2052 2962 2106 omnium
2988 2068 3266 2123 suprema,
3294 2072 3454 2111 nemo
3482 2072 3580 2114 ne-

1960 2142 2185 2212 gaverit.
2216 2140 2343 2197 Haec
2367 2142 2527 2213 igitur
2544 2158 2666 2199 cum
2692 2145 2808 2214 ipse
2832 2144 3085 2202 diabolus
3108 2146 3297 2214 sciret,
3322 2148 3541 2206 dicebat
3561 2166 3577 2207 :

1961 2233 2159 2290 Pellem
2184 2250 2278 2305 pro
2304 2236 2460 2306 pelle.
2502 2238 2551 2289 et
2578 2236 2750 2289 omnia
2777 2253 2894 2308 qua:
2921 2237 3071 2292 habet
3111 2238 3284 2306 Immo,
3316 2241 3456 2297 dabit
3486 2260 3581 2312 pro

1958 2326 2133 2379 anima
2164 2342 2258 2380 sua
2288 2341 2308 2379 .·
2326 2327 2419 2379 sed
2446 2328 2586 2381 mitte
2637 2344 2849 2382 manum
2876 2336 3041 2397 tuam,
3084 2340 3134 2384 et
3174 2340 3328 2402 tange
3371 2349 3580 2389 ctu-nent

1958 2419 2069 2487 ejus
2092 2416 2212 2486 (Job
2242 2416 2297 2470 9..
2333 2418 2414 2488 4).
2451 2417 2607 2474 Unde
2640 2419 2815 2488 palam
2848 2430 2931 2475 est
2978 2420 3120 2477 hanc
3163 2423 3417 2481 virtutem
3455 2440 3581 2485 esse

1957 2509 2198 2562 omnium
2240 2523 2577 2576 supremam,
2631 2525 2863 2580 qumque
2920 2512 3061 2567 virili
3110 2522 3166 2569 et
3206 2512 3384 2572 ferrea
3442 2533 3581 2588 opus

1959 2602 2157 2657 habeat
2197 2603 2415 2669 anima;
2450 2603 2718 2672 siquidem
2763 2604 2948 2661 videre
2995 2621 3186 2677 posses
3214 2622 3449 2681 quantus
3490 2613 3582 2669 ille

1956 2704 2076 2750 erat
2124 2696 2178 2751 in
2239 2696 2655 2751 tcntationibus.
2710 2696 2846 2752 Rem
2897 2698 3046 2755 enim
3093 2714 3277 2756 Sermo
3325 2715 3581 2763 amurate

1955 2786 2219 2842 exhibere
2248 2803 2355 2842 non
2388 2788 2582 2858 potuit.
2622 2788 2874 2844 Dolorem
2904 2792 3073 2859 enim,
3111 2795 3374 2863 supplicia
3398 2839 3412 2863 ,
3443 2810 3583 2856 inm-

1957 2880 2098 2936 roris
2125 2880 2491 2954 tyrannidem,
2530 2893 2585 2936 et
2612 2883 3081 2952 perturbationem
3112 2901 3179 2942 ex
3222 2896 3301 2943 tot
3332 2890 3579 2949 tristibus

1956 2976 2121 3032 rebus
2164 2985 2362 3041 ortam,
2408 2977 2553 3031 nulla
2601 2979 2683 3032 vis
2730 2981 3003 3035 sermonis
3050 2980 3248 3038 efferre
3276 2982 3355 3038 sic
3397 2995 3577 3055 potest

1953 3068 2320 3134 audientibus,
2351 3079 2409 3124 ut
2457 3069 2571 3139 ipsa
2615 3086 2799 3125 rerum
2844 3074 3207 3143 experientia.

2026 3162 2081 3216 4.
2124 3161 2239 3233 Age
2265 3176 2395 3232 ergo
2419 3162 2569 3217 illum
2602 3163 2697 3217 tibi
2741 3164 2904 3219 etiam
2931 3168 3249 3224 monstrabo
3274 3169 3403 3242 (hoc
3428 3172 3573 3228 enim

1955 3268 2062 3308 non
2090 3253 2501 3316 modicum'est.
2535 3254 2633 3309 sed
2666 3255 2851 3310 animo
2878 3256 3041 3313 valde
3081 3260 3407 3332 philosopho
3435 3279 3576 3335 Opus

1955 3344 2224 3417 habentis)
2250 3344 2302 3399 in
2330 3345 2537 3401 divitiis
2561 3356 2616 3401 et
2641 3347 2692 3400 in
2716 3348 2999 3419 opulentia
3032 3366 3281 3423 magnam
3309 3356 3574 3413 exhiben-

1955 3446 2063 3492 tem
2079 3436 2501 3507 pbilosophiam.
2528 3438 2717 3507 Qualis
2743 3440 2907 3510 igitur
2929 3452 3043 3496 erat
3068 3458 3191 3497 eum
3216 3445 3370 3501 dives
3387 3450 3575 3507 esset?

1951 3528 2270 3583 Communis
2290 3529 2532 3582 omnium
2561 3540 2769 3598 portus,
2795 3532 3100 3587 communis
3130 3536 3371 3590 omnium
3397 3548 3571 3609 pater,

1950 3621 2256 3677 Communis
2287 3620 2561 3685 medicus;
2614 3622 2725 3677 imo
2764 3624 2978 3679 medico
3010 3622 3184 3695 inajor
3217 3645 3231 3683 :
3261 3630 3386 3684 audi
3418 3647 3573 3686 nam-

1951 3729 2057 3785 que
2086 3729 2209 3769 eum
2248 3714 2520 3768 dicentem
2560 3733 2573 3769 :
2612 3714 2721 3786 Ego
2761 3732 2904 3769 eram
2942 3718 3122 3772 oculus
3164 3736 3438 3789 canorum,
3483 3731 3572 3795 pes

1949 3809 2272 3863 claudornnt‘
2288 3807 2410 3878 (Job
2438 3807 2527 3862 29.
2560 3808 2676 3879 l5).
2712 3808 2903 3865 Viden‘
2945 3814 3220 3879 quomodo
3243 3816 3455 3872 medico
3499 3820 3571 3874 sit

1952 3902 2125 3970 major
2142 3902 2165 3956 ?
2184 3895 2397 3956 Natura:
2424 3902 2594 3957 vicem
2620 3904 2813 3974 agebat
2830 3920 2958 3974 erga
2983 3908 3208 3963 mutilos
3230 3918 3283 3964 et
3307 3889 3571 3967 mancos

1950 4003 2006 4049 et
2036 3994 2180 4063 quod
2215 4010 2320 4047 non
2371 4005 2623 4063 poterant
2660 3994 2854 4050 medici
2892 4006 3012 4052 arte
3054 3994 3352 4070 corrigere,
3394 4003 3447 4057 id
3479 4004 3572 4061 ille

1951 4086 2229 4140 reﬁciebat
2259 4086 2654 4148 consolatione,
2683 4088 2752 4141 ob
2782 4088 3005 4142 multam
3038 4089 3181 4146 circa
3214 4092 3335 4148 illos
3373 4096 3571 4152 sollici-

1951 4178 2193 4232 tudinem
2222 4179 2591 4233 membrorum
2623 4180 2793 4234 vicem
2828 4180 2959 4249 ipsis
2985 4197 3202 4251 gerens.
3234 4184 3368 4241 Nam
3410 4191 3568 4259 quasi

1949 4273 2091 4336 sani,
2119 4270 2349 4339 pedibus
2398 4271 2657 4337 valentes,
2706 4284 2759 4325 et
2807 4272 3054 4329 videntes
3086 4275 3355 4347 degebant
3398 4282 3429 4335 ii
3472 4285 3565 4353 qui

1949 4360 2034 4416 his
2063 4362 2305 4416 muletati
2333 4370 2488 4416 erant
2514 4362 2791 4428 membris,
2822 4380 2927 4418 non
2960 4368 3260 4425 sentientes
3293 4371 3572 4430 claudica-

1953 4456 2153 4509 tionem
2190 4470 2365 4524 neque
2393 4455 2696 4509 earcitatem
2739 4458 2810 4510 ob
2854 4473 3100 4528 magnam
3139 4459 3256 4531 cjus
3281 4466 3569 4530 providen-

1952 4548 2100 4603 tiam.
2132 4547 2473 4616 Quaproptcr
2503 4562 2609 4601 non
2642 4548 2796 4613 dixit,
2834 4548 2947 4619 Ego
2974 4551 3230 4605 consolor
3253 4553 3483 4610 claudos
3512 4570 3569 4613 et

1949 4656 2124 4695 ca-cos
2160 4659 2172 4694 :
2204 4640 2323 4704 sed,
2359 4638 2459 4693 Pes
2481 4650 2527 4692 et
2554 4640 2733 4693 oculus
2766 4640 2981 4695 illorum
3025 4660 3200 4707 eram;
3246 4653 3302 4697 et
3349 4662 3567 4711 rursus.

1950 4735 2064 4806 Ego
2096 4751 2232 4787 eram
2260 4745 2404 4803 pater
2431 4734 2785 4801 impotentium
2810 4730 2972 4801 (Ibid.
3053 4731 3167 4799 lli).
3260 4735 3447 4806 Neque
3483 4740 3570 4794 hic

1951 4828 2101 4892 dicit,
2131 4824 2794 4893 Consolabarorphanos;
2825 4825 2944 4889 sed,
2976 4822 3131 4877 Pater
3152 4825 3366 4881 illorum
3387 4848 3525 4884 eram
3550 4848 3569 4886 :

1953 4920 2080 4974 hinc
2109 4918 2405 4973 ostendens
2431 4931 2492 4971 sc
2522 4933 2629 4970 non
2660 4916 2852 4970 sivisse
2891 4932 2986 4971 eos
3019 4917 3101 4971 vel
3135 4918 3187 4971 in
3224 4935 3443 4975 sensum
3478 4939 3571 4978 ve-

1953 5014 2068 5069 nire
2097 5012 2241 5083 quod
2275 5010 2503 5079 orphani
2529 5019 2735 5074 essent,
2773 5023 2947 5079 neque
2987 5009 3299 5078 permisisse
3330 5024 3385 5066 ut
3415 5015 3570 5071 triste

1954 5109 2082 5163 illud
2109 5117 2397 5179 appareret
2428 5121 2441 5159 :
2474 5102 2930 5177 quemadmodum
2952 5114 3005 5158 et
3035 5104 3143 5157 illic
3170 5092 3470 5161 creitatetn
3503 5126 3572 5164 ne

1954 5204 2215 5258 sentirent
2245 5201 2373 5256 c:eei
2398 5199 2447 5253 vi
2480 5196 2837 5268 providentia:
2868 5210 2982 5250 suae
3003 5196 3293 5261 efficiebat,
3318 5199 3444 5253 dum
3478 5201 3565 5255 in-

1953 5295 2237 5351 Commoda
2287 5293 2546 5348 auferret.
2579 5290 2766 5361 Neque
2812 5303 3041 5359 corpora
3072 5290 3248 5344 solum
3293 5306 3482 5347 manca
3516 5303 3571 5347 et

1956 5389 2143 5442 tnutila
2185 5386 2429 5449 curabat,
2466 5400 2642 5456 neque
2688 5382 2966 5454 orphauos
3012 5390 3243 5449 tantum,
3287 5382 3415 5438 dum
3465 5385 3574 5440 illis

1956 5482 2347 5540 membrorum,
2394 5478 2478 5533 his
2531 5486 2816 5548 parentum
2850 5476 2967 5531 vice
2998 5475 3220 5542 aderat;
3270 5476 3367 5531 sed
3406 5478 3573 5533 etiam

1958 5575 2120 5646 judex
2173 5589 2201 5626 a
2257 5574 2440 5641 seipso
2488 5578 2818 5625 consumtus
2870 5566 3046 5622 fuerat
3080 5568 3191 5623 imo
3238 5569 3358 5639 plus
3412 5584 3576 5639 quam

1958 5669 2123 5741 jndex
2150 5683 2165 5732 ;
2199 5682 2322 5721 natn
2353 5666 2428 5719 ait
2457 5682 2470 5718 :
2503 5662 2723 5717 Causam
2750 5679 2904 5733 quam
2923 5660 3210 5715 nesciebam
3240 5660 3541 5733 investigari
3560 5703 3576 5727 ,

1956 5773 2003 5817 et
2033 5760 2264 5834 confregi
2283 5759 2443 5811 molas
2462 5757 2778 5827 iniquorum,
2808 5765 2855 5808 et
2876 5769 2940 5809 ex
2959 5754 3129 5807 medio
3160 5754 3387 5808 dentium
3402 5770 3578 5807 eorum

1963 5862 2189 5935 prwdttnt
2236 5852 2401 5923 eripui
2451 5849 2637 5923 (Ibid.
2684 5847 2775 5905 2‘).
2829 5847 2894 5905 Π
3017 5845 3135 5904 iloe
3178 5845 3353 5905 multo
3399 5844 3581 5918 majus
