4036 6420
504 373 608 428 ,483

507 500 591 543 est
642 503 800 559 quam
852 484 1054 556 judicia
1110 481 1368 537 cilicium.
1434 478 1649 537 Jndiccs
1707 475 1850 531 enim
1908 471 2095 527 sedent

510 588 886 650 exspectantes
926 577 1011 647 qui
1040 575 1285 644 iujuriam
1320 574 1459 643 passi
1513 580 1678 633 sunt;
1731 578 1785 622 et
1816 575 2093 635 postquam

513 672 587 727 illi
640 671 906 739 supplices
934 674 1297 725 accesserunt,
1344 672 1468 718 tunc
1497 676 1650 715 suum
1676 659 1917 730 praebent
1941 654 2097 709 auxi-

514 764 639 815 lium
698 761 769 815 illi
820 759 907 829 qui
967 759 1106 811 inter
1163 756 1371 826 judiees
1431 753 1663 807 maxime
1720 748 1868 819 probi
1924 758 2099 814 sunt;

516 857 694 920 plures
720 849 983 919 siquidem
1014 864 1113 903 nec
1154 847 1281 901 illud
1318 853 1569 913 priestant
1601 860 1613 895 :
1647 842 1747 903 hic,
1778 853 1905 893 vero
1933 839 2095 891 ειίιυιι

513 946 748 1014 optimos
794 943 911 997 illos
952 943 1076 995 vicit
1113 950 1165 995 et
1207 940 1363 1007 longe
1402 935 1691 1004 superavit.
1744 932 1925 998 Neque
1955 932 2096 985 enim

513 1035 861 1104 empectahat
911 1033 1084 1087 donec
1149 1031 1180 1084 ii
1238 1030 1327 1099 qui
1378 1027 1568 1096 injuria
1609 1023 1981 1079 adiciebantur
2031 1021 2096 1075 ad

515 1146 572 1181 se
603 1128 868 1191 venirent,
924 1139 1095 1194 neque
1141 1132 1420 1193 postquam
1472 1117 1546 1172 illi
1600 1115 1870 1185 supplices
1918 1128 2098 1167 acces-

510 1230 718 1283 serant,
743 1221 807 1274 ad
835 1235 989 1288 opem
1019 1216 1290 1271 ferendam
1326 1212 1609 1283 pergebat;
1636 1209 1730 1264 sed
1759 1209 1845 1263 ille
1895 1222 2100 1277 pracve-

512 1312 667 1364 nirns
698 1312 955 1364 circuibat
975 1322 1220 1377 quaerens
1251 1320 1345 1360 eos
1367 1306 1454 1373 qui
1485 1303 1595 1356 hesi
1644 1300 1872 1363 fuerant;
1902 1307 1956 1352 et
1994 1311 2097 1349 non

514 1404 673 1457 modo
696 1416 955 1473 quaerens,
986 1401 1077 1454 sed
1102 1416 1220 1455 eum
1252 1400 1412 1451 multa
1440 1395 1733 1466 vigilantia,
1760 1408 1877 1446 cum
1909 1404 2098 1458 magna

514 1495 890 1549 sollicitudine.
915 1494 967 1547 ld
995 1508 1121 1547 vero
1153 1493 1297 1546 clare
1332 1491 1567 1553 noveris,
1593 1488 1634 1541 si
1661 1487 1787 1539 dicti
1818 1486 1919 1537 vim
1954 1484 2097 1537 didi-

512 1589 667 1641 ceris.
698 1586 814 1641 Non
846 1586 986 1639 enim
1032 1584 1192 1646 dixit,
1242 1582 1510 1648 Quaesivi;
1554 1578 1668 1639 sed,
1706 1576 1922 1631 Causam
1950 1592 2100 1645 quam

514 1680 793 1732 nesciebam
821 1678 1154 1748 investigavi;
1188 1676 1236 1730 id
1263 1686 1363 1736 est,
1398 1673 1717 1737 exatninavi,
1744 1675 1954 1725 curiose
1978 1685 2100 1739 pcr—

513 1772 702 1839 quisivi
734 1786 853 1824 eum
886 1770 1261 1829 sollicitudine,
1291 1768 1468 1820 omnia
1500 1783 1717 1820 movere
1745 1782 1847 1819 non
1873 1764 2098 1829 ce~savi,

517 1874 571 1915 ut
600 1864 949 1932 comperircm
996 1878 1061 1915 an
1107 1863 1227 1931 quis
1259 1864 1487 1914 latenter
1514 1859 1705 1928 injuria
1743 1860 1899 1911 lmsns
1943 1856 2095 1911 foret.

522 1957 765 2010 Vidistin‘
794 1957 1003 2026 vigilem
1032 1958 1265 2008 animum
1294 1955 1316 2007 ?
1350 1953 1468 2007 vide
1495 1968 1707 2024 quoque
1737 1938 2100 2005 l'ortitudincm

518 2060 571 2103 et
617 2065 795 2101 curam
833 2070 844 2101 :
879 2050 941 2101 lit
990 2050 1199 2100 contrivi
1241 2048 1402 2100 molas
1448 2048 1757 2111 iniquorum.
1805 2044 1951 2096 Illam
1998 2044 2101 2095 vim

517 2142 819 2194 mordacem
852 2140 1006 2205 solvi,
1044 2141 1234 2209 inquit,
1263 2150 1319 2193 ιιι
1349 2140 1412 2193 ad
1467 2140 1623 2192 aliam
1673 2137 1969 2191 faciendam
2000 2136 2102 2188 ini-

514 2236 769 2303 quitatem
796 2236 905 2302 jam
929 2235 1133 2287 inutilis
1161 2236 1249 2288 sit.
1284 2236 1484 2289 Ambos
1511 2235 1683 2303 itaque
1710 2233 1948 2302 juvahat,
1984 2230 2101 2283 illos

517 2343 583 2379 ne
612 2326 749 2380 male
778 2335 1107 2395 paterentur,
1151 2325 1247 2379 hos
1279 2341 1344 2379 ne
1377 2326 1513 2379 male
1545 2325 1779 2378 facerent
1811 2321 2105 2391 impediens

516 2428 568 2469 et
597 2417 980 2470 moderatior-cs
1010 2416 1260 2470 reddens.
1305 2416 1470 2469 [’m'ro
1508 2415 1856 2470 constantiam
1895 2422 1948 2467 et
1988 2427 2109 2480 per-

516 2511 869 2563 St-verattt‘atn
904 2529 915 2562 :
952 2508 1013 2561 Et
1037 2525 1098 2562 ea:
1138 2509 1298 2561 medio
1325 2508 1551 2560 dentium
1579 2524 1751 2560 eorum
1781 2507 1944 2575 eripui
1973 2519 2105 2573 μναι-

519 2602 657 2652 dam.
713 2599 894 2668 Neque
946 2599 1086 2654 enim
1142 2597 1509 2667 desperabam,
1539 2613 1710 2667 neque
1758 2596 2103 2661 desistebam,

518 2694 615 2746 etsi
649 2710 732 2746 res
751 2694 859 2762 jam
886 2703 1035 2762 capta
1062 2702 1214 2757 erat;
1245 2692 1337 2745 sed
1366 2690 1507 2761 quod
1527 2693 1635 2759 jam
1658 2691 1967 2759 absorptnm
1993 2702 2108 2745 erat

517 2785 880 2851 retrahebam,
910 2786 1141 2854 pastoris
1175 2785 1361 2854 optimi
1401 2793 1455 2839 et
1486 2784 1657 2853 vigilis
1689 2782 2105 2837 sollicitudinem

516 2890 641 2942 erga
673 2891 962 2930 conservos
993 2874 1276 2929 exhibens.

591 2970 709 3022 ,Ιοϋὶ
766 2970 1047 3023 humilitas.
1090 2998 1164 3008 —
1210 2968 1419 3036 Quanta
1473 2982 1603 3021 vero
1658 2968 1931 3021 humilitas
1992 2967 2110 3037 ejus

530 3072 672 3114 esset
698 3062 890 3130 cogita.
954 3061 1014 3116 Si
1041 3072 1209 3113 autem
1253 3061 1456 3125 despexi
1500 3060 1755 3129 judicium
1798 3060 1983 3129 [annuli
2015 3062 2111 3113 mei

522 3164 566 3205 et
616 3153 835 3213 ancillw,
884 3153 1003 3204 dum
1053 3151 1346 3219 indicantur
1375 3153 1641 3203 adversum
1674 3168 1769 3205 me.
1804 3152 1941 3218 Quid
1978 3154 2111 3204 enim

523 3246 708 3315 faciant
767 3245 810 3297 si
865 3245 1199 3297 visitationem
1266 3260 1425 3295 nteant
1498 3244 1652 3313 faciat
1708 3241 1888 3297 Deus?
1941 3261 2110 3296 annon

524 3351 578 3391 ut
631 3354 720 3407 ego
778 3338 827 3389 in
878 3346 1046 3390 ventre
1089 3338 1185 3405 fui,
1234 3348 1279 3389 et
1319 3337 1415 3405 ipsi
1455 3342 1659 3405 {uerunt
1705 3336 1852 3404 (Job
1891 3339 1975 3391 51.
2022 3340 2115 3392 15-

527 3433 593 3485 15
611 3431 667 3500 )?
690 3428 987 3483 Contritum
1013 3428 1249 3481 animum
1275 3427 1474 3487 vidisti,
1494 3438 1546 3479 et
1564 3437 1805 3480 naturam
1836 3428 2110 3483 hominum

528 3531 771 3575 accurate
803 3519 1232 3573 considerantetn
1265 3532 1326 3570 ac
1354 3506 1613 3571 scientem
1648 3518 1773 3585 quid
1808 3519 1873 3571 sit
1901 3535 2107 3583 servus,

528 3612 655 3681 quid
685 3611 838 3674 liber,
887 3610 939 3663 id
965 3608 1105 3677 qttod
1138 3625 1164 3660 a
1197 3610 1376 3663 multis
1406 3609 1801 3663 circumfertur.
1839 3611 1984 3664 lianc
2013 3612 2112 3679 igi-

536 3714 621 3756 tur
649 3702 866 3772 cjieiens
912 3702 1325 3769 inteqnalitatetn
1373 3717 1399 3753 a
1442 3703 1551 3769 pari
1598 3703 1852 3755 nataliqu
1884 3703 2110 3770 honore,

532 3799 600 3851 de
644 3796 978 3864 philOSOphia
1034 3809 1335 3857 sermonem
1392 3794 1607 3848 inducit.
1648 3796 1903 3865 Quodque
1956 3798 2116 3850 tnit'a-

533 3888 639 3941 bile
661 3889 709 3940 in
736 3888 825 3939 illo
844 3896 944 3951 εει,
986 3889 1085 3939 hoc
1112 3885 1312 3939 faciens
1341 3901 1443 3938 non
1472 3902 1534 3939 ex
1566 3885 1863 3941 humilitate
1888 3904 1944 3942 se
1977 3890 2115 3958 loqui

534 3978 788 4046 putabat,
832 3976 923 4029 sed
970 3977 1206 4029 debitum
1266 3976 1509 4042 implere.
1561 3976 1897 4046 Quapropter
1947 3984 2116 4031 ratio-

533 4069 731 4121 cinium
766 4068 941 4136 posuit
985 4082 1088 4134 quo
1135 4065 1438 4118 hominibus
1484 4066 1733 4119 omnibus
1776 4069 2027 4135 suadeat,
2064 4080 2121 4125 ut

538 4175 641 4213 non
676 4160 831 4210 altius
864 4158 1071 4225 sapiant
1099 4173 1256 4225 quam
1282 4157 1442 4221 servi,
1468 4157 1675 4209 etiamsi
1700 4158 1892 4213 millies
1914 4160 2115 4215 domini

534 4253 657 4303 sint.
695 4250 819 4303 ll.re
859 4251 1053 4318 quippe
1094 4249 1328 4310 nomina,
1380 4264 1568 4303 servus
1612 4261 1664 4303 et
1698 4251 1851 4314 liber,
1904 4254 2117 4307 nomina

538 4353 741 4397 tantum
772 4352 894 4395 sunt
924 4357 979 4394 re
1008 4356 1169 4393 vacua
1206 4357 1217 4390 :
1254 4342 1483 4394 servitus
1504 4354 1678 4396 autem
1714 4344 1762 4396 in
1794 4360 2032 4415 peccato,
2065 4361 2118 4402 et

534 4436 751 4488 libertas
786 4433 835 4485 in
860 4433 1064 4499 jnstitia
1094 4430 1365 4484 delinitur.
1404 4433 1539 4501 Ergo
1568 4449 1663 4485 nos
1705 4438 1783 4489 sic
1815 4436 2117 4492 humiliahi—

536 4526 685 4579 mus?
716 4541 894 4577 annon
936 4539 1061 4577 vero
1091 4522 1463 4578 desiderabilis
1492 4528 1838 4598 amabilisqne
1861 4533 1946 4585 ille
1988 4544 2070 4587 est
2098 4534 2119 4585 ζ)

537 4620 709 4671 Etiam
760 4616 1000 4669 amabilis
1060 4631 1073 4665 :
1128 4625 1179 4667 et
1248 4615 1334 4668 hic
1394 4616 1740 4685 hyperbolem
1807 4624 2117 4679 consideres

538 4712 713 4763 velim.
748 4707 1203 4773 antnmlmodnm
1246 4709 1386 4761 enim
1435 4710 1485 4763 itt
1536 4712 2026 4769 molestiisviriliter
2067 4728 2119 4770 ct

537 4818 659 4855 cum
721 4801 1032 4854 fortitudine
1084 4816 1270 4869 magna
1324 4801 1463 4854 illata
1512 4805 1649 4857 mala
1701 4806 1819 4860 tulit
1874 4826 1885 4861 :
1939 4810 2007 4861 ita
2067 4822 2121 4865 et

536 4900 587 4950 in
638 4895 988 4963 prosperitate
1030 4894 1250 4947 virtutes
1296 4896 1534 4965 singulas
1579 4900 1819 4967 apprime
1860 4905 2116 4970 exercuit,

540 5004 645 5043 non
691 4989 1031 5042 lliCtliOl't‘ilel‘
1072 5003 1169 5041 nec
1224 4998 1546 5058 utcumque,
1599 4993 1690 5046 sed
1742 4994 1807 5047 ad
1856 5012 2119 5053 summum

538 5087 709 5151 ipsum
755 5083 1070 5137 ascmtdeus.
1103 5082 1161 5137 Si
1186 5099 1299 5135 vero
1327 5100 1459 5151 sirpe
1494 5086 1712 5139 dixerint
1740 5090 1943 5144 ancilla:
1974 5110 2114 5157 metr,

540 5177 665 5242 Quis
713 5178 795 5229 det
840 5176 979 5229 nobis
1026 5176 1088 5228 de
1127 5175 1363 5229 cornibus
1410 5178 1514 5230 suis
1545 5190 1597 5229 ut
1633 5185 1959 5236 saturentur?
2005 5203 2120 5239 cum

537 5268 684 5320 valde
729 5268 886 5319 bmms
917 5286 1005 5339 ego
1033 5268 1126 5321 sint
1160 5267 1281 5339 (Job
1317 5270 1401 5324 l3.
1433 5272 1545 5339 51).
1577 5272 1670 5327 llic
1696 5289 1931 5331 antorem
1962 5295 2120 5335 enar-

536 5371 615 5412 rat
659 5358 977 5413 lautulorum
1011 5362 1562 5429 vi-ltetuentissimum,
1610 5367 1731 5435 qui,
1772 5370 1836 5422 ad
1885 5372 2119 5427 furorem

534 5469 703 5521 usque
725 5464 994 5506 amatores
1020 5455 1269 5509 ardentes
1301 5466 1474 5521 erant,
1508 5473 1571 5510 cx
1602 5461 1761 5513 modo
1788 5464 1990 5517 scilicet
2014 5484 2120 5533 quo

514 5559 658 5611 .crga
690 5543 809 5596 illos
838 5558 896 5596 se
936 5546 1171 5614 gerebat.
1210 5547 1281 5601 Ita
1313 5550 1475 5614 enim,
1523 5550 1713 5620 inquit,
1764 5555 1889 5606 tnihi
1923 5556 2117 5611 addit-ti

533 5643 707 5698 crant,
756 5634 823 5687 ita
860 5634 1027 5700 allixi,
1072 5636 1139 5690 ita
1188 5654 1271 5692 me
1315 5643 1585 5705 amabant,
1641 5652 1695 5697 ut
1746 5659 2003 5715 cuperent
2033 5653 2115 5705 vel

534 5724 664 5792 ipsis
696 5726 899 5791 impleri
931 5729 1199 5795 carnibus,
1248 5731 1496 5804 ipsasque
1546 5736 1825 5809 devorare,
1862 5742 2001 5811 quod
2033 5760 2115 5798 me

530 5819 736 5875 ardenti
758 5838 939 5878 amore
963 5824 1261 5896 diligerent.

1248 367 1299 421 S.
1344 360 1618 420 JOANNIS
1653 348 2125 415 CHRYSOSTOM!
2168 348 2477 404 ARClllEP.
2520 343 3050 402 CONSTANTlNOP.

3712 344 3819 399 484

2280 466 2334 521 5.
2378 465 2517 532 Quid
2543 481 2670 521 vero
2695 467 2797 520 dici
2831 466 2999 534 possit
3021 464 3088 519 de
3119 472 3427 535 contemptu
3459 464 3817 520 divitiarum?

2205 576 2326 613 nam
2372 559 2509 615 hanc
2548 576 2760 629 quoque
2798 560 2891 613 ille
2942 560 3197 614 virtutem
3246 561 3490 629 apprime
3536 562 3813 617 exercuit.

2203 654 2318 709 Non
2368 656 2529 710 modo
2568 654 2710 709 enim
2757 656 2964 709 alienas
3016 670 3123 709 non
3176 655 3617 724 concupiscebat,
3662 654 3813 725 quod

2205 748 2357 802 tmtlli
2374 764 2513 802 nunc
2539 747 2756 809 l‘aeiunt,
2776 748 2868 803 sed
2891 763 3062 816 neque
3079 764 3225 813 snas,
3242 765 3427 803 verum
3449 748 3517 802 ab
3542 748 3627 802 his
3644 748 3814 803 etiam

2204 856 2324 894 cum
2359 841 2738 909 exsuperantia
2774 841 2938 893 multa
2968 856 3029 894 se
3059 842 3328 894 continuit
3354 860 3365 894 :
3398 841 3627 911 ideoque
3654 842 3815 896 dicc-

2208 934 2296 986 bat
2326 951 2337 983 :
2374 933 2434 986 Si
2468 933 2666 986 [relatus
2706 950 2818 987 sunt
2860 950 2976 986 cum
3004 936 3177 987 multm
3214 936 3339 989 mihi
3368 938 3559 1007 fuerint
3589 937 3810 1001 divitire,

2208 1039 2367 1090 neque
2404 1023 2568 1094 lapidi
2604 1026 2825 1093 pretioso
2861 1026 3055 1092 conﬁdi
3112 1025 3237 1094 (Job
3271 1028 3359 1081 51.
3394 1028 3487 1082 25.
3516 1030 3631 1097 26).
3664 1029 3811 1095 Qua-

2208 1127 2425 1187 propter
2454 1134 2575 1172 cum
2609 1118 2831 1173 sublata:
2878 1119 2976 1187 ipsi
3018 1118 3190 1185 fuere,
3222 1120 3487 1189 jacturam
3525 1123 3615 1176 ille
3646 1122 3806 1176 lacib-

2208 1210 2334 1266 lime
2384 1212 2499 1265 tulit
2530 1229 2543 1277 ;
2577 1228 2808 1280 cumque
2840 1212 3111 1276 adessent,
3147 1214 3549 1286 eleemosynam
3582 1217 3813 1287 largiter

2204 1303 2480 1371 erogabat,
2524 1304 2774 1356 omnibus
2820 1304 3096 1357 dexteram
3147 1306 3428 1374 porrigens
3476 1308 3812 1378 domumque

2206 1410 2355 1448 suam
2385 1396 2653 1463 aperiens.
2687 1395 2871 1464 Neque
2903 1396 2951 1449 id
2988 1394 3237 1457 iaciebat,
3268 1399 3409 1468 quod
3445 1401 3596 1454 multi
3628 1401 3814 1456 Solent

2205 1491 2293 1559 qtti
2343 1492 2557 1545 curiose
2616 1493 2889 1561 inquirunt
2920 1507 2947 1543 a
2983 1493 3327 1563 petentibus,
3387 1496 3604 1564 quinam
3656 1496 3810 1550 sint:

2207 1584 2320 1646 sed,
2362 1584 2537 1636 Janua
2580 1601 2712 1649 mea,
2767 1584 2958 1653 inquit,
3005 1587 3143 1637 omni
3189 1586 3406 1639 venienti
3449 1596 3627 1655 aperta
3674 1598 3811 1641 erat.

2214 1674 2414 1741 ln/irmi
2438 1676 2568 1727 enim
2598 1692 2691 1743 ape
2717 1693 2825 1729 mea
2856 1694 2955 1728 non
2987 1676 3313 1745 privabantur
3338 1694 3354 1731 :
3380 1686 3676 1747 peregrinus
3705 1696 3812 1734 non

2208 1766 2561 1837 egrediebatur
2597 1784 2659 1820 ea:
2684 1769 2850 1839 janua
2873 1785 2982 1821 mea
3009 1770 3124 1822 sinu
3151 1787 3308 1822 vacuo
3344 1769 3503 1837 (Ibid.
3537 1772 3625 1825 51.
3662 1771 3735 1825 ’52
3765 1782 3814 1825 ct

2206 1858 2321 1929 51).
2366 1858 2551 1913 Vidisti
2583 1859 2925 1928 largitatem?
2951 1860 3123 1913 vidiin
3170 1862 3552 1915 humanitatem
3577 1904 3589 1924 ,
3627 1864 3812 1918 vidisti

2208 1952 2612 2019 benignitatem,
2640 1951 3035 2006 humilitatem?
3063 1953 3152 2007 Vis
3172 1955 3331 2007 etiam
3362 1956 3666 2010 casdtatetn
3691 1956 3815 2010 edi-

2208 2044 2397 2097 Scere?
2432 2042 2609 2113 Prpigi
2640 2044 2825 2108 fwdus,
2860 2046 3048 2111 inquit,
3075 2062 3190 2097 cum
3213 2046 3371 2098 oculis
3390 2047 3533 2110 meis,
3562 2058 3612 2099 ιιι
3634 2065 3699 2101 ne
3724 2066 3816 2102 co-

2210 2138 2424 2207 gitarent
2466 2137 2665 2205 quidem
2710 2137 2772 2189 de
2812 2138 3002 2206 virgine
3030 2138 3197 2190 aliena
3244 2138 3407 2207 (Ibid.
3500 2137 3585 2205 1).
3676 2142 3813 2208 Qua:

2212 2241 2395 2300 postea
2427 2235 2648 2286 veniens
2677 2232 2939 2287 ‘Christus
2980 2235 3259 2301 prmccpit,
3294 2250 3353 2285 ca
3386 2235 3496 2302 ipse
3545 2250 3603 2289 re
3650 2251 3813 2291 exse-

2209 2334 2405 2392 quutus
2438 2336 2539 2379 est.
2575 2325 2763 2377 Vidisti
2796 2326 2943 2378 illum
2985 2324 3246 2379 divitem?
3281 2326 3454 2379 vidiin
3489 2342 3808 2396 pauperem,

2211 2417 2387 2470 vidisti
2436 2418 2571 2471 bene
2600 2417 2889 2476 valentem,
2925 2417 3100 2470 vidisti
3136 2418 3377 2484 a-grum?
3408 2418 3580 2471 vidisti
3613 2434 3699 2472 res
3732 2420 3809 2473 illi

2211 2526 2307 2578 pro
2339 2519 2460 2563 voto
2488 2510 2871 2564 succedentes?
2891 2509 3068 2562 vidisti
3101 2510 3247 2563 illum
3277 2512 3513 2564 omnium
3536 2512 3810 2579 jacturatn

2213 2603 2440 2658 fecisse?
2474 2603 2648 2656 vidiin
2679 2605 2889 2673 qualem
2923 2618 2981 2656 se
3003 2603 3305 2657 exhibuerit
3333 2620 3457 2671 erga
3484 2605 3642 2667 lilios,
3676 2621 3810 2676 etgt

2212 2696 2459 2756 famulos,
2492 2711 2618 2764 erga
2648 2696 2837 2764 injuria
2869 2696 3087 2749 εισι-ειυς.
3113 2740 3127 2759 ,
3155 2711 3280 2767 erga
3306 2697 3569 2765 pupillos?
3596 2697 3657 2751 Si
3689 2715 3813 2751 vero

2210 2787 2444 2840 abiissent
2494 2804 2607 2839 cum
2651 2788 2939 2840 irrisoribus
3032 2790 3202 2859 (Ibid.
3263 2789 3342 2859 5),
3374 2788 3538 2859 inquit
3567 2808 3578 2841 :
3606 2789 3656 2843 id
3697 2800 3811 2854 cst,

2210 2878 2395 2950 Neque
2420 2881 2533 2934 lare
2568 2881 2839 2934 consortia
2875 2882 3201 2947 qna-rebatur,
3234 2896 3539 2935 scurrarum
3586 2898 3811 2953 nempe.

2215 2971 2280 3024 Et
2309 2972 2409 3024 hoc
2435 2972 2781 3025 continentia:
2810 2988 2916 3024 non
2952 2988 3171 3041 parvum
3199 2981 3283 3027 est
3312 2974 3541 3040 signum.
3574 2974 3813 3029 Omnem

2214 3064 2409 3131 quippe
2441 3064 2691 3119 virtutem
2737 3074 2974 3118 sectatus
3004 3076 3085 3118 est
3115 3082 3129 3120 :
3164 3075 3217 3119 et
3246 3082 3366 3119 cum
3406 3068 3457 3119 in
3502 3076 3644 3120 tanta
3674 3084 3818 3137 opu-

2215 3148 2375 3202 lentia
2403 3160 2566 3215 esset,
2601 3151 2904 3204 aceuratins
2931 3166 2989 3205 se
3016 3153 3258 3220 gerebat,
3289 3168 3449 3222 quam
3481 3152 3513 3206 ii
3545 3155 3632 3223 qni
3674 3156 3816 3211 nihil

2216 3240 2473 3294 haberent
2504 3258 2517 3293 :
2548 3257 2650 3294 non
2682 3243 2823 3295 enim
2849 3243 2936 3295 ille
2961 3245 3050 3311 qui
3085 3243 3216 3297 nihil
3252 3244 3500 3309 habebat,
3526 3256 3819 3317 tantopere

2214 3346 2242 3383 a
2289 3333 2632 3400 pecuniarum
2681 3349 2867 3386 amore
2908 3335 3119 3388 alienus
3145 3346 3279 3400 erat,
3311 3347 3568 3406 quantum
3603 3338 3692 3392 hic
3719 3342 3818 3407 qni

2218 3435 2290 3479 tot
2324 3435 2576 3496 tantaque
2610 3427 2934 3495 possidebat.
2966 3426 3176 3497 Ubique
3198 3430 3339 3484 enim
3373 3431 3533 3483 animi
3558 3434 3819 3501 proposi-

2219 3527 2327 3571 tmn
2371 3531 2454 3573 est
2492 3519 2630 3587 quod
2662 3532 2971 3574 coronatur.
3014 3520 3079 3574 Et
3117 3521 3184 3574 ad
3224 3522 3395 3591 ipsum
3437 3527 3823 3592 temperantiae

2215 3613 2427 3666 enlmeo
2464 3614 2554 3667 ille
2586 3614 2924 3678 ascmulerat,
2957 3624 3009 3667 et
3038 3616 3289 3669 virtutem
3321 3631 3440 3670 cum
3469 3618 3822 3673 accuratione

2218 3706 2528 3774 congruenti
2560 3718 2883 3775 cx~equutns
2914 3707 3108 3760 fuerat.

2294 3800 2417 3853 lla-c
2443 3798 2722 3860 :rmulare,
2757 3799 2970 3864 dilecte,
3008 3799 3122 3854 ha-c
3154 3800 3398 3862 imitare;
3432 3810 3483 3855 ct
3513 3800 3649 3856 hanc
3681 3804 3822 3855 ima—

2220 3893 2394 3961 ginem
2429 3893 2519 3943 tibi
2545 3892 2809 3960 depictam
2841 3908 3144 3959 assnmi-ns,
3177 3894 3226 3945 itt
3256 3896 3584 3948 conscientia
3619 3905 3705 3949 tua
3729 3897 3820 3950 iu-

2223 3987 2323 4053 lige
2352 4000 2363 4036 :
2394 3995 2447 4036 et
2472 3986 2513 4036 si
2543 3986 2593 4036 in
2622 3999 2852 4038 interore
2881 3986 2974 4045 sis,
3006 3985 3071 4038 ad
3102 3986 3247 4037 illum
3278 3987 3539 4053 continge;
3581 3988 3623 4041 si
3654 3990 3706 4041 in
3728 3989 3819 4043 di-

2222 4079 2385 4139 vitiis,
2416 4078 2536 4130 hinc
2565 4078 2911 4146 pharmacum
2943 4088 3081 4145 pete,
3117 4079 3184 4131 ita
3215 4089 3268 4131 ιιι
3299 4096 3471 4149 neque
3498 4092 3825 4151 paupertate

2222 4171 2559 4240 deprimaris,
2583 4189 2755 4242 neque
2773 4176 2821 4227 in
2838 4175 3036 4229 divitiis
3065 4175 3288 4231 inﬂeris.
3316 4177 3369 4231 Si
3390 4179 3526 4231 lilios
3543 4182 3797 4238 amiseris
3815 4219 3831 4241 ο

2225 4264 2345 4317 hinc
2365 4268 2787 4321 Consolationem
2822 4269 2985 4322 habes
3011 4288 3023 4324 :
3054 4269 3140 4323 hic
3161 4272 3303 4325 enim
3335 4274 3545 4327 culmen
3575 4275 3827 4334 invenies

2222 4369 2275 4411 et
2307 4360 2666 4413 calamitatum
2697 4360 3035 4428 ctpatientiae
3067 4379 3079 4414 :
3111 4364 3153 4416 si
3182 4364 3233 4416 in
3267 4364 3510 4418 morbum
3536 4366 3823 4436 incideris,

2225 4454 2394 4517 tegita
2422 4454 2679 4506 vermium
2710 4456 3085 4525 Sraturigines,
3118 4472 3253 4525 quas
3281 4473 3410 4511 caro
3440 4459 3556 4529 ejus
3585 4461 3825 4516 ebullie-

2224 4544 2345 4607 bat;
2373 4557 2425 4598 et
2454 4545 2632 4597 omnia
2663 4547 2928 4613 patienter
2954 4548 3095 4601 feres
3128 4567 3139 4601 :
3171 4551 3212 4601 si
3242 4553 3443 4605 amicus
3473 4553 3563 4606 tibi
3596 4554 3828 4611 insidias

2224 4638 2479 4691 struxerit
2499 4679 2512 4701 ,
2544 4653 2732 4691 rursus
2757 4649 3001 4693 sanctum
3031 4641 3082 4693 in
3116 4643 3351 4695 medimn
3375 4644 3573 4709 adduc,
3601 4656 3657 4699 ct
3684 4648 3825 4703 iram

2225 4738 2366 4781 tuam
2410 4731 2686 4797 superabis
2722 4750 2735 4785 ε
2767 4732 2811 4785 si
2845 4736 2932 4802 qui
2964 4734 3084 4786 vilis
3114 4735 3267 4803 pretii
3298 4745 3350 4789 te
3382 4737 3660 4808 impetant,
3691 4755 3826 4808 pcr~

2223 4823 2396 4891 pende
2424 4839 2483 4876 ea
2525 4840 2643 4892 qute
2686 4840 2712 4876 a
2747 4826 2957 4880 famulis
2990 4827 3100 4897 ipse
3148 4843 3336 4896 passus
3362 4841 3463 4896 est,
3496 4842 3551 4884 et
3593 4833 3825 4889 multam

2224 4917 2455 4984 accipies
2492 4917 2806 4971 medicinam
2851 4937 2864 4972 ε
2904 4921 2946 4973 si
2996 4923 3130 4974 mala
3169 4923 3411 4991 quredam
3444 4926 3679 4992 suspicio
3734 4929 3823 4982 itt-

2226 5009 2403 5070 vadat,
2435 5009 2605 5077 cegita
2633 5010 2718 5063 illa
2762 5026 2879 5079 qua:
2902 5012 2967 5066 de
2992 5011 3091 5065 hoc
3115 5013 3370 5078 dixerint,
3405 5018 3546 5085 quod
3581 5018 3825 5073 nondum

2228 5103 2458 5169 peccatis
2508 5119 2662 5171 pares
2712 5119 2897 5172 paruas
2939 5105 3168 5171 dederit,
3200 5118 3255 5163 et
3281 5110 3453 5178 qualia
3498 5112 3592 5179 ipsi
3626 5129 3826 5182 expro-

2226 5192 2476 5257 brarent;
2510 5205 2561 5246 ct
2601 5194 2649 5247 id
2695 5211 2908 5265 quoque
2949 5199 3119 5251 tuorbi
3151 5202 3451 5268 snperabis.
3486 5202 3638 5258 Nulla
3672 5208 3823 5263 enim

2225 5298 2332 5345 est.
2360 5297 2416 5340 ttt
2447 5287 2595 5340 initio
2622 5288 2754 5351 dixi,
2783 5290 2832 5342 in
2868 5290 3171 5345 hominibus
3213 5294 3491 5349 calamitas
3518 5315 3675 5365 quant
3713 5317 3825 5357 non

2228 5393 2415 5446 passus
2446 5379 2515 5433 sit
2542 5379 2627 5434 hic.
2656 5383 2755 5443 vir,
2786 5382 3071 5435 adamante
3104 5383 3342 5451 ﬁrmior;
3374 5386 3567 5442 laniem
3603 5405 3822 5462 nempe,

2228 5481 2617 5540 paupertatem,
2636 5475 2903 5539 morbum,
2924 5475 3151 5531 ﬁliorum
3179 5481 3547 5545 amissioitem,
3566 5494 3643 5538 tot
3658 5502 3825 5556 opum

2221 5564 2485 5633 jaettnatn
2512 5569 2667 5621 simul
2709 5570 2985 5640 excipiens
3014 5582 3067 5626 et
3111 5574 3371 5629 tolerans.
3418 5577 3481 5630 Et
3512 5592 3625 5643 post
3656 5584 3823 5638 etiam

2226 5671 2435 5727 reputa,
2462 5659 2602 5725 quod
2631 5662 2809 5715 uxoris
2854 5663 3078 5729 insidiis,
3107 5668 3401 5720 amicorum
3434 5671 3697 5725 molestiis
3722 5690 3824 5741 ap.

2226 5762 2440 5819 potitus.
2464 5767 2490 5803 a
2517 5752 2727 5806 funalis
2752 5754 3106 5825 iutpngnatns,
3133 5762 3420 5825 pcrontnia
3448 5766 3632 5831 quavis
3664 5777 3815 5834 petra

2227 5848 2425 5899 lautior
2467 5855 2715 5900 οδιιςιιδιιδ
2755 5859 2866 5915 est,
2900 5860 2949 5903 et
2982 5848 3093 5905 haec
3125 5859 3247 5907 ante
3283 5854 3451 5924 legem
3494 5866 3542 5911 ct
3566 5860 3819 5926 gratiam.
