4036 6406
107 342 211 396 I85
991 325 1035 381 Υ
1077 320 1383 387 HOMIIJA,
1430 316 1520 373 DE
1558 308 1809 370 STUDIO
1849 305 2516 375 PR.£SI.NTilJ.\I,ETC.

103 467 312 521 Etenim
360 474 427 514 ne
483 454 762 510 minimam
804 444 1028 519 quidem
1072 436 1393 497 habebimus
1433 428 1711 489 defensio-

102 575 244 623 nent,
270 555 315 609 si
340 560 461 623 post
498 548 675 619 legem
718 552 775 598 et
798 540 1029 614 gratiam
1068 544 1218 590 tanto
1251 529 1492 623 fruentes
1535 521 1707 623 dono,

101 613 279 705 minus
308 613 739 712 feramus‘quam
764 613 855 690 ine
874 632 967 704 qui
993 630 1047 685 in
1075 623 1342 699 principio
1364 629 1421 676 et
1448 616 1581 687 ipsis
1602 613 1711 712 ini-

101 703 336 800 tiisvime
363 703 621 793 humana:
648 739 852 786 tantam
893 703 1142 782 exhibuit
1184 711 1609 788 philosophiam.
1644 703 1715 763 Ut

101 852 228 908 ergo
281 844 340 889 et
384 826 819 888 consolationem
878 810 1287 908 habeamus-in
1334 802 1716 908 tristibuslet

102 899 321 999 opiimat
371 918 735 996 philnsOphim
787 910 1155 981 disciplinam,
1205 902 1293 956 his
1344 899 1713 999 conscriptis,

3318 297 3421 355 I88

1817 425 1893 481 ita
1945 423 2306 485 recedamus,
2360 422 2683 477 u-nuilemnr
2720 420 2983 477 athletam
3044 420 3271 490 ejusque
3311 436 3430 474 cer-

1818 518 2019 574 tamina
2064 517 2382 573 imitemur:
2415 526 2473 572 ut
2509 526 2560 571 et
2608 513 2788 571 futura
2829 529 3230 586 consequamur
3264 512 3426 581 bona,

1816 610 1990 683 gratia
2018 619 2073 667 et
2103 607 2442 682 benignitate
2472 609 2683 665 Domini
2714 609 2885 665 nostri
2912 608 3043 665 Iesu
3078 606 3306 668 Christi.
3338 623 3437 675 per

1817 716 1983 772 quem
2033 708 2091 758 et
2142 715 2267 756 cum
2319 717 2428 772 quo
2484 701 2627 756 Patri
2666 701 2839 772 gloria
2868 742 2883 765 ,
2930 716 3035 755 una
3080 715 3205 756 cum
3244 709 3438 754 sancto

1820 792 2044 864 Spiritu,
2088 808 2234 849 nunc
2272 804 2328 850 et
2378 810 2619 866 semper,
2648 804 2705 849 et
2750 794 2804 848 in
2856 793 3053 850 saecula
3081 792 3427 849 saculnrum.

1826 888 1866 941 Α
1878 903 2023 945 men.

101 995 3429 1060 ᾜ*

1516 1048 1867 1118 HOMILIA
1908 1051 1987 1113 V.

108 1218 359 1292 Ejusdem
385 1211 601 1268 humilia
621 1252 633 1267 .
667 1204 842 1261 habite
870 1201 923 1255 in
955 1194 1145 1292 templo
1182 1178 1716 1292 ωηερε-ἔναιεσὲξῖ

176 1268 349 1367 Inidia
398 1302 729 1376 praemium
777 1306 823 1350 et
865 1293 931 1346 de
973 1285 1179 1361 ignauia
1218 1278 1505 1337 absentium
1532 1268 1718 1379 {quod

178 1404 243 1457 sit
272 1394 621 1470 psallendum,
652 1398 697 1445 et
725 1384 862 1459 quod
904 1378 1202 1437 mulieribus
1245 1386 1397 1429 ams
1424 1382 1528 1422 non
1555 1377 1720 1435 tmpe-

179 1496 411 1547 dimento
441 1489 508 1544 sit
535 1485 604 1539 ad
633 1481 833 1538 uirtutis
859 1490 1087 1531 cursant.
1433 1554 1445 1557 ξ
1706 1546 1718 1557 ⁸

183 1590 238 1641 t.
264 1584 439 1653 Quam
461 1574 774 1634 dulcissltna
796 1580 883 1627 est
900 1566 1302 1637 Scripturarum
1322 1554 1485 1653 lectio
1499 1560 1553 1653 et
1573 1554 1723 1653 omni

116 1644 544 1751 prato~suavior,
576 1680 740 1741 atque
768 1662 1017 1737 pomario
1045 1654 1301 1751 paradiso
1321 1644 1721 1751 delectabilior,

116 1740 353 1827 maxime
382 1779 517 1820 vero
541 1740 665 1818 cum
708 1754 946 1827 cognitio
970 1748 1194 1807 lectioni
1233 1745 1470 1801 additur.
1502 1740 1725 1796 Pratum

117 1864 297 1929 enim,
339 1868 397 1913 et
442 1856 637 1911 florum
685 1845 1064 1921 pulchritudo,
1112 1850 1171 1898 et
1224 1838 1479 1929 arborum
1533 1844 1727 1929 contr,

118 1924 527 2018 rosa,'hcdera,
559 1954 790 2016 myrtus,
815 1940 991 1995 visum
1020 1935 1317 1996 delectant,
1340 1928 1437 1985 sed
1469 1924 1733 2018 post

122 2013 325 2118 paucos
374 2013 768 2097 marcescunt:
800 2031 1206 2100 Scripturarum
1260 2031 1441 2118 autem
1494 2013 1734 2118 cogniti?

125 2105 365 2194 mentem
403 2131 600 2195 munit,
640 2121 1030 2181 conscientiam
1076 2123 1288 2189 purgat,
1326 2108 1619 2167 illiberales
1656 2105 1737 2159 af-

127 2232 297 2284 fectus
326 2224 538 2284 avellit.
566 2221 825 2274 virtutem
855 2214 1085 2285 plantat,
1126 2203 1471 2264 ratiocinium
1500 2199 1738 2256 sublime

126 2324 300 2386 effert,
351 2334 462 2375 non
498 2312 766 2389 permittit
811 2317 871 2364 ut
910 2307 1299 2375 inexspectatts
1345 2294 1605 2389 arumnis
1636 2293 1739 2349 im—

131 2426 459 2486 mergamur,
488 2388 777 2465 sublimius
808 2400 971 2472 erigit
994 2412 1157 2470 quam
1184 2403 1245 2450 ut
1269 2390 1471 2451 diaboli
1504 2388 1609 2486 tela

130 2479 395 2577 attingere
419 2501 645 2573 possint.
661 2497 918 2566 adipsum
961 2488 1219 2547 transfert
1262 2486 1481 2577 caelum,
1509 2479 1744 2577 absolvit

133 2570 367 2655 animam
391 2570 676 2649 a—vinculis
712 2585 979 2656 corporis,
1009 2584 1161 2638 leves
1199 2579 1379 2635 reddit
1400 2576 1553 2641 alas;
1580 2570 1743 2644 quid—

134 2692 260 2763 quid
290 2689 422 2746 boni
439 2686 562 2757 quis
584 2682 804 2747 dixerit,
824 2678 877 2734 in
896 2675 1202 2733 auditorum
1228 2680 1468 2729 mentem
1481 2664 1743 2725 immittit.

136 2784 260 2842 ideo
287 2785 414 2839 illos
439 2780 531 2853 qui
558 2778 757 2834 absunt
790 2772 1024 2829 miseros
1052 2767 1351 2841 praedicare
1392 2780 1501 2820 non
1551 2774 1745 2827 cesso,

138 2890 341 2945 vosque
368 2873 461 2945 qui
486 2870 691 2926 adestis
713 2866 904 2922 beatos
926 2861 1205 2919 celebrare
1223 2900 1239 2925 ,
1279 2858 1403 2930 quia
1431 2854 1748 2945 thesaurum

137 2944 501 3039 colligitisqni
528 2959 727 3017 insumi
756 2972 862 3013 non
887 2962 1067 3027 potest
1092 2951 1312 3008 divitias
1345 2964 1469 3019 qua:
1509 2944 1749 3018 impendi

137 3070 435 3134 nequeunt,
451 3066 509 3113 et
529 3053 811 3112 facultates
830 3046 1047 3105 invidiae
1068 3059 1177 3101 non
1200 3043 1483 3107 obnoxias,
1506 3048 1566 3134 ut
1584 3039 1751 3095 multa

139 3132 329 3227 repleti
357 3150 573 3216 latitia,
619 3146 843 3204 domum
881 3140 1159 3199 receditis.
1199 3134 1342 3194 Nihil
1363 3134 1514 3193 enim
1556 3132 1630 3188 ita
1654 3148 1752 3183 vn-

142 3249 406 3319 iuptatem
451 3256 645 3314 parere
690 3244 890 3309 potest,
935 3241 997 3291 ut
1039 3229 1371 3290 conscientia
1418 3239 1553 3299 pura
1578 3241 1592 3282 :
1619 3238 1753 3297 pura

140 3353 318 3399 autem
342 3338 581 3398 efficitur
601 3330 958 3395 conscientia,
977 3326 1192 3387 etiamsi
1211 3332 1405 3382 onusta
1429 3322 1502 3378 sit
1522 3320 1755 3393 peccatis

139 3434 463 3493 innumeris.
502 3444 625 3487 cum
674 3425 986 3497 frequenter
1027 3420 1346 3478 concionem
1377 3415 1546 3472 audit.
1570 3413 1755 3487 Neque

142 3529 283 3586 enim
310 3524 587 3598 prioribus
606 3518 820 3576 delictis
844 3530 980 3572 nova
1003 3514 1184 3580 addit;
1210 3512 1321 3568 imo
1344 3509 1509 3568 etiam
1535 3517 1755 3598 peccata

144 3597 404 3683 absumit,
464 3626 521 3672 et
564 3614 746 3669 minus
787 3622 1114 3683 propensam
1168 3601 1348 3661 reddit
1399 3600 1634 3657 animam
1685 3597 1755 3653 ad

146 3713 364 3771 easdem
410 3726 498 3765 rrs
526 3704 936 3779 aggrediendas.

214 3806 412 3864 Contr:
434 3801 767 3873 pecum'arum
788 3796 1139 3869 cupiditatem.
1160 3790 1361 3849 Iudici!
1379 3788 1541 3865 futuri
1563 3786 1759 3843 descri-

148 3903 273 3970 ptio.
300 3896 620 3953 Auditorum
644 3888 996 3964 Chrysostomi
1023 3886 1263 3961 gemitus.
1290 3912 1365 3928 -
1392 3881 1600 3939 Idcirco
1624 3893 1760 3951 rogo

146 3984 386 4049 vestram
413 3987 718 4049 caritatem,
743 3984 860 4040 bzec
888 3979 1203 4055 frequenter
1227 3978 1293 4034 iis
1316 3974 1411 4049 qui
1436 3975 1634 4034 absunt
1657 3976 1759 4030 de-

147 4084 411 4150 cantetis,
445 4082 677 4153 illosque
716 4079 827 4134 cito
864 4073 1137 4132 reducatis
1163 4070 1233 4129 ad
1262 4082 1604 4127 communem
1648 4082 1762 4122 nia-

151 4188 285 4233 trem
309 4218 325 4242 ,
368 4189 437 4228 ac
458 4170 819 4241 spiritualium
856 4167 1131 4223 lucrorum
1157 4169 1443 4219 consortes
1480 4157 1757 4216 reddatis:

152 4288 256 4327 non
285 4269 433 4326 enim
457 4264 893 4325 diminutionem,
922 4258 1020 4316 sed
1044 4264 1393 4329 augmentum
1415 4255 1518 4310 hoc
1536 4267 1764 4310 consorb

151 4368 281 4420 tium
316 4362 478 4433 parit.
508 4358 643 4425 Sed,
672 4371 707 4411 ο
732 4354 1085 4428 pecuniarum
1119 4349 1383 4425 tyrannis,
1414 4364 1536 4420 quas
1562 4348 1764 4404 multos

152 4460 377 4511 fratrum
421 4461 737 4507 nostrorum
767 4447 838 4502 ab
866 4443 1130 4505 boc.ovili
1172 4442 1422 4498 amovet!
1456 4439 1588 4495 nihil
1614 4440 1761 4497 enim

150 4547 291 4605 aliud
317 4560 417 4602 eos
457 4543 585 4599 hinc
626 4548 863 4607 amovet,
892 4552 1054 4609 quam
1100 4534 1281 4607 gravis
1327 4532 1418 4588 ille
1457 4531 1680 4587 morbus
1709 4539 1765 4587 et

153 4652 448 4708 numquam
492 4635 760 4691 exstincta
790 4631 981 4687 fornax
1012 4646 1027 4684 :
1057 4628 1175 4685 haec
1196 4627 1442 4692 domina,
1480 4626 1762 4697 plusquam

154 4732 378 4786 barbara
402 4769 421 4793 ,
446 4726 637 4799 quavis
661 4724 840 4782 bellua
870 4722 1126 4787 ferocior,
1169 4730 1223 4777 et
1268 4721 1401 4791 ipsis
1426 4719 1766 4775 damonibus

153 4825 349 4888 acrior,
378 4822 632 4890 captivos
655 4832 785 4875 suos
806 4832 991 4874 secum
1017 4829 1333 4873 assumens;
1350 4813 1475 4869 illos
1500 4828 1645 4869 nunc
1667 4830 1766 4886 per

155 4917 328 4971 furum
374 4912 715 4976 circumfert,
768 4910 953 4983 gravia
1003 4908 1138 4966 dans
1168 4915 1437 4980 przecepta
1489 4922 1593 4964 nec
1628 4907 1766 4965 sinit

157 5027 247 5068 eos
296 5010 384 5065 vel
444 5008 712 5063 tantillum
782 5005 1054 5076 respirare
1118 5018 1150 5058 ιι
1196 5000 1514 5071 perniciosis
1562 4999 1767 5055 labori-

156 5106 272 5161 bus.
304 5102 415 5159 Sed
444 5100 575 5171 quid
622 5098 858 5162 facient,
890 5112 1012 5152 cum
1042 5095 1161 5151 dies
1187 5094 1285 5150 ille
1317 5093 1579 5149 terribilis
1601 5092 1772 5149 adve-

159 5198 287 5264 uiet,
312 5193 579 5265 judicium
612 5192 1009 5261 incorruptum,
1042 5196 1101 5243 et
1128 5180 1299 5242 Judex
1330 5185 1420 5256 qui
1446 5184 1624 5254 decipi
1658 5201 1765 5240 non

160 5288 369 5362 potest?
396 5303 521 5343 cum
551 5285 670 5345 vela
702 5284 962 5340 caelorum
984 5280 1376 5337 contrahentur
1396 5278 1498 5349 (α),
1524 5287 1581 5333 et
1600 5292 1768 5348 ange-

161 5387 328 5439 lorum
377 5380 611 5456 pnpultts
654 5393 777 5435 cum
822 5375 1013 5433 Iudice
1056 5372 1393 5429 descendet?
1422 5386 1545 5427 cum
1584 5371 1768 5427 omnia

160 5478 294 5532 nuda
322 5485 378 5531 et
398 5484 586 5543 aperta
614 5470 814 5526 erunt?
835 5484 1011 5541 neque
1032 5467 1177 5524 enim
1197 5475 1323 5521 tunc
1342 5466 1623 5521 rhetorum
1650 5462 1767 5517 elo-

164 5566 398 5639 quentia,
431 5578 542 5622 non
572 5565 658 5621 vis
687 5562 962 5635 pecunia,
994 5573 1173 5631 neque
1200 5556 1347 5614 aliud
1369 5556 1582 5630 quidvis
1604 5556 1766 5626 justi-

221 5723 294 5783 (ei
320 5721 532 5775 Videtur
564 5717 791 5783 alludere
824 5710 1285 5783 Chrysostmtnsad
1322 5709 1416 5763 cvi
1448 5712 1525 5762 sui
1546 5719 1768 5772 morem;

163 5776 262 5835 nam
280 5776 449 5836 velum
476 5796 607 5846 κιαι.
630 5788 750 5833 ante
767 5776 961 5844 iudices
982 5776 1368 5828 obtendebatur.

487 5882 764 5945 Pareat.
814 5881 931 5942 (is.
990 5881 1212 5943 LXIII.

1826 1196 1954 1250 tiam
1991 1212 2346 1269 corrumpere
2375 1200 2595 1270 poterit.
2639 1199 2868 1267 Quando
2907 1199 3053 1254 enim
3094 1201 3444 1269 incorruptus

1823 1289 2034 1359 Judex,
2063 1290 2156 1363 qui
2192 1294 2374 1347 omnia
2413 1293 2559 1348 clare
2599 1294 2783 1355 novit,
2831 1302 3048 1361 peccata
3079 1303 3209 1348 ante
3248 1292 3445 1352 oculos

1833 1392 2035 1443 statuet
2065 1386 2223 1457 quasi
2246 1386 2301 1441 in
2335 1384 2574 1458 imagine
2600 1384 2853 1455 depicta;
2886 1391 3017 1438 tunc
3044 1398 3145 1438 nec
3176 1397 3291 1449 rex,
3322 1396 3424 1436 nec

1834 1478 2004 1537 idiota
2021 1488 2359 1549 comparent,
2378 1494 2485 1533 non
2502 1493 2728 1547 pauper,
2742 1492 2850 1531 non
2867 1477 3042 1539 dives,
3060 1491 3166 1529 non
3179 1477 3419 1545 sapiens.

1831 1582 1939 1623 non
1991 1565 2287 1632 indoctus;
2330 1565 2425 1621 sed
2480 1566 2589 1622 illa:
2635 1579 2827 1621 omnes
2884 1564 3048 1621 larva
3104 1563 3447 1633 auferuntur,

1832 1669 1995 1731 atque
2042 1674 2108 1713 ex
2151 1669 2431 1730 gestorqu
2482 1668 2783 1726 conspectu
2821 1672 3015 1713 omnes
3058 1658 3131 1713 ibi
3178 1659 3449 1713 visuntur.

1835 1750 1952 1807 Non
1986 1751 2319 1821 conspicitur
2348 1749 2422 1805 ibi
2466 1750 2715 1806 diadema
2763 1750 3018 1822 cingens,
3058 1768 3165 1806 nun
3217 1766 3454 1820 purpura

1835 1842 2088 1909 amictus,
2118 1857 2227 1897 non
2253 1857 2420 1897 curru
2442 1852 2653 1907 vectus,
2679 1841 2771 1913 qui
2806 1842 2958 1897 mille
2986 1843 3209 1897 lictores
3237 1842 3454 1906 habent,

1839 1932 1894 1989 in
1938 1932 2060 1990 foro
2098 1932 2313 1990 turbam
2352 1944 2645 1991 arcentes:
2676 1932 2775 1990 sed
2821 1934 2973 1990 istaec
3012 1934 3193 1990 omnia
3247 1934 3456 1989 sublata

1840 2035 2003 2092 sunt,
2051 2034 2109 2082 ct
2160 2026 2292 2083 nudi
2348 2026 2548 2098 singuli
2599 2027 2962 2093 inducuntur,
3021 2043 3089 2084 ex
3136 2028 3307 2098 gestis
3367 2038 3463 2082 aut

1845 2119 2105 2189 perniciei
2141 2128 2236 2175 aut
2300 2119 2494 2175 salutis
2532 2134 2755 2177 causam
2818 2120 3082 2177 habentes
3132 2138 3148 2175 :
3200 2130 3259 2176 ut
3314 2124 3462 2177 enin.

1845 2212 2055 2284 singula
2085 2221 2238 2282 gesta
2266 2210 2495 2277 fuerint,
2522 2212 2603 2269 sic
2624 2212 2867 2268 calculus
2896 2214 3090 2268 fertur.
3124 2212 3287 2270 Multa
3310 2212 3466 2269 vobis

1846 2307 1989 2365 bona
2030 2306 2157 2363 hinc
2188 2306 2542 2376 proveniant,
2591 2304 2736 2377 quod
2776 2320 2900 2362 cum
2941 2313 3094 2361 tanto
3138 2306 3319 2361 studio
3350 2305 3469 2360 hum

1847 2399 2015 2455 verba
2058 2398 2335 2455 audiatis:
2370 2414 2495 2454 nam
2526 2397 2864 2469 singulorum
2910 2400 3174 2469 gemitus,
3227 2408 3284 2454 et
3321 2398 3466 2469 quod

1849 2492 2059 2549 vultum
2092 2491 2441 2563 percutiatis,
2491 2490 2687 2547 horum
2737 2490 3007 2546 seminum
3052 2490 3190 2545 mihi
3232 2488 3470 2545 fructum

1852 2583 2077 2641 indicat.
2112 2584 2241 2641 Ideo
2269 2583 2502 2640 miseros
2531 2582 2775 2654 praedico
2804 2582 2933 2637 illos
2962 2582 3054 2653 qui
3085 2583 3286 2638 absunt
3304 2625 3319 2647 .
3347 2584 3472 2654 quia

1851 2693 1980 2737 cum
2027 2687 2173 2734 tanta
2219 2686 2444 2749 possent
2490 2676 2595 2733 frui
2647 2692 2803 2745 cura,
2856 2677 3131 2734 ulceribus
3158 2688 3370 2735 scatent
3419 2690 3477 2734 et

1854 2770 2171 2826 vulneribus
2198 2770 2566 2843 quotidianis,
2612 2785 2789 2839 neque
2832 2784 2896 2827 se
2938 2778 3206 2841 aegrotare
3244 2770 3470 2825 sciunt":

1856 2861 2090 2929 ideoque
2120 2860 2245 2917 illos
2286 2876 2451 2918 sanos
2484 2860 2600 2918 fieri
2638 2860 2856 2917 difﬁcile
2891 2872 2991 2917 est.
3048 2859 3184 2929 Quis
3208 2862 3355 2918 enim
3380 2876 3479 2917 ens

1858 2952 1943 3009 his
1971 2951 2041 3010 de
2071 2952 2235 3009 rebus
2275 2952 2626 3025 alloquetur?
2656 2968 2724 3009 an
2776 2953 3020 3009 uxores?
3063 2952 3172 3011 Sed
3215 2968 3322 3009 una
3368 2953 3479 3008 illis

1857 3061 1990 3104 cura
2032 3055 2119 3104 est
2164 3064 2182 3103 :
2225 3044 2296 3104 de
2346 3046 2550 3111 aureis,
2603 3045 2674 3102 de
2732 3045 3095 3115 vestimentis,
3151 3047 3221 3103 de
3268 3046 3478 3118 reliqua

1861 3140 2262 3213 magnificentia
2300 3182 2315 3206 ,
2363 3149 2421 3197 et
2472 3137 2543 3197 de
2583 3138 2749 3198 domo
2791 3139 3061 3208 sollicitae,
3100 3154 3198 3197 eos
3232 3140 3328 3213 qui
3370 3140 3481 3196 illic

1862 3233 2125 3300 habitant,
2188 3233 2419 3291 moleste
2470 3242 2728 3290 tractant.
2777 3236 2860 3290 Au
2902 3232 3127 3290 famuli?
3169 3233 3479 3307 quomodo.

1860 3342 1983 3384 cum
2023 3326 2227 3383 nullam
2272 3326 2507 3383 habeant
2558 3324 2811 3399 loquendi
2863 3326 3197 3394 libertatem,
3231 3337 3289 3383 et
3316 3342 3480 3383 uuam

1862 3419 1964 3491 ipsi
2012 3433 2232 3491 quoque
2279 3432 2469 3475 curam
2505 3418 2744 3475 habeant
2786 3419 3150 3476 ministerium
3184 3433 3344 3476 suum
3381 3421 3482 3477 im.

1864 3512 2085 3589 plendil
2110 3514 2194 3569 Au
2232 3511 2483 3585 iudices?
2512 3512 2608 3570 sed
2636 3512 2769 3569 nihil
2796 3512 2942 3573 aliud
2973 3513 3048 3570 illi
3078 3522 3295 3581 curant,
3319 3531 3483 3585 quam

1864 3605 2233 3663 resurbanas.
2279 3608 2363 3662 An
2405 3603 2547 3662 forte
2584 3620 2741 3677 reges
2778 3615 2838 3662 et
2882 3605 2919 3662 ii
2969 3605 3064 3678 qui
3106 3604 3358 3665 diadema
3384 3622 3485 3679 gn-

1865 3698 2049 3755 stant?
2097 3713 2288 3755 verum
2344 3696 2563 3755 illorum
2609 3698 2766 3755 labor
2816 3699 2998 3755 omnis
3050 3709 3300 3756 versatur
3342 3701 3486 3756 circa

1866 3791 2193 3862 imperium,
2234 3790 2533 3861 potentiam
2584 3802 2643 3848 et
2700 3790 2984 3864 pecunias.
3016 3792 3102 3848 An
3147 3791 3251 3864 ipsi
3277 3792 3489 3865 seipsn‘

1864 3883 2256 3942 concitabunt?
2285 3891 2345 3940 at
2370 3882 2644 3954 quomodo
2675 3883 2730 3940 id
2756 3884 2974 3940 valeant
3002 3882 3064 3951 ii,
3093 3883 3185 3955 qui
3212 3899 3283 3941 ne
3308 3886 3486 3960 respi-

1867 3994 1989 4037 rare
2016 3978 2236 4053 quidem
2280 3988 2511 4051 possunt
2534 3979 2608 4036 ob
2647 3979 2988 4051 negotiorum
3028 3978 3275 4047 turbam,
3308 3979 3407 4037 sed
3436 3992 3489 4037 et

1870 4082 2084 4132 noctem
2111 4073 2368 4145 diemque
2394 4087 2459 4130 ea
2491 4071 2543 4128 in
2591 4086 2655 4131 re
2697 4071 3003 4130 insumunt.
3032 4071 3154 4145 om
3182 4070 3348 4146 igitur
3379 4088 3490 4128 non

1869 4168 2296 4227 miserabiliores
2345 4166 2549 4224 fuerint
2601 4166 2714 4233 illi,
2769 4165 2863 4240 qui
2921 4165 3207 4225 innumera
3263 4168 3490 4225 vulnera

1868 4262 2090 4335 quidem
2134 4262 2406 4335 accipiunt
2426 4304 2444 4329 ,
2494 4272 2554 4318 et
2590 4259 2700 4318 huc
2724 4276 2834 4317 non
2865 4261 3153 4326 accedunt,
3185 4261 3279 4318 ubi
3307 4260 3491 4319 disce-

1870 4372 1933 4414 re
1980 4355 2298 4428 possintse,
2327 4355 2432 4411 etsi
2479 4353 2800 4412 vulneribus
2850 4353 3095 4419 affectos,
3126 4369 3287 4426 posse
3314 4356 3386 4411 ah
3426 4356 3493 4413 iis

1871 4448 2120 4513 liberari,
2148 4458 2204 4505 ct
2229 4447 2591 4504 valetudinem
2639 4447 2921 4520 consequi.
2964 4447 3321 4519 Quandonam
3361 4466 3493 4521 crgn

1874 4542 1928 4597 hi
1960 4543 2196 4598 animam
2245 4557 2399 4597 suam
2442 4540 2757 4597 curabunt?
2798 4541 3106 4613 Optandum
3149 4543 3295 4597 enim
3324 4555 3408 4598 est
3436 4551 3495 4597 nt

1875 4640 1931 4699 ii.
1963 4636 2054 4710 qui
2090 4634 2402 4708 frequenter
2447 4635 2500 4690 in
2552 4635 2839 4691 ecclesiam
2880 4636 3249 4703 conveniunt,
3294 4644 3353 4693 ct
3393 4634 3493 4692 do-

1874 4733 2048 4787 ctrina
2092 4728 2360 4801 spirituali
2389 4736 2648 4801 tantaque
2671 4743 2802 4785 cura
2839 4729 3113 4797 fruuntur,
3142 4745 3337 4801 pravas
3362 4745 3496 4787 con-

1872 4823 2235 4895 cupiscentias
2261 4822 2482 4877 vincere
2505 4830 2561 4878 et
2586 4818 2802 4879 frenare
2834 4822 3073 4893 possint,
3100 4833 3261 4897 atque
3285 4823 3355 4879 ad
3381 4825 3496 4879 vir-

1875 4918 2004 4973 tutis
2030 4914 2350 4971 exercitium
2371 4929 2432 4971 se
2456 4923 2802 4971 convertere.

1944 5004 2002 5067 ἰ.
2032 5008 2227 5067 Cantus
2266 5007 2603 5080 psalmorum.
2636 5036 2715 5052 --
2744 5005 2942 5064 Verum
2984 5024 3055 5065 ne
3084 5008 3340 5067 absentes
3375 5010 3499 5068 illos

1875 5114 2140 5178 perpetuo
2161 5102 2477 5160 incusantes
2500 5116 2532 5157 a
2569 5102 2848 5158 consuetis
2878 5117 2975 5158 vos
3000 5106 3287 5175 privemus
3308 5147 3325 5171 ,
3356 5121 3457 5177 age
3478 5147 3498 5171 .

1871 5199 2089 5255 solitam
2134 5194 2290 5252 vobis
2330 5209 2575 5251 mensum
2611 5209 2971 5265 apponamus,
3010 5205 3066 5250 et
3115 5195 3185 5252 de
3225 5196 3493 5268 psallendi

1877 5291 2026 5346 lucro
2051 5288 2216 5344 verba
2244 5286 2529 5342 faciamus.
2550 5286 2690 5344 Ecce
2719 5303 2951 5360 namque
2978 5289 3225 5346 incidens
3254 5292 3498 5362 psalmus

1876 5384 2055 5439 varias
2098 5382 2319 5439 miscuit
2344 5394 2526 5445 voces,
2558 5387 2614 5435 et
2667 5396 2832 5435 unum
2882 5382 3095 5437 cunctis
3124 5382 3350 5440 vocibus
3377 5399 3495 5439 mo-

1876 5476 2118 5533 dulatum
2166 5475 2436 5531 canticum
2487 5474 2540 5527 in
2588 5471 2757 5527 altum
2802 5474 3060 5530 excitavit
3108 5494 3123 5529 :
3169 5475 3402 5546 juvenes
3443 5488 3499 5531 ct

1878 5586 2061 5637 senes,
2087 5567 2285 5625 divites
2322 5573 2379 5623 et
2397 5580 2695 5638 pauperes,
2721 5567 2981 5625 mulieres
3009 5579 3067 5625 et
3110 5571 3242 5637 viri,
3273 5572 3417 5627 servi
3440 5583 3497 5627 et

1877 5663 2055 5730 liberi,
2076 5662 2248 5719 melos
2288 5674 2455 5716 unum
2495 5672 2688 5715 omnes
2701 5660 3042 5719 sustulimus.
3069 5662 3126 5721 Si
3147 5663 3293 5719 enim
3323 5662 3495 5720 citha-

1879 5757 2067 5815 ruedus
2091 5756 2338 5814 diversos
2379 5767 2575 5810 nervos
2609 5766 2729 5813 arte
2782 5762 3115 5826 temperans.
3160 5772 3325 5811 annos
3356 5758 3499 5811 mul-

3081 5863 3161 5925 2b
