4036 6408
595 336 695 390 39'?

593 466 675 511 tos
706 466 866 506 unum
894 448 1057 503 efficit
1090 463 1103 500 :
1136 440 1258 511 quid
1282 439 1495 501 mirum,
1520 435 1564 491 si
1591 430 1855 505 psalmiet
1878 418 2167 494 spiritualis

593 544 788 601 cantici
837 543 917 595 vis
969 539 1199 607 idipsum
1248 530 1415 587 fecit?
1454 526 1639 597 Neque
1666 522 1809 578 enim
1852 531 1949 571 nos
1992 516 2165 569 solum

595 647 903 709 praesentes,
940 633 1032 686 sed
1060 630 1218 683 etiam
1265 631 1532 679 mortuum
1581 632 1695 671 cum
1738 613 1873 667 vivis
1914 605 2168 662 miscuit:

596 733 690 785 ille
744 739 971 791 namque
1015 720 1173 775 etiam
1217 716 1492 772 nobiseum
1529 708 1788 780 psallebat
1826 704 2014 757 beatus
2034 692 2168 751 Pro-

596 823 753 892 pheta
787 840 798 871 :
827 827 1144 887 quamquam
1175 810 1228 865 in
1260 808 1419 876 regiis
1445 802 1581 858 aulis
1611 799 1661 854 id
1690 812 1794 852 non
1822 796 1982 850 liceat
2007 810 2019 843 :
2048 804 2167 844 nam

598 916 667 970 ibi
697 913 843 969 sedet
885 908 1186 964 diademate
1227 911 1469 964 ornatus,
1505 895 1715 949 adstant
1758 896 1936 941 autem
1987 894 2173 938 onmes

595 1022 716 1062 cum
770 1002 1016 1064 silentio,
1060 999 1183 1053 licet
1220 996 1271 1049 in
1328 989 1573 1045 maximis
1616 979 2012 1053 magistratibus
2069 973 2175 1028 sint

595 1096 889 1153 constituti.
923 1094 1019 1149 [lic
1052 1102 1183 1144 vero
1211 1101 1317 1140 non
1340 1084 1452 1146 sic;
1480 1078 1572 1134 sed
1613 1076 1848 1145 loquitur
1878 1066 2167 1138 Propheta,

596 1200 858 1244 etomnes
884 1182 1291 1254 respondemus,
1323 1186 1510 1229 omnes
1553 1183 1655 1223 una
1687 1166 1933 1220 canimus
1963 1177 1974 1212 :
2003 1172 2175 1227 neque

598 1285 719 1337 licet
751 1282 835 1334 hic
879 1292 1091 1333 servum
1142 1270 1347 1333 videre,
1395 1264 1765 1319 neclibertun,
1794 1271 1891 1310 nec
1934 1253 2170 1312 divitem,

598 1391 699 1431 nec
754 1384 1057 1442 pauperem,
1092 1377 1192 1418 nec
1231 1359 1550 1429 principem,
1601 1366 1700 1405 nec
1738 1350 2037 1418 privatum;
2081 1339 2174 1395 sed

598 1468 812 1539 pellitur
859 1462 947 1516 illa
977 1454 1250 1512 smcularis
1305 1448 1657 1518 inaequalitas,
1714 1454 1848 1495 unus
1871 1437 2065 1491 chorus
2110 1448 2176 1487 ex

599 1560 846 1616 on'mibus
893 1560 1269 1622 congregatur,
1326 1541 1606 1613 aequalitas
1649 1551 1858 1606 quoque
1909 1532 2071 1585 multa
2124 1532 2175 1582 in

597 1652 817 1706 vocibus
834 1655 935 1709 est,
965 1659 1027 1698 ac
1057 1641 1245 1695 cut-lum
1271 1649 1409 1690 terra
1436 1632 1687 1686 imitatur.
1712 1624 1879 1682 Tanta
1902 1620 2179 1678 estEccle-

598 1746 692 1800 site
710 1740 980 1797 nobilitas.
1001 1734 1180 1803 Neque
1197 1730 1339 1785 enim
1362 1726 1464 1780 dici
1486 1729 1660 1792 potest
1675 1717 1948 1772 dominum
1964 1710 2177 1783 quidem

598 1852 720 1891 cum
749 1832 908 1887 multa
953 1822 1278 1883 confidentia
1325 1817 1575 1888 psallere,
1610 1823 1820 1865 servum
1865 1813 2043 1861 autem
2093 1816 2181 1856 re-

596 1928 778 2002 primi;
800 1937 969 1994 neque
991 1931 1222 1979 rursum,
1235 1905 1675 1978 divitemqnidem
1692 1901 1922 1972 linguam
1937 1908 2177 1960 movere,

602 2017 821 2091 pauperi
852 2025 1027 2068 autent
1056 2005 1324 2064 silentium
1353 1997 1634 2070 imperari;
1662 2007 1833 2063 neque
1863 1992 2074 2051 iterum,
2103 1986 2182 2040 vi-

600 2085 724 2167 rum
737 2105 951 2179 quidem
971 2116 1093 2158 cum
1117 2096 1303 2152 fiducia
1321 2105 1536 2156 canere,
1556 2085 1834 2143 mulierem
1856 2096 1984 2137 vero
2006 2090 2183 2134 tacere

600 2214 655 2262 et
688 2203 805 2256 sine
828 2210 960 2252 voce
979 2202 1123 2249 stare
1150 2207 1164 2245 :
1193 2186 1288 2243 sed
1332 2197 1520 2240 omnes
1558 2179 1670 2251 pari
1706 2176 1917 2232 honore
1946 2173 2184 2249 fruentes

602 2305 887 2348 commune
916 2286 1191 2341 offerimus
1216 2277 1558 2337 sacrificium,
1582 2284 1919 2327 communem
1953 2265 2184 2322 oblatio-

605 2403 725 2444 nem
753 2405 767 2440 :
792 2398 964 2453 neque
1005 2380 1128 2451 plus
1150 2375 1309 2430 habet
1340 2371 1424 2426 hic
1462 2382 1621 2440 quam
1650 2366 1759 2428 ille,
1786 2378 1882 2417 nec
1911 2361 1997 2414 ille
2025 2372 2185 2428 quam

606 2481 727 2547 hic;
752 2478 844 2535 sed
870 2488 1059 2531 omnes
1076 2472 1128 2526 in
1146 2468 1333 2524 eodem
1352 2464 1577 2528 honore,
1596 2472 1644 2514 et
1670 2472 1770 2513 una
1784 2472 1887 2511 vox
1910 2469 1938 2509 a
1957 2451 2187 2508 diversis

606 2574 802 2644 linguis
822 2569 887 2626 ad
914 2566 1059 2625 orbis
1074 2567 1388 2625 Creatorem
1434 2555 1714 2610 emittitur.
1747 2546 2055 2605 Diï¬‚'erentia
2086 2560 2185 2598 an-

607 2680 715 2723 tem
746 2675 847 2729 est,
882 2678 986 2716 non
1015 2660 1069 2713 in
1099 2668 1256 2712 servo
1278 2661 1333 2707 et
1360 2651 1411 2704 in
1443 2649 1632 2709 libero,
1667 2642 1846 2698 nonin
1872 2640 2040 2695 divite
2060 2646 2113 2691 et
2134 2637 2186 2690 in

606 2772 866 2831 paupere,
891 2770 997 2809 non
1026 2750 1079 2805 in
1105 2746 1331 2804 muliere
1360 2752 1416 2798 et
1442 2741 1495 2796 in
1517 2740 1655 2804 viro,
1682 2734 1775 2790 sed
1804 2733 1856 2787 in
1897 2730 2097 2793 animo,
2137 2729 2188 2781 in

607 2818 735 2910 cur;
760 2858 814 2905 et
832 2850 884 2903 in
909 2843 1139 2918 ignavia,
1162 2841 1213 2895 in
1235 2836 1365 2893 vitio
1376 2843 1431 2891 et
1446 2833 1664 2886 virtute.
1683 2828 1758 2882 lta
1778 2824 1920 2881 enim
1942 2834 2043 2892 ego
2059 2818 2192 2875 adeo

609 2945 827 3001 divitem
851 2949 1162 3010 pauperem,
1198 2940 1253 2987 et
1278 2941 1565 3000 pauperem
1596 2920 1821 2977 divitem
1847 2926 2045 2971 vocare
2072 2927 2196 2983 pos-

610 3051 753 3103 sum,
781 3042 837 3089 et
854 3031 1132 3087 mulierem
1149 3024 1342 3088 virum,
1360 3020 1643 3086 virumque
1660 3010 1965 3077 mulierem,
1985 3012 2042 3063 et
2069 3003 2198 3060 idio-

613 3141 720 3185 tam
760 3125 1077 3196 sapientem,
1118 3116 1523 3188 sapientemque
1568 3106 1786 3162 idiotam
1814 3121 1828 3156 :
1853 3117 1959 3157 non
2014 3113 2194 3156 rerum

617 3195 861 3278 naturam
883 3213 1238 3279 confundens,
1253 3207 1347 3263 sed
1370 3208 1628 3277 optimam
1651 3199 1887 3272 regulam
1914 3195 2196 3259 inducens,

614 3330 734 3386 qua:
774 3312 954 3367 omnia
1001 3306 1252 3374 corrigat.
1284 3301 1349 3356 Et
1388 3292 1675 3367 quomodo,
1706 3290 1937 3360 inquies,
1970 3286 2050 3340 vir
2078 3300 2199 3339 mu-

616 3385 736 3473 lier,
767 3415 821 3460 et
865 3402 1057 3457 mulier
1086 3398 1167 3451 vir
1198 3393 1312 3449 fieri
1343 3386 1548 3463 possit?
1589 3385 1703 3441 Non
1742 3392 1942 3437 mutata
1988 3386 2196 3442 natura,

617 3501 713 3557 sed
735 3500 854 3552 vite
880 3495 1143 3551 instituto.
1171 3487 1305 3543 Cum
1334 3483 1478 3540 enim
1510 3479 1669 3534 video
1718 3475 1988 3530 hominem
2010 3483 2200 3524 aurum

618 3601 934 3665 gestantem,
962 3588 1449 3657 elegantem,coma
1478 3583 1747 3636 ornatum,
1776 3564 2063 3638 unguentis
2091 3560 2201 3617 fra-

621 3695 886 3758 grantem,
917 3696 1039 3736 cum
1069 3674 1222 3732 molli
1242 3671 1465 3728 vestium
1491 3666 1712 3730 amictu,
1738 3660 1969 3716 femineo
1990 3668 2199 3727 gressu,

623 3777 829 3835 deliciis
844 3786 1065 3843 operam
1083 3768 1298 3824 dantem
1316 3782 1328 3818 :
1343 3758 1609 3832 quomodo
1627 3756 1826 3827 possim
1851 3753 1998 3809 illum
2015 3760 2209 3803 vocare

624 3874 821 3934 virum,
849 3866 936 3939 qui
959 3872 1163 3919 naturae
1181 3846 1513 3915 nobilitatem
1539 3848 1771 3922 prodidit
1788 3856 1842 3902 et
1857 3847 1910 3900 in
1928 3842 2205 3898 mulierem

625 3977 918 4021 conversus
964 3957 1080 4014 est?
1116 3952 1323 4010 Etenim
1368 3965 1434 4004 ne
1484 3945 1767 4001 mulierem
1799 3940 2016 4011 quidem
2047 3934 2098 3989 id
2133 3934 2210 3987 l'a-

625 4060 855 4114 cientem
912 4054 1053 4107 inter
1083 4049 1323 4103 viventes
1374 4041 1570 4097 Paulus
1616 4049 1902 4091 numerare
1930 4032 2207 4101 dignatur,

627 4149 723 4205 sed
745 4147 888 4203 illam
911 4141 1141 4199 secrevit
1163 4139 1229 4194 de
1255 4137 1496 4190 vivorum
1522 4131 1712 4192 choro,
1735 4136 1788 4181 et
1811 4125 1949 4179 inter
1974 4128 2212 4176 mortuos

628 4239 925 4303 constituit,
969 4235 1154 4289 dicens
1186 4247 1200 4283 :
1237 4230 1363 4297 ÏÏ…Ï‰
1404 4236 1571 4279 autem
1610 4223 1663 4275 in
1693 4216 1887 4271 deliciis
1914 4222 2007 4279 ÎµÎµÎ¹,
2049 4211 2213 4265 vivens

630 4341 831 4387 mortua
855 4326 962 4401 ÎµÎµÎ¹(
992 4329 1042 4381 1.
1066 4325 1194 4379 Tim.
1215 4324 1269 4378 5.
1289 4321 1322 4376 6
1347 4322 1365 4392 )
1394 4337 1406 4372 :
1433 4314 1701 4389 quomodo
1730 4328 1857 4381 ergo
1883 4309 1963 4361 vir
2001 4308 2115 4360 hazc
2141 4304 2217 4358 fa-

630 4429 782 4481 ciens
807 4422 859 4477 in
884 4422 1118 4476 virorum
1142 4414 1330 4471 ordine
1351 4416 1681 4472 numeretur,
1704 4421 1822 4475 qua:
1841 4403 1888 4458 si
1910 4401 2070 4455 faciat
2092 4414 2179 4452 mtt
2196 4426 2213 4437 -

632 4523 751 4585 lier,
775 4517 909 4573 adeo
930 4515 1090 4569 vitam
1119 4506 1387 4581 perdidit?
1412 4506 1491 4560 Ne
1516 4501 1642 4560 mihi
1670 4499 1813 4554 enim
1834 4496 2007 4551 virum
2037 4502 2218 4547 osten-

634 4612 730 4666 das
768 4609 836 4665 ab
876 4609 1092 4669 amictu,
1129 4618 1157 4655 a
1198 4614 1352 4663 zona,
1384 4597 1470 4651 vel
1505 4610 1571 4649 ex
1619 4606 1686 4646 eo
1739 4587 1880 4659 quod
1908 4584 2051 4641 domi
2099 4597 2219 4636 sese

634 4704 825 4757 efferat
850 4706 913 4753 ac
939 4691 1293 4751 formidabilis
1338 4694 1408 4745 sit
1446 4701 1509 4741 ac
1552 4684 1725 4738 minas
1754 4682 2005 4743 intentet,
2031 4674 2124 4729 sed
2155 4672 2222 4725 ab

638 4793 802 4848 animi
846 4786 1184 4861 philosophia
1217 4798 1377 4845 ;cum
1408 4778 1536 4833 vitia
1564 4772 1889 4844 comprimit,
1921 4777 1977 4822 et
2006 4766 2221 4821 morbos

640 4888 834 4942 animae
862 4889 1102 4953 superat,
1149 4892 1270 4933 cum
1317 4871 1495 4928 domui
1525 4884 1639 4924 suae
1682 4862 1922 4919 interiori
1975 4860 2222 4927 imperat,

642 4983 708 5034 de
735 4981 909 5037 anima
948 4976 1161 5043 loquor,
1192 4983 1365 5039 neque
1400 4982 1428 5020 a
1456 4960 1867 5033 cogitationibus
1911 4951 2227 5009 inordinatis

644 5074 875 5129 trahitur
906 5088 919 5125 :
949 5069 1052 5124 hoc
1096 5064 1328 5121 maxime
1371 5060 1473 5114 viri
1519 5066 1619 5112 est.
1666 5055 1722 5109 Si
1766 5062 1945 5106 autem
1984 5046 2225 5102 ebrietati

646 5178 703 5223 et
723 5164 952 5234 crapulze
996 5161 1089 5217 det
1137 5171 1379 5226 operam,
1422 5166 1485 5206 ac
1509 5150 1649 5205 diem
1686 5146 1945 5216 transigat
1995 5150 2051 5196 et
2098 5158 2229 5194 con-

647 5268 824 5315 sumat
868 5257 920 5310 iu
974 5245 1455 5308 comessationibus
1482 5251 1536 5297 et
1589 5240 1865 5302 ebrietate,
1915 5250 2037 5290 cera
2087 5232 2229 5287 omni

650 5349 862 5405 mollior
888 5362 916 5400 a
948 5346 1073 5398 vitio
1098 5342 1288 5405 factus,
1326 5334 1597 5409 quomodo
1630 5342 1817 5403 potero
1864 5328 2027 5383 talem
2059 5326 2230 5378 virum

653 5455 867 5503 vocare,
889 5435 1157 5506 captivum
1177 5446 1389 5501 nempe,
1409 5441 1627 5483 servum
1650 5422 1969 5492 emptitium,
1987 5416 2236 5472 omnibus

653 5551 772 5590 sese
792 5534 929 5587 vitiis
944 5530 1255 5592 dedentcm,
1276 5524 1519 5587 fractum,
1536 5518 1855 5582 emollitum,
1874 5512 2234 5575 deliciantem,

657 5628 723 5681 ab
747 5624 992 5679 omnibus
1034 5619 1337 5689 depulsum,
1369 5616 1455 5685 qui
1486 5629 1550 5667 ne
1574 5622 1718 5666 stare
1763 5606 1978 5678 quidem
2032 5605 2083 5658 in
2125 5603 2239 5656 acie

660 5718 864 5789 possit?
898 5721 975 5770 An
1015 5712 1234 5768 nescitis
1266 5708 1417 5763 nobis
1450 5724 1553 5761 non
1594 5719 1713 5759 esse
1745 5702 1941 5756 bellum
1974 5707 2027 5753 et
2068 5697 2237 5751 acient

665 5811 950 5880 parandam
981 5808 1239 5861 adversus
1274 5800 1519 5855 homines
1549 5810 1893 5865 congencres,
1932 5790 2020 5845 sed
2050 5788 2237 5843 advcrÂ«

1304 323 1363 380 S.
1405 315 1683 378 JOANNIS
1724 301 2206 366 CIIRYSUSTOMI
2249 299 2565 356 ARCHIEP.
2608 296 3149 354 CONSTANTINHP.

3774 281 3870 337 133

2274 428 2365 468 sus
2394 414 2685 469 invisibiles
2726 413 3055 487 Potestates,
3091 410 3345 463 adversus
3384 403 3693 460 daemonum
3738 402 3880 471 plia-

2275 508 2495 575 langas,
2540 507 2831 562 secundum
2878 506 3092 559 beatum
3144 500 3408 556 Paulum:
3442 497 3567 550 Non
3606 505 3681 548 est
3734 494 3881 546 nobis

2276 599 2411 652 lucta
2432 598 2669 652 adversus
2692 597 2989 666 sanguinem
3026 604 3071 647 ct
3097 608 3322 655 carnem,
3350 589 3436 643 sed
3462 589 3707 640 adversus
3735 586 3883 655 prin-

2276 691 2410 758 cipes
2435 700 2481 743 ÎµÎ¹
2502 689 2777 744 Î¡Î¿Î¹ÎµÎµÎ¹Î±Î¹ÎµÎ´
2805 688 3017 762 (Ep/tes.
3049 686 3101 742 6.
3132 686 3242 755 12).

2347 782 2400 837 5.
2434 783 2545 836 lloc
2571 783 2713 836 enim
2748 783 2981 835 maxime
3003 779 3098 832 viri
3124 790 3226 832 est.
3255 776 3355 843 Qui
3382 790 3515 845 ergo
3542 772 3732 828 forma:
3760 782 3880 825 Sill-

2277 874 2403 939 det,
2452 889 2551 929 nec
2599 887 2720 927 sese
2766 873 2974 926 virilem
3026 878 3280 940 praestat;
3325 868 3414 937 qui
3468 874 3732 925 ornatur,
3783 878 3885 918 nec

2279 964 2527 1018 virtutem
2584 963 2681 1016 viri
2740 961 2979 1025 exhibet,
3035 958 3307 1029 quomodo
3356 966 3470 1010 stet
3522 956 3573 1008 in
3608 954 3762 1007 acie?
3800 955 3880 1006 vel

2280 1057 2549 1127 (ptomodo
2578 1057 2662 1110 vir
2689 1065 2931 1117 vocetur,
2963 1069 3082 1105 eum
3108 1054 3176 1104 sit
3201 1050 3347 1103 onmi
3373 1050 3598 1103 muliere
3627 1046 3885 1101 mollior?

2284 1150 2482 1205 Eodem
2514 1159 2690 1202 autem
2724 1147 2905 1211 modo,
2954 1146 3091 1199 sicut
3122 1145 3263 1197 hunc
3305 1158 3407 1196 non
3441 1141 3616 1193 virum
3647 1154 3885 1193 vocave-

2280 1241 2401 1306 rim,
2431 1239 2525 1293 sed
2555 1238 2779 1293 muliere
2804 1237 3136 1295 molliorem;
3170 1236 3237 1286 ita
3264 1243 3318 1286 et
3341 1230 3622 1285 mulierem
3650 1229 3885 1283 viriliter

2280 1340 2559 1399 agentem,
2594 1329 2739 1384 omni
2787 1328 2901 1381 viro
2936 1327 3208 1379 fortiorem
3242 1323 3505 1384 dixerim,
3553 1322 3599 1375 si
3648 1322 3887 1389 arreptis

2282 1422 2442 1474 armis
2468 1419 2849 1490 spiritualibus,
2882 1418 3099 1470 thorace
3124 1416 3343 1485 justitiae
3376 1414 3580 1475 induta,
3612 1413 3769 1482 galea
3797 1428 3885 1463 sa-

2283 1516 2437 1569 lutari
2486 1524 2795 1583 assumpta,
2844 1512 3034 1582 clypeo
3076 1510 3198 1563 fidei
3248 1518 3423 1572 lecla,
3472 1522 3607 1560 zona
3641 1508 3889 1559 veritatis

2281 1608 2586 1670 succincta,
2635 1615 2689 1659 et
2718 1602 2895 1674 gladio
2943 1602 3162 1671 spiritus
3208 1611 3453 1668 accepto,
3499 1606 3605 1650 stet
3647 1598 3700 1650 in
3736 1599 3888 1657 acie,

2284 1698 2491 1769 fulgens
2520 1696 2719 1760 armis,
2755 1695 2883 1764 ipsis
2928 1694 3074 1748 etelis
3116 1690 3382 1745 excelsior
3426 1689 3562 1741 faeta
3607 1702 3674 1741 ex
3720 1688 3889 1738 animi

2282 1805 2443 1844 sensu
2464 1830 2479 1852 ,
2511 1787 2817 1840 dzemonum
2860 1782 3153 1854 phalangas
3193 1780 3493 1834 dissolvens
3515 1820 3527 1841 ,
3561 1775 3769 1830 diaboli
3803 1786 3885 1845 ty-

2283 1881 2561 1936 rannidem
2590 1878 2805 1943 tollens,
2855 1877 2982 1931 vitia
3022 1889 3390 1943 compungens
3412 1913 3427 1935 ,
3458 1870 3893 1938 densioremquc

2284 1973 2371 2027 illa
2394 1988 2511 2041 qua:
2541 1971 2590 2024 in
2612 1970 2751 2025 bello
2774 1969 2830 2023 tit
2850 1978 3085 2037 stragem
3108 1966 3296 2029 edens,
3329 1978 3435 2017 non
3460 1962 3765 2021 hominum,
3794 1960 3891 2014 sed

2284 2064 2638 2119 absurdarum
2692 2060 3071 2131 cupiditatum.
3102 2057 3293 2112 Mulier
3336 2070 3567 2124 namque
3612 2061 3668 2107 et
3722 2052 3808 2105 vir
3838 2052 3892 2105 in

2286 2157 2655 2228 corporalibus
2685 2154 2841 2209 divisi
2874 2161 2998 2208 sunt
3023 2170 3036 2216 ;
3071 2162 3127 2207 ct
3157 2151 3230 2204 illi
3260 2148 3475 2220 quidem
3522 2147 3625 2201 tela
3649 2186 3665 2212 ,
3696 2146 3853 2199 colus
3873 2185 3892 2210 ,

2286 2250 2631 2313 calathiscus,
2652 2248 2843 2301 domus
2870 2243 3110 2299 custodia
3130 2242 3455 2311 assignatur,
3479 2252 3535 2294 ut
3564 2240 3615 2292 in
3650 2238 3895 2291 thalamo

2287 2352 2499 2399 maneat
2524 2353 2579 2396 et
2606 2340 2742 2394 ï¬lius
2769 2338 3005 2399 nutriat;
3040 2336 3154 2389 viro
3194 2343 3374 2387 autem
3404 2330 3727 2394 tribunalia,
3762 2346 3897 2382 eon-

2288 2436 2436 2502 silia,
2479 2434 2683 2497 forum,
2716 2431 2876 2494 bella,
2911 2444 3101 2499 pugna:
3122 2470 3138 2492 ,
3170 2426 3317 2481 acies
3351 2443 3363 2478 :
3401 2427 3454 2481 in
3481 2422 3673 2492 pugnis
3703 2429 3895 2475 autem

2289 2529 2394 2584 illis
2415 2542 2535 2598 qua:
2571 2526 2825 2595 pietatem
2878 2527 3147 2591 spectant,
3179 2530 3467 2571 commune
3509 2512 3754 2567 studium
3785 2522 3899 2575 est,

2290 2620 2593 2679 communia
2645 2617 2940 2673 certamina
2972 2633 2985 2668 :
3015 2613 3369 2680 similiterque
3407 2607 3662 2662 mulieres
3708 2620 3772 2659 se
3826 2603 3900 2657 ad

2291 2729 2521 2787 pugnam
2564 2712 2882 2781 accingunt,
2918 2721 3016 2762 nec
3058 2705 3343 2775 ejiciuntur
3370 2716 3399 2755 a
3441 2697 3764 2759 certamine.
3799 2696 3902 2751 sed

2292 2809 2433 2862 etin
2481 2805 2596 2858 acie
2628 2809 2865 2872 pugnant
2919 2805 3251 2854 coronantur
3296 2804 3351 2847 ct
3403 2792 3651 2846 victrices
3689 2804 3903 2844 renun-

2296 2902 2494 2956 tiantur
2530 2906 2585 2953 et
2610 2895 2942 2952 strenuitalis
2964 2891 3181 2962 prmmia
3212 2895 3495 2959 reportant
3521 2894 3685 2956 atque
3705 2882 3904 2938 bravia

2297 3004 2355 3054 et
2390 3007 2617 3049 coronas
2648 3009 2660 3044 :
2695 2999 3002 3058 tropaeatu
3028 2983 3171 3056 apud
3200 2982 3319 3037 illas
3351 2977 3632 3051 splendida
3662 2985 3816 3040 sunt,
3849 2987 3908 3031 et

2298 3086 2536 3143 victoriae
2565 3084 2891 3151 frequentes.

2372 3177 2777 3233 Macaabrcorum
2813 3179 2973 3226 mater
2996 3175 3185 3239 quanta
3218 3181 3388 3235 passa.
3408 3192 3479 3203 -â€”
3507 3165 3579 3214 Ac
3606 3175 3674 3215 ne
3697 3159 3909 3229 putetis

2301 3275 2416 3329 haec
2456 3271 2648 3326 fastum
2697 3282 2889 3338 sapere
2918 3275 2971 3320 et
3017 3264 3305 3319 verborum
3352 3261 3608 3321 sonitum,
3651 3265 3708 3310 et
3755 3255 3911 3309 clare

2301 3367 2480 3423 sciatis
2506 3365 2758 3419 mulieres
2785 3358 3043 3431 quasdam
3071 3371 3177 3410 non
3210 3354 3310 3407 viri
3358 3349 3519 3405 modo
3565 3347 3911 3401 strenuiores

2303 3462 2489 3525 fuisse,
2518 3457 2610 3513 sed
2634 3458 2818 3519 etiam,
2850 3462 2907 3507 ut
2934 3452 3006 3506 ita
3036 3450 3239 3511 dicam.
3269 3446 3335 3501 ad
3358 3444 3675 3513 angelorum
3703 3444 3914 3509 impas-

2304 3554 2631 3617 sibilitatem,
2659 3560 2915 3621 quantum
2944 3545 3056 3601 ï¬eri
3087 3551 3317 3613 poterat,
3337 3541 3680 3610 pervenisse:
3702 3536 3759 3589 in
3793 3550 3913 3589 meâ€”

2306 3649 2450 3703 dium
2479 3644 2772 3697 adducatur
2798 3640 2910 3705 illa,
2944 3646 3132 3691 natura
3158 3634 3374 3706 quidem
3406 3630 3621 3693 mulier,
3655 3626 3752 3682 sed
3783 3642 3914 3697 qua:

2307 3756 2373 3795 ex
2397 3735 2746 3810 ÏÎ¹Î¹á½·Î¹Î¿ÎµÎ¿Î¼Î¹Î¹á½¶Ï‰
2777 3736 2828 3787 vi
2854 3732 3017 3788 cados
3039 3729 3234 3799 attigit,
3257 3724 3679 3781 Maecabazorum
3703 3728 3912 3781 mater.

2310 3848 2428 3903 qute
2477 3832 2560 3887 bis
2620 3838 2824 3899 septem
2882 3838 3111 3880 coronas
3179 3821 3401 3884 nexuit;
3474 3827 3528 3873 et
3585 3830 3747 3886 quem
3809 3830 3915 3868 voâ€”

2313 3924 2477 3979 lueris
2505 3923 2727 3976 militem
2772 3916 3243 3973 bellicosissimum
3265 3953 3280 3978 ,
3322 3910 3673 3965 fortissimum
3710 3914 3771 3963 et
3798 3923 3917 3961 ma-

2314 4016 2659 4087 gnanimitatc
2687 4010 3014 4081 praecipuum
3046 4005 3212 4061 verbo
3243 4002 3423 4074 profer
3453 4002 3505 4055 in
3553 3999 3829 4064 medium,
3862 4012 3919 4051 Î¹Î¹Î¹

2318 4116 2466 4162 tanto
2492 4105 2859 4161 sublimiorem
2905 4099 3110 4154 videbis
3162 4096 3443 4151 mulierem
3477 4093 3656 4157 illam,
3706 4105 3918 4161 quamn

2315 4201 2568 4255 cadorum
2609 4194 2840 4251 fornices
2869 4192 3069 4248 distant
3095 4204 3126 4245 a
3175 4201 3337 4244 terra.
3376 4186 3509 4241 Nam
3542 4185 3621 4239 vir
3663 4183 3821 4237 fortis
3864 4194 3921 4236 et

2320 4302 2581 4364 pugnator
2612 4289 2695 4343 vel
2724 4303 2879 4342 unam
2924 4288 3075 4339 timet
3119 4284 3367 4353 plagam,
3401 4288 3456 4334 et
3517 4294 3581 4332 ex
3624 4276 3714 4330 illa
3765 4291 3918 4329 mor-

2322 4398 2427 4444 tem
2474 4384 2617 4440 brevi
2665 4392 3011 4451 sequuturam
3046 4395 3059 4431 :
3090 4376 3205 4429 inec
3244 4389 3371 4429 vero
3402 4371 3575 4425 stabat
3618 4382 3719 4422 ceu
3759 4382 3922 4421 mons

2322 4477 2561 4550 perfossa
2589 4472 2891 4537 tormentis,
2928 4469 2980 4524 in
3010 4465 3237 4537 singulis
3265 4465 3492 4517 filiorum
3524 4460 3799 4530 graviores
3828 4474 3923 4511 su-

2323 4573 2529 4628 Stinens
2560 4568 2740 4622 animo
2770 4565 2953 4635 plagas
2974 4605 2989 4628 ,
3019 4574 3177 4631 quam
3207 4558 3283 4611 illi
3314 4558 3365 4610 in
3398 4556 3657 4609 lateribus
3693 4551 3923 4617 excipe-

2324 4673 2444 4719 rent
2470 4662 2741 4716 cruciatus
2765 4676 2778 4711 :
2814 4666 2984 4710 mater
3008 4653 3151 4709 enim
3178 4659 3325 4717 erat,
3355 4658 3409 4704 et
3437 4646 3630 4711 vidua,
3662 4654 3826 4714 atque
3854 4646 3923 4697 ad

2326 4772 2620 4814 extremam
2648 4761 2981 4808 senectutem
3010 4748 3332 4803 devenerat:
3365 4742 3511 4797 scitis
3533 4749 3737 4804 autem,
3765 4748 3928 4807 quot-

2328 4862 2457 4923 quot
2487 4860 2664 4921 patres
2694 4846 2827 4901 estis
2847 4886 2859 4906 ,
2894 4853 2949 4897 et
2989 4852 3343 4911 qnzeeumque
3374 4845 3555 4905 partus
3580 4831 3800 4886 dolores
3827 4846 3923 4884 ex-

2330 4954 2496 5016 pertae
2538 4942 2688 5006 estis,
2719 4937 2936 5007 spiculis
2976 4934 3225 4989 omnibus
3276 4929 3393 4983 lucc
3452 4941 3573 4981 esse
3618 4923 3926 4977 acerbiora.

2332 5041 2410 5094 Ac
2457 5035 2661 5090 nullum
2715 5030 2875 5085 telum
2919 5036 3131 5081 acutum
3179 5032 3283 5075 tam
3332 5033 3551 5091 gravem
3596 5015 3759 5070 infert
3805 5014 3927 5068 vul-

2334 5131 2534 5188 neratis
2584 5127 2859 5187 dolorem,
2894 5130 2953 5190 ut
3004 5121 3193 5174 harum
3236 5128 3417 5171 rerum
3473 5124 3811 5181 unaquaeque
3862 5109 3933 5163 il-

2336 5227 2437 5280 lius
2457 5220 2763 5295 pungebant
2784 5216 3043 5271 animum.
3075 5209 3262 5281 Cogita
3288 5208 3430 5261 enim
3452 5214 3711 5275 quantum
3734 5211 3853 5255 erat
3881 5203 3938 5254 in

2336 5318 2555 5389 singulis
2575 5315 2694 5369 (iliis
2716 5312 2899 5367 videre
2916 5321 3110 5377 corpus
3129 5318 3290 5358 unum
3310 5301 3416 5371 igni
3435 5308 3488 5353 et
3510 5297 3652 5351 ferro
3671 5296 3933 5363 disrumpi

2340 5386 2666 5481 longumque
2732 5400 2980 5476 protendi
3027 5406 3335 5459 certamen;
3380 5388 3651 5462 quomodo
3694 5386 3941 5449 videbat,

2340 5480 2611 5575 quomodo
2668 5496 2953 5560 audiebat,
2993 5488 3263 5563 quomodo
3290 5485 3592 5553 excipiebat
3617 5480 3841 5535 odorem
3872 5494 3935 5533 ex

2344 5593 2661 5667 corporibus
2707 5591 2845 5653 illis,
2889 5586 3037 5641 mille
3082 5591 3284 5637 mortes
3326 5576 3550 5645 singulis
3598 5572 3721 5626 filiis
3754 5570 3940 5625 inferri

2347 5663 2549 5745 videns.
2583 5684 2689 5740 Sed
2735 5683 2821 5736 illa
2864 5678 3077 5748 quidem
3109 5673 3283 5727 stabat
3322 5678 3383 5723 ut
3427 5677 3577 5737 petra
3608 5663 3939 5725 immobilis,

2349 5802 2453 5841 non
2486 5780 2677 5849 agitata
2711 5774 2979 5835 (luctibus,
3012 5770 3104 5826 sed
3137 5767 3327 5821 ï¬‚uctus
3356 5765 3406 5817 in
3440 5776 3683 5832 Spumant
3714 5774 3940 5814 conver-
