4036 6438
180 355 280 407 ,ἱῖκῖ
1102 343 1145 397 ν
1183 341 1488 411 IIUMILIA,
1524 346 1615 401 DE
1657 343 1913 403 STUDIO
1954 340 2446 409 PRESENTIUM,
2493 343 2647 400 ETC.

183 471 272 523 καὶ
297 471 389 521 16v
414 466 814 535 τελευτήσαντα
837 462 947 523 τοῖς
977 458 1144 524 ζῶσιν
1174 459 1399 529 ἀνέμιξε
1421 472 1435 487 ⁸
1465 463 1559 512 καὶ
1591 460 1700 530 γάρ
1728 456 1869 531 [καὶ]

178 561 381 620 ἐκεῖνος
416 555 535 627 μεθ’
563 553 721 624 ἡμῶν
756 549 984 619 ἔψαλλεν
1005 550 1033 601 6
1058 548 1327 618 μακάριος
1356 539 1511 614 οὗτος
1547 549 1834 617 προφήτης
1854 564 1867 576 ·

175 647 352 699 καίτοι
385 661 450 713 γε
473 646 529 697 ὲν
563 640 868 711 βασιλικαῖς
892 637 1082 698 αύλαῖς
1111 636 1210 689 οὑκ
1245 634 1326 689 ἔνι
1353 634 1530 697 τοῦτο,
1557 634 1694 687 ἀλλά
1732 634 1871 688 κάθ-

178 751 297 805 ηται
343 732 443 801 μὲν
490 734 517 784 6
561 730 622 782 16
654 728 892 797 διάδημα
937 724 1340 793 περικείμενος,
1396 723 1777 794 παρεστήκασι
1816 722 1872 775 δὲ

175 824 375 887 πάντες
424 824 573 890 σιγῇ,
628 816 934 870 καὶταῦτα
991 816 1048 865 ἐν
1104 812 1390 883 μεγίσταις
1445 811 1599 873 ὄντες
1652 813 1868 883 ἀρχαῖς.

185 908 457 962 Ἐνταῦθα
495 908 551 959 δὲ
585 907 683 975 οὐχ
728 902 920 965 οὕτως,
975 900 1112 953 ἀλλὰ
1150 899 1445 968 φθέγγεται
1488 900 1516 951 6
1560 901 1869 969 προφήτης,

176 999 266 1049 καὶ
301 997 505 1057 πάντες
540 990 969 1062 ἀποκρινόμεθα,
1025 988 1119 1041 καὶ
1165 988 1364 1050 πάντες
1414 986 1865 1057 συνεπηχοῦμεν·

170 1086 267 1137 καὶ
301 1086 402 1137 οὐκ
438 1084 554 1134 ἔστι
601 1078 789 1133 δοῦλον
821 1076 1055 1131 ἐνταῦθα
1098 1076 1248 1139 ἰδεῖν,
1271 1075 1388 1127 οὐδὲ
1416 1075 1717 1144 ἐλεύθερον,
1750 1074 1869 1128 οὐδὲ

170 1172 431 1225 πλούσιον
469 1169 562 1221 καὶ
603 1168 835 1235 πένητα,
880 1165 1001 1217 οὐδὲ
1054 1164 1290 1235 ἄρχοντα
1333 1164 1426 1216 καὶ
1460 1162 1709 1234 ἰδιώτην·
1752 1163 1868 1217 ἀλλ’

170 1258 419 1311 ἐκποδὼν
449 1258 637 1309 ἅπασα
662 1253 799 1323 α’ύτη
832 1255 864 1322 ἡ
900 1252 993 1306 τοῦ
1035 1252 1150 1321 βίου
1186 1251 1473 1322 ἀνωμαλία
1505 1242 1865 1322 ἀπελήλαται,

170 1349 262 1399 καὶ
295 1342 377 1409 εἷς
405 1345 565 1415 χορὸς
592 1342 652 1407 ἐξ
684 1342 941 1396 ἁπάντων
975 1340 1434 1410 συγκεκρότηται,
1476 1339 1571 1392 καὶ
1616 1338 1867 1411 ἰσηγορία

170 1435 364 1504 πολλὴ,
396 1434 490 1485 καὶ
534 1430 624 1483 16v
676 1429 904 1499 οὐρανὸν
948 1430 983 1496 ἡ
1033 1428 1106 1496 γῆ
1160 1429 1426 1497 μιμεῖται.
1477 1427 1726 1497 Τοσαύτη
1764 1427 1866 1497 τῆς

166 1522 467 1590 ἐκκλησίας
499 1523 531 1589 ἡ
566 1519 836 1586 εὐγένεια.
878 1516 1012 1569 υύδὲ
1036 1516 1144 1584 γὰρ
1182 1515 1329 1568 ἔστιν
1361 1516 1556 1579 είπεῖν,
1591 1516 1672 1568 ὃτι
1705 1519 1733 1569 ὁ
1764 1516 1864 1587 μὲν

164 1611 439 1679 δεσπότης
489 1606 629 1678 μετά
663 1606 862 1674 πολλῆς
902 1603 1097 1673 ψάλλει
1139 1606 1238 1673 τῆς
1283 1604 1615 1674 παρρησίας,
1648 1607 1864 1659 ἐπιστο-

167 1699 386 1767 μίζεται
416 1698 473 1749 δὲ
504 1698 531 1748 ό
564 1694 816 1764 οἰκέτης·
856 1692 963 1744 οὐδ’
1010 1687 1076 1745 αὖ
1112 1692 1140 1743 ό
1175 1690 1429 1755 πλούσιος
1472 1692 1568 1761 μὲν
1595 1696 1736 1746 κινεῖ
1765 1694 1865 1763 τὴν

158 1786 435 1853 γλῶτταν,
458 1783 677 1853 ἀφωνία
692 1782 749 1834 δὲ
770 1783 796 1835 6
818 1782 988 1851 πένης
1014 1778 1468 1842 καταδικάζεται·
1499 1781 1606 1833 οὐδ’
1631 1777 1698 1834 αὖ
1725 1781 1863 1854 ἀνὴρ

167 1876 265 1942 μὲν
293 1871 760 1943 παρρησιάζεται,
800 1868 938 1939 γυνὴ
973 1868 1029 1921 δὲ
1072 1870 1199 1938 σιγᾷ
1227 1868 1322 1921 καὶ
1346 1868 1561 1936 ἄφωνος
1593 1870 1823 1939 ἕστηκεν
1846 1887 1862 1903 ·

158 1961 300 2014 ἀλλά
335 1962 541 2022 πάντες
579 1957 682 2027 τῆς
720 1957 889 2027 αὐτῆς
943 1956 1215 2026 ἰσοτιμίας
1257 1946 1643 2021 ἀπολαύοντες,
1677 1956 1863 2027 κοινὴν

161 2049 521 2118 ἀναφέρομεν
560 2046 660 2116 τὴν
703 2045 915 2106 θυσίαν,
967 2044 1155 2114 κοινὴν
1198 2043 1297 2115 τὴν
1346 2045 1698 2116 προσφοράν·
1751 2046 1863 2099 οὐδ’

160 2138 277 2207 ἔχει
314 2154 369 2189 τι
402 2135 567 2187 πλέον
595 2127 750 2197 οὗτος
786 2131 1019 2195 ἐκείνου,
1054 2131 1176 2184 οὐδὲ
1222 2133 1430 2196 ἐκεῖνος
1473 2133 1688 2200 τούτου,
1725 2134 1863 2188 ἀλλά

166 2230 373 2290 πάντες
415 2228 475 2278 ἐν
511 2228 578 2297 τῇ
622 2226 762 2297 αὐτῇ
805 2227 964 2295 τιμῇ,
998 2225 1093 2277 καὶ
1136 2225 1288 2297 φωνὴ
1343 2225 1444 2297 μία
1483 2227 1548 2279 ὲκ
1588 2225 1863 2298 διαφόρων

156 2316 422 2385 γλωττῶν
465 2314 605 2387 πρὸς
633 2313 726 2367 16v
774 2313 874 2383 τῆς
903 2314 1232 2385 οἰκουμένης
1281 2313 1673 2385 ἀναπέμπεται
1706 2314 1857 2389 [550]

141 2408 358 2475 Δημιου
370 2403 521 2474 ργόν.
572 2402 637 2454 Ἥ
676 2402 912 2473 διαφορά
941 2402 999 2455 δὲ
1029 2402 1130 2455 οὐκ
1165 2403 1222 2454 ἐν
1249 2400 1328 2472 τῷ
1356 2401 1527 2473 δούλῳ
1570 2404 1666 2457 καὶ
1695 2404 1753 2456 tv
1782 2403 1862 2474 τῷ

159 2491 457 2561 ἐλευθέρῳ,
493 2491 593 2543 οὐκ
630 2491 689 2543 ἐν
719 2488 796 2560 τῷ
828 2488 1071 2561 πλουσίῳ
1091 2490 1193 2556 ,καὶ
1221 2492 1279 2543 tv
1308 2489 1385 2560 τῷ
1412 2491 1630 2562 πένητι,
1663 2491 1765 2545 οὐκ
1802 2494 1861 2546 tv

158 2585 224 2653 τῇ
254 2580 487 2649 γυναικὶ
530 2580 625 2633 καὶ
674 2580 730 2632 ὲν
758 2578 837 2649 τῷ
867 2578 1045 2649 ἀνδρὶ,
1082 2578 1198 2632 ἀλλ’
1241 2582 1298 2633 tv
1328 2582 1393 2652 τῇ
1432 2578 1651 2652 γνώμῃ,
1705 2582 1763 2633 tv
1790 2583 1857 2653 τῇ

160 2670 370 2741 σπουδῇ
399 2670 496 2721 καὶ
518 2670 584 2738 τῇ
616 2667 878 2739 ῥαθυμίᾳ,
904 2669 961 2720 tv
984 2671 1049 2738 τῇ
1076 2669 1247 2739 κακίᾳ
1273 2671 1365 2723 καὶ
1388 2673 1453 2741 τῇ
1484 2672 1675 2741 ἀρετῇ.
1701 2669 1860 2723 Οὕτω

160 2759 269 2831 γὰρ
300 2758 403 2812 καὶ
452 2756 708 2810 πλούσιον
733 2755 845 2824 ἐγὼ
886 2756 978 2809 τὸν
1007 2756 1217 2827 πένητα
1262 2755 1496 2828 δύναμαι
1525 2758 1730 2819 καλεῖν,
1763 2756 1859 2809 καὶ

163 2849 378 2919 πένητα
405 2846 500 2899 τὸν
526 2844 802 2908 πλούσιον,
844 2846 939 2898 καὶ
964 2848 1199 2912 γυναῖκα
1226 2845 1319 2898 16v
1340 2845 1529 2918 ἄνδρα,
1561 2846 1656 2899 καὶ
1690 2845 1859 2916 ἄνδρα

162 2938 261 3006 τὴν
284 2937 545 3005 γυναῖκα,
580 2932 674 2987 καὶ
700 2932 915 3003 ἰδιώτην
942 2933 1032 2985 16v
1059 2932 1242 3002 σοφὸν,
1264 2933 1360 2987 καὶ
1403 2934 1566 3002 σοφὸν
1591 2933 1683 2987 16v
1723 2932 1862 2986 ίδιὼ-

161 3043 281 3093 την,
319 3026 385 3076 οὐ
428 3022 678 3092 συγχέων
705 3020 812 3074 τῶν
843 3021 1189 3091 πραγμάτιον
1231 3020 1331 3092 τὴν
1369 3021 1553 3091 φύσιν.
1588 3022 1725 3076 ἀλλὰ
1765 3022 1859 3075 τὸν

154 3116 383 3184 ἄριστον
409 3110 620 3165 κανόνα
663 3110 898 3177 εἰσάγων
938 3108 1031 3162 τὸν
1068 3110 1245 3163 πάντα
1292 3108 1695 3181 διορθούμενον.
1748 3111 1859 3165 Καὶ

157 3202 279 3264 πῶς
329 3202 400 3255 ἂν
428 3200 663 3267 γένοιτο,
714 3198 901 3268 φησὶν,
933 3198 965 3250 6
998 3197 1139 3268 ἀνὴρ
1182 3198 1339 3267 γυνὴ,
1372 3196 1492 3261 πῶς
1532 3197 1589 3252 δὲ
1635 3198 1669 3269 ἡ
1719 3199 1855 3270 γυνη

156 3293 329 3361 ἀνήρς
360 3291 437 3343 06
478 3289 577 3359 τῆς
608 3286 825 3357 φύσεως
861 3286 1361 3357 μεταϐαλλομένης,
1409 3286 1546 3340 ἀλλά
1581 3286 1683 3357 τῆς
1716 3304 1854 3359 προ-

151 3380 447 3450 αιρέσεως.
471 3378 643 3430 Ὅταν
666 3378 776 3445 γὰρ
804 3374 900 3428 ἴδω
938 3373 1109 3446 ἄνδρα
1139 3374 1606 3447 χρυσοφοροῦντα,
1640 3375 1854 3429 καλλωο

156 3466 495 3537 πιζόμενον,
546 3464 648 3528 τὰς
698 3464 874 3534 κόμας
936 3462 1282 3529 διατιθέντα,
1339 3464 1528 3536 μύρων
1576 3464 1806 3519 πνέοντα
1838 3505 1851 3529 ,

160 3556 383 3627 μαλακῇ
441 3553 676 3625 ἰματίων
727 3551 990 3623 περιϐολῇ
1055 3553 1149 3605 καὶ
1211 3551 1419 3622 βαδίσει
1466 3552 1852 3623 θηλυνόμενον,

155 3646 340 3717 τρυφῇ
375 3643 737 3713 προσέχοντα,
770 3639 890 3704 πῶς
909 3639 976 3693 ἂν
1001 3639 1265 3710 δυναίμην
1284 3640 1453 3712 ἄνδρα
1482 3641 1709 3696 καλέσαι
1740 3644 1857 3699 τοῦ-

153 3750 246 3786 τον
264 3732 357 3785 16v
380 3730 480 3801 τὴν
504 3730 783 3798 εὐγένειαν
798 3728 899 3797 τῆς
924 3726 1140 3796 φύσεως
1163 3728 1561 3799 προδεδωκότα,
1593 3731 1686 3784 καὶ
1718 3732 1855 3803 πρὸς

155 3821 217 3873 16
251 3818 388 3889 θῆλυ
423 3815 943 3889 μεθαρμοζόμενονς
995 3816 1057 3868 Et
1088 3814 1199 3887 γάρ
1228 3816 1351 3869 οὐδὲ
1400 3820 1635 3884 γυναῖκα
1683 3820 1854 3873 ταῦτα

154 3909 422 3963 ποιοῦσαν
468 3909 528 3960 tv
560 3909 671 3970 τοῖς
708 3905 874 3971 ζῶσιν
918 3907 947 3959 ό
980 3904 1199 3969 Παῦλος
1243 3906 1498 3977 ἀριθμεῖν
1541 3909 1642 3961 ούκ
1689 3910 1851 3977 ἀξιοῖ,

153 3998 273 4051 ἀλλ’
308 3995 545 4067 ἐξορίζει
578 3993 674 4047 τοῦ
704 3992 813 4046 τῶν
839 3994 1188 4063 ἐμπνεόντων
1224 3995 1407 4065 χοροῦ,
1441 3996 1536 4048 καὶ
1577 3996 1716 4066 μετά
1743 3997 1855 4051 τῶν

154 4081 472 4135 τεθνεώτων
494 4081 698 4151 ῖστησι,
720 4080 893 4148 λέγων
914 4096 926 4108 ·
947 4080 1019 4135 ’11
1046 4078 1115 4133 δὲ
1142 4078 1520 4135 σπαταλῶσα
1542 4079 1700 4143 ζῶσα
1754 4081 1850 4132 τέ-

157 4168 541 4236 amur-mi;
564 4168 631 4222 ἂν
662 4169 691 4220 ὁ
725 4168 865 4237 ἀνὴρ
891 4169 971 4230 εἰς
1015 4167 1115 4236 τὴν
1147 4168 1258 4221 τῶν
1293 4168 1497 4239 ἀνδρῶν
1544 4170 1852 4244 καταλεχθῇ

150 4258 308 4321 τάξιν
336 4256 516 4311 ταῦτα
560 4256 752 4314 ποιῶν.
802 4256 945 4326 άπερ
982 4256 1118 4325 γυνὴ
1159 4258 1474 4326 πράττουσα
1514 4258 1610 4311 καὶ
1657 4259 1719 4312 16
1754 4258 1854 4331 ζῇν

154 4346 514 4411 ἁπολώλεκες
549 4345 654 4399 Τὸν
701 4345 811 4414 γὰρ
838 4344 1009 4415 ἀνδρα
1053 4344 1128 4415 μή
1182 4361 1272 4412 μοι
1314 4347 1424 4398 ἀπὺ
1455 4346 1556 4416 τῆς
1606 4346 1854 4416 χλανίδος

149 4436 358 4506 δείξῃς,
397 4434 547 4505 μηδὲ·
568 4433 681 4487 ἀπὸ
712 4436 811 4503 τῆς
844 4432 1043 4502 ζώνης,
1079 4432 1212 4503 μηδὲ
1246 4434 1354 4487 ἀπὸ
1376 4434 1470 4487 τοῦ
1510 4435 1685 4487 σοδεῖν
1713 4437 1854 4491 κατὰ

152 4525 252 4593 τὴν
280 4523 459 4577 οἰκίαν
486 4521 583 4576 καὶ
608 4520 838 4591 φοϐερὸν
862 4515 1001 4573 εἶναι
1035 4522 1130 4573 καὶ
1165 4514 1430 4585 ἀπειλεῖν,
1460 4524 1578 4575 ἀλλ’
1612 4525 1719 4579 ἀπὸ
1751 4527 1852 4595 τῆς

149 4611 299 4665 κατά
330 4610 572 4664 διάνοιαν
595 4608 935 4677 φιλοσοφίας,
958 4608 1088 4662 ὅταν
1114 4608 1226 4661 τῶν
1255 4610 1443 4663 παθῶν
1464 4612 1690 4686 κατέχῃ,
1723 4614 1852 4667 ὅταν

151 4700 260 4751 τῶν
288 4697 620 4768 νοσημάτων
655 4697 755 4766 τῆς
786 4695 967 4767 ψυχῆς
1005 4697 1378 4768 περιγίνηται,
1408 4682 1538 4753 ὃταῖι
1750 4704 1851 4773 τῆς

147 4790 334 4851 οἰκίας
372 4786 540 4841 αὐτοῦ
571 4785 673 4855 τῆς
706 4785 875 4849 ἔνδον,
904 4788 1006 4857 τῆς
1045 4786 1191 4840 κατά
1229 4787 1408 4860 ψυχὴν
1449 4787 1612 4861 λέγω,
1646 4792 1739 4844 καὶ
1776 4794 1849 4863 μὴ

153 4879 259 4932 ὑπδ
296 4876 409 4930 τῶν
435 4877 657 4930 ἀτόπων
680 4874 957 4945 λογισμῶν
986 4875 1374 4947 παρασύρηται
1395 4893 1410 4908 ·
1436 4877 1596 4932 τοῦτο
1619 4880 1851 4949 μάλιστα

152 4964 316 5037 ἀνὴρ.
342 4965 442 5017 'Av
469 4962 527 5018 δὲ
557 4962 699 5034 μέθῃ
727 4964 820 5015 καὶ
848 4963 1132 5037 κραιπάλῃ
1162 4964 1431 5036 προσέχῃ,
1458 4965 1553 5019 καὶ
1586 4965 1687 5037 τὴν
1715 4969 1851 5038 ἡμέ-

151 5072 256 5125 ραν
303 5054 522 5123 δαπανᾷ
578 5052 675 5105 καὶ
712 5051 976 5122 ἀναλίσκῃ
1024 5053 1106 5116 εἰς
1144 5052 1367 5121 κώμους
1402 5054 1494 5107 καὶ
1540 5056 1846 5125 παροινίας,

152 5141 329 5214 κηροῦ
372 5142 576 5204 παντὸς
623 5140 1015 5211 μαλακώτερος
1047 5141 1153 5195 ὑπὸ
1186 5140 1281 5194 τοῦ
1308 5140 1515 5208 πάθους
1543 5144 1849 5215 γινόμενος,

154 5232 273 5295 πῶς
301 5231 607 5299 δυνήσομαι
632 5230 723 5281 τὸν
751 5228 994 5283 τοιοῦτον
1018 5230 1187 5300 ἀνδρα
1213 5228 1418 5293 καλεῖν,
1450 5232 1543 5285 τὸν
1571 5234 1853 5303 αἰχμάλω-

154 5338 264 5385 τον,
295 5320 388 5372 τὸν
430 5317 615 5372 δοῦλον
655 5317 747 5370 τὸν
790 5316 1199 5390 ἀργυρώνητον,
1234 5319 1327 5372 τὸν
1365 5322 1530 5373 πᾶσιν
1582 5322 1853 5377 ἐνδιδόντα

154 5412 265 5471 τοῖς
294 5408 523 5469 πάθεσι,
548 5406 641 5458 16v
670 5406 1114 5476 κατακλώμενον,
1144 5410 1237 5460 τὸν
1272 5408 1729 5479 μαλακιζόμενον,
1760 5410 1852 5463 τὸν

152 5496 551 5566 θρυπτόμενον,
590 5495 682 5546 16v
716 5494 819 5546 ὑπὸ
842 5495 1061 5549 πάντων
1088 5496 1586 5565 καταϐαλλόμενον,
1608 5498 1699 5550 16v
1730 5498 1853 5552 οὐδὲ

156 5587 345 5657 στῆναι
368 5585 463 5637 ἐπὶ
492 5584 592 5654 τῆς
623 5584 983 5655 παρατάξεως
1021 5584 1356 5655 δυνάμενον;
1395 5588 1463 5638 Ἢ
1492 5586 1591 5639 οὐκ
1625 5588 1738 5641 ἴστε
1769 5589 1847 5643 ὅτι

154 5676 213 5728 οὐ
258 5675 397 5743 πρὸς
431 5670 757 5742 ἀνθρώπους
791 5674 922 5743 ἡμῖν
950 5675 1233 5744 ὁμογενεῖς
1268 5675 1417 5726 ἐστιν
1440 5676 1467 5727 6
1494 5676 1731 5746 πόλεμος
1757 5666 1855 5731 καί

154 5770 186 5835 ἡ
222 5762 553 5835 παράταξις,
584 5762 721 5816 ἀλλά
753 5763 886 5831 πρὸς
927 5762 1029 5826 τὰς
1070 5764 1340 5834 ἀοράτους
1386 5763 1670 5833 δυνάμεις,
1718 5766 1853 5836 πρὸς

156 5856 251 5917 τὰς
288 5854 398 5906 τῶν
434 5852 707 5921 δαιμόνων
735 5852 1040 5921 φάλαγγας,
1084 5852 1225 5905 κατὰ
1267 5852 1360 5905 τὸν
1391 5854 1662 5925 μακάριον
1700 5855 1848 5909 Παῦ-

160 5946 243 5996 λον
270 5961 282 5973 ·
324 5945 448 5995 Οὐκ
488 5942 665 5995 ἐστιν
694 5939 838 6007 ἡμῖν
867 5942 905 6009 ἠ
944 5940 1110 6005 πάλη
1146 5940 1296 6008 πρὸς
1324 5928 1468 6009 αἷμα
1494 5944 1592 5996 καὶ
1628 5942 1845 6013 σάρκα,

160 6034 316 6086 ἀλλὰ
344 6031 493 6099 πρός
516 6030 624 6095 τὰς
653 6027 863 6097 ἀρχὰς,
896 6028 1045 6097 πρὸς
1080 6030 1186 6095 τὰς
1215 6030 1527 6097 ἐξουσίας

3572 343 3675 401 688

2054 466 2124 525 γ’.
2152 460 2325 513 Τοῦτο
2349 461 2457 531 γάρ
2479 461 2713 531 μάλιστα
2741 460 2951 530 ἀνδρός.
2979 459 3042 515 ’0
3077 461 3255 515 τοίνυν
3276 462 3671 535 ώραῖζόμενος,

1975 546 2091 600 ἀλλ’
2116 549 2175 600 ού
2209 550 2639 621 νεανιευόμενος,
2676 551 2705 602 ό
2752 547 3254 619 καλλωπιζόμενος,
3286 550 3401 603 ἀλλ’
3435 554 3539 606 οὐκ
3578 557 3676 608 ἀν⁸

1974 634 2311 706 ὁριζόμενος,
2339 636 2458 700 πῶς
2498 636 2565 690 ἂν
2589 637 2681 688 ἐπὶ
2709 637 2810 707 τῆς
2834 636 3198 707 παρατάξεως
3234 640 3367 709 στῇ;
3397 639 3430 710 ἦ
3468 640 3586 704 πῶς
3609 643 3676 695 ἂν

1974 722 2115 795 ἀνὴρ
2153 723 2404 794 κληθείη,
2433 724 2695 793 γυναικὸς
2735 727 2918 796 πάσης
2961 724 3354 797 μαλακώτερον
3391 728 3672 798 διακείμε-

1973 828 2093 875 νος;
2144 811 2301 865 Κατά
2335 811 2398 881 δὴ
2439 812 2532 864 τὸν
2573 811 2735 865 αὑτὸν
2762 812 2987 884 τρόπον,
3033 811 3224 883 ὥσπερ
3262 812 3453 867 τοῦτον
3479 816 3580 868 οὐκ
3607 815 3673 868 ἂν

1974 900 2267 970 καλέσαιμι
2299 900 2491 970 ἄνδρα,
2518 900 2654 952 ἀλλά
2683 901 2945 967 γυναικὸς
2975 900 3387 971 μαλακώτερον,
3411 902 3554 956 οὕτω
3580 902 3675 956 καὶ

1971 1002 2070 1056 την
2104 989 2338 1054 γυναῖκα
2365 988 2466 1058 τὴν
2497 987 2894 1059 ἀνδριζομένην
2927 986 3122 1059 ἀνδρὸς
3149 989 3349 1051 παντὸς
3381 990 3671 1060 στερροτέ-

1974 1091 2095 1146 ραν,
2131 1075 2199 1128 ἂν
2226 1075 2293 1128 τὰ
2318 1076 2457 1130 ὅπλα
2489 1078 2786 1147 ἁρπάσασα
2816 1076 2883 1129 τά
2915 1077 3283 1147 πνευματικὰ,
3316 1077 3412 1131 καὶ
3440 1078 3531 1131 16v
3563 1077 3669 1131 θώ-

1974 1180 2115 1234 ρακα
2144 1164 2483 1236 ὲνδυσαμένη
2509 1166 2611 1235 τῆς
2635 1164 3001 1235 δικαιοσύνης,
3048 1166 3141 1219 καὶ
3173 1166 3235 1219 τὸ
3270 1168 3473 1239 κράνος
3517 1184 3671 1238 περι-

1970 1250 2175 1322 θεμένη
2221 1252 2316 1305 τοῦ
2378 1253 2673 1324 σωτηρίου,
2728 1253 2821 1306 καὶ
2866 1252 2965 1324 τὴν
2998 1252 3201 1307 ἀσπίδα
3250 1253 3671 1325 προϐαλλομένη

1967 1342 2068 1411 τῆς
2111 1342 2368 1405 πίστεως,
2416 1344 2512 1395 καὶ
2560 1340 2659 1413 τὴν
2700 1340 2878 1411 ζώνην
2912 1341 3206 1412 ζωσαμένη
3245 1342 3349 1411 τῆς
3385 1343 3668 1415 ἀληθείας,

1968 1430 2064 1482 καὶ
2091 1428 2192 1501 τὴν
2225 1429 2506 1501 μάχαιραν
2534 1429 2891 1501 λαμϐάνουσα
2936 1429 3032 1482 τοῦ
3064 1430 3401 1501 πνεύματος.
3445 1432 3539 1485 ἐπὶ
3570 1432 3670 1502 τῆς

1969 1518 2335 1587 παρατάξεως
2363 1521 2461 1588 στῇ
2504 1518 2801 1589 λάμπουσα
2834 1516 2943 1570 ἀπὸ
2977 1516 3087 1570 τῶν
3122 1518 3323 1584 ὃπλων,
3360 1517 3670 1590 ὑψηλοτέρα

1967 1606 2075 1659 τῶν
2102 1605 2352 1677 οὐρανῶν
2386 1606 2495 1658 ἀπὸ
2524 1605 2619 1659 τοῦ
2661 1606 3011 1676 φρονήματος
3049 1605 3336 1675 γινομένη,
3374 1605 3670 1659 διαλύοδσα

1964 1694 2074 1748 τῶν
2112 1695 2384 1765 δαιμόνων
2416 1694 2517 1758 τὰς
2562 1694 2875 1764 φάλαγγας,
2918 1693 3261 1765 καθαιροῦσα
3290 1694 3386 1748 τοῦ
3418 1695 3668 1748 διαϐόλου

1963 1783 2064 1853 τὴν
2103 1782 2419 1855 τυραννίδα,
2450 1781 2865 1836 κατακεντοῦσα
2893 1782 2962 1835 τὰ
2987 1781 3158 1852 πάθη,
3201 1782 3475 1851 πτώματα
3501 1784 3671 1854 ἐργα-

1966 1870 2168 1941 ζομένη
2204 1870 2313 1925 τῶν
2357 1873 2416 1925 tv
2451 1874 2567 1934 τοῖς
2606 1870 2868 1941 πολέμοις
2924 1870 3261 1941 πυκνότερα,
3310 1871 3412 1924 οὐκ
3458 1870 3670 1942 ἀνθρώ-

1964 1976 2105 2025 πων,
2127 1957 2267 2012 ἀλλά
2292 1956 2570 2028 λογισμῶν
2594 1957 2834 2012 ἀτόπων.
2865 1956 3008 2028 Γυνὴ
3041 1956 3153 2029 γὰρ
3186 1956 3280 2011 καὶ
3302 1957 3445 2029 ἀνὴρ
3473 1958 3532 2012 tv
3566 1957 3667 2026 μὲν

1964 2050 2079 2111 τοῖς
2112 2047 2447 2117 σωματικοῖς
2482 2046 2588 2098 εἰσι
2624 2044 2964 2117 διηρῃμένοι,
3002 2045 3097 2097 καὶ
3128 2048 3193 2117 τῇ
3234 2045 3333 2116 μὲν
3372 2046 3521 2107 ἰστὸς
3571 2046 3667 2098 καὶ

1964 2135 2216 2206 ἠλακάτη
2251 2134 2347 2188 καὶ
2384 2133 2715 2198 καλαθίσκος
2739 2134 2835 2188 καὶ
2874 2132 2935 2188 16
2961 2135 3235 2206 οἰκουρεῖν
3268 2132 3423 2206 [551]
3458 2133 3552 2188 καὶ
3573 2133 3671 2188 θα⁴

1964 2223 2300 2292 λαμεύεσθαι
2330 2223 2425 2277 καὶ
2451 2221 2836 2293 παιδοτροφεῖν
2872 2219 3207 2295 ἀφώρισται,
3244 2222 3401 2294 ἀνδρὶ
3431 2222 3489 2276 δὲ
3514 2222 3677 2278 δίκα-

1966 2314 2163 2383 στήρια
2215 2313 2310 2367 καὶ
2362 2310 2727 2384 βουλευτήρια
2772 2311 2867 2365 καὶ
2915 2310 3115 2383 ἀγορά,
3152 2311 3247 2365 καὶ
3290 2310 3522 2383 πόλεμοι
3570 2312 3667 2365 καὶ

1965 2403 2138 2473 μάχαι
2170 2401 2265 2455 καὶ
2312 2399 2687 2471 παρατάξεις·
2730 2400 2825 2453 ἐπὶ
2871 2399 2933 2454 δὲ
2977 2399 3087 2453 τῶν
3124 2399 3524 2471 παλαισμάτων
3564 2401 3664 2470 τῆς

1962 2489 2245 2550 εὐσεϐείας
2295 2488 2473 2542 κοινὸν
2524 2488 2587 2541 16
2639 2487 2875 2553 στάδιον,
2937 2488 3093 2543 κοινὰ
3143 2490 3215 2543 τά
3267 2489 3663 2561 παλαίσματα·

1961 2579 2164 2648 ὁμοίως
2210 2578 2309 2631 καὶ
2358 2579 2621 2645 γυναῖκες
2652 2575 3005 2641 ἀποδύονται,
3036 2578 3131 2631 καὶ
3175 2578 3277 2632 οὐκ
3307 2578 3667 2633 ἐκδάλλονται

1960 2664 2055 2718 τοῦ
2083 2652 2317 2733 ἀγῶνος,
2350 2662 2487 2717 ἀλλά
2521 2663 2621 2716 καὶ
2649 2664 3100 2734 παρατάσσονται
3141 2665 3237 2718 καὶ
3266 2664 3665 2735 στεφανοῦνται

1961 2754 2054 2806 καὶ
2084 2752 2531 2824 ἀναγορεύονται.
2575 2754 2671 2805 καὶ
2705 2751 2991 2823 ἀριστείας
3036 2752 3259 2824 ἔχουσιν
3309 2752 3526 2809 επαθλα
3569 2755 3665 2807 καὶ

1962 2841 2192 2913 βραδεῖα
2236 2842 2332 2894 καὶ
2386 2842 2708 2909 στεφάνους,
2754 2840 2848 2895 καὶ
2875 2841 3117 2913 τρόπαια
3156 2841 3213 2896 δὲ
3249 2844 3383 2915 παρ’
3424 2842 3665 2907 ἐκείνας

1958 2926 2210 2998 λαμπρά,
2246 2927 2338 2979 καὶ
2367 2928 2513 2979 νῖκαι
2547 2928 2790 2996 συνεχεῖς
2820 2928 2915 2981 καὶ
2946 2926 3263 2998 ἐπάλληλοι.

2032 3017 2144 3070 Καὶ
2172 3016 2257 3068 ῖνα
2297 3014 2372 3085 μὴ
2412 3015 2628 3085 κόμπον
2670 3014 2931 3083 νομίσητε
2970 3011 3109 3069 εἷναι
3151 3016 3313 3069 ταυτὶ
3343 3016 3411 3070 τὰ
3442 3020 3665 3090 ῥήματα

1962 3105 2099 3175 μηδὲ
2123 3104 2298 3175 ψόφον
2323 3104 2606 3177 ῥημάτων,
2633 3103 2752 3157 ἀλλ’
2780 3103 2961 3175 εἰδῆτε
2985 3104 3176 3175 σαφῶς
3211 3107 3295 3160 δτι
3323 3107 3426 3160 οὐκ
3451 3106 3666 3178 ἀνδρῶν

1962 3195 2123 3265 μόνον
2152 3194 2291 3248 είσὶν
2315 3192 2686 3265 ἀνδρειότεραι
2708 3196 2991 3262 γυναῖκες,
3016 3192 3153 3247 ἀλλά
3169 3195 3267 3248 καὶ
3294 3196 3437 3266 πρὸς
3467 3195 3660 3267 αὐτὴν,

1958 3283 2035 3347 ὼς
2068 3285 2265 3347 εἰπεῖν,
2286 3282 2397 3336 τῶν
2425 3280 2673 3351 ἀγγέλων
2694 3281 2795 3354 τὴν
2816 3281 3088 3337 ἀπάθειαν
3116 3283 3259 3338 κατά
3293 3283 3355 3338 τδ
3382 3283 3665 3356 ἐγχωροῦν

1962 3370 2408 3443 μεθορμίζονται,
2440 3370 2661 3440 ἀγέσθω
2692 3370 2775 3434 εἰς
2802 3370 2971 3442 μέσον
2993 3374 3027 3442 ἡ
3056 3371 3195 3443 γυνὴ
3229 3373 3331 3444 μὲν
3352 3371 3452 3444 τὴν
3476 3373 3660 3442 φύσιν,

1955 3458 2066 3513 τῶν
2104 3458 2354 3530 οὐρανῶν
2395 3459 2453 3513 δὲ
2493 3458 2749 3530 ἁψαμένη
2784 3459 2863 3531 τῷ
2911 3460 3055 3533 τόνῳ
3094 3460 3195 3532 τῆς
3246 3461 3590 3532 φιλοσοφίας,
3626 3465 3662 3535 ή

1956 3546 2068 3601 τῶν
2098 3546 2481 3603 Μακκαδαίων
2524 3547 2731 3619 μήτηρ,
2759 3549 2793 3620 ή
2827 3547 2911 3612 δίς
2952 3548 3094 3603 ἑπτά
3116 3547 3513 3621 ἀναδησαμένη
3540 3567 3664 3603 στε-

1962 3635 2189 3705 φάνους,
2217 3635 2315 3690 καὶ
2356 3635 2416 3688 ὃν
2464 3634 2644 3705 βούλει
2686 3634 3030 3709 στρατιιὶηην
3058 3636 3312 3708 ἀριστέα,
3353 3637 3667 3709 πολεμικιῦ⁹

1956 3740 2141 3789 τατον,
2164 3724 3129 3797 ἀνδρειότατον,εμεγαλαιιυχότατον,
3148 3726 3250 3793 ἄγε
3278 3728 3360 3791 εἰς
3395 3728 3563 3799 μέσον
3585 3726 3666 3797 τῷ

1957 3812 2122 3884 λόγῳ,
2173 3815 2268 3868 καὶ
2300 3813 2555 3869 τοσοῦτον
2585 3813 2706 3885 ὄψει
2736 3817 2836 3887 τὴν
2861 3817 3101 3885 γυναῖκα
3141 3814 3507 3889 ὑψηλοτέραν,
3538 3818 3664 3871 ὅσον

1956 3904 2056 3974 τῆς
2087 3902 2193 3972 γῆς
2238 3902 2616 3973 ἀφεστήκασιν
2656 3905 2713 3957 αἰ
2759 3904 2871 3957 τῶν
2906 3903 3157 3975 οὐρανῶν
3211 3904 3423 3974 ἀψῖδες.
3456 3905 3515 3960 '0
3562 3908 3663 3977 μὲν

1956 3992 2067 4064 γὰρ
2091 3991 2435 4065 στρατιώτης
2462 3992 2559 4046 καὶ
2581 3993 2842 4064 ἀριστεὺς
2884 3994 3017 4063 μίαν
3054 3993 3259 4049 δέδοικε
3296 3995 3537 4066 πληγὴν,
3568 3998 3663 4056 καὶ

1956 4081 2053 4153 τὴν
2092 4081 2356 4150 σύντομον
2385 4080 2444 4148 ἐξ
2471 4081 2643 4151 αὐτῆς
2671 4082 2930 4153 τελευτὴν
2958 4083 3118 4153 μόνον
3140 4101 3154 4115 ·
3186 4085 3326 4158 αὓτη
3350 4086 3408 4139 δὲ
3435 4087 3662 4158 ἑστήκει

1957 4170 2211 4240 καθάπερ
2236 4169 2361 4241 δρος
2398 4168 2862 4242 μεταλλευομένη,
2898 4171 3018 4225 καθ’
3050 4173 3284 4227 ἕκαστον
3319 4174 3533 4228 παιδίον
3564 4193 3663 4246 χα-

1956 4258 2273 4330 λεπωτέρας
2307 4259 2656 4329 ὑπομένουσα
2682 4259 2879 4323 ὀδύνας
2900 4261 2958 4313 ἐν
2989 4263 3054 4331 τῇ
3090 4261 3237 4332 ψυχῇ
3269 4261 3383 4315 τῶν
3406 4262 3660 4333 βασάνων

1954 4340 2030 4399 ὧν
2058 4348 2256 4400 ἐκεῖνοι
2286 4349 2409 4410 ταῖς
2448 4347 2711 4419 πλευραῖς
2742 4347 3021 4418 ἐδέχοντο·
3061 4350 3155 4402 καί
3188 4349 3300 4422 γὰρ
3350 4354 3535 4424 μήτηρ
3569 4347 3659 4423 ἦν,

1957 4435 2054 4489 καὶ
2089 4436 2258 4504 χήρα,
2302 4435 2397 4488 καὶ
2444 4435 2526 4497 εἰς
2568 4435 2797 4506 ἔσχατον
2836 4436 3135 4508 ἐληλακυῖα
3171 4438 3387 4510 γῆρας·
3433 4439 3549 4495 ῖστε
3603 4441 3663 4495 δὲ

1955 4521 2131 4576 ταῦτα
2164 4524 2280 4575 ὅσοι
2330 4523 2568 4594 πατέρες
2598 4523 2872 4592 ἐγένεσθε,
2913 4524 3008 4577 καὶ
3056 4526 3178 4580 ὅσαι
3220 4528 3429 4581 παίδων
3465 4528 3662 4593 ὠδῖνας

1957 4611 2211 4673 ἐλύσατε,
2276 4610 2395 4674 πῶς
2432 4612 2663 4683 κέντρου
2710 4613 2915 4677 παντός
2951 4616 3070 4667 ἐστι
3122 4615 3503 4687 χαλεπώτερα.
3548 4618 3661 4672 Καὶ

1955 4700 2107 4754 οὐδὲν
2135 4700 2280 4754 οὕτω
2315 4699 2467 4768 βέλος
2497 4700 2590 4765 ὀξὺ
2620 4701 2875 4773 δριμεῖαν
2918 4705 3116 4773 ἐπάγει
3143 4707 3259 4769 τοῖς
3286 4704 3663 4777 τραυματιζο-

1961 4790 2146 4860 μένοις
2170 4788 2384 4858 ὀδύνην,
2416 4788 2494 4853 ὡς
2526 4789 2732 4843 τούτων
2762 4792 2996 4845 ἕκαστον
3029 4794 3129 4862 τὴν
3152 4794 3371 4863 ἐκείνης
3398 4797 3661 4850 κατεκέν-

1956 4896 2038 4933 τει
2079 4878 2277 4949 ψυχήν.
2328 4878 2614 4947 Ἐννόησον
2661 4881 2768 4951 γὰρ
2799 4880 2988 4951 ἡλίκον
3024 4876 3093 4951 ἦν
3120 4882 3244 4935 καθ’
3291 4883 3524 4938 ἕκαστον
3550 4886 3659 4938 τῶν

1961 4967 2163 5021 παίδων
2186 4967 2320 5038 ὁρᾷν
2345 4967 2550 5037 σιδήρῳ
2577 4966 2673 5019 καὶ
2708 4969 2842 5040 πυρὶ
2869 4969 3029 5039 σῶμα
3064 4970 3427 5042 μεριζόμενον
3450 4972 3530 5037 ἓν,
3563 4974 3659 5027 καὶ

1961 5055 2207 5127 μακροὺς
2264 5054 2585 5122 τιθεμένους
2643 5057 2771 5119 τοὺς
2820 5057 3105 5121 διαύλους·
3164 5060 3283 5124 πῶς
3322 5061 3492 5133 ἑώρα,
3543 5064 3661 5126 πῶς

1956 5146 2141 5216 ἤκουε,
2183 5144 2303 5208 πῶς
2334 5144 2550 5214 ἐδέχετο
2576 5144 2673 5216 τὴν
2701 5148 2929 5199 κνῖσσαν
2959 5149 3059 5219 τὴν
3101 5150 3209 5203 ἀπὸ
3240 5150 3353 5204 τῶν
3388 5153 3658 5224 σωμάτων

1958 5236 2206 5297 ἐκείνων,
2252 5232 2781 5304 μυρίουςθανάτους
2829 5236 3048 5307 ἑκάστῳ
3077 5237 3188 5290 τῶν
3218 5239 3431 5294 παίδων
3455 5244 3661 5310 ἐπαγο-

1960 5324 2156 5394 μένους
2186 5322 2479 5393 βλέπουσα.
2530 5323 2671 5375 ‘AD.’
2705 5326 2737 5394 ἡ
2778 5324 2875 5393 μὲν
2903 5326 3147 5397 εἱστήκει
3202 5328 3457 5400 καθάπερ
3485 5331 3662 5401 πέτρα

1957 5412 2238 5483 ἀκίνητος,
2277 5412 2339 5465 ού
2382 5411 2719 5483 σαλευομένη
2769 5412 2875 5466 ὑπὸ
2921 5414 3030 5467 τῶν
3079 5415 3365 5485 κυμάτων,
3413 5418 3550 5471 ἀλλά
3593 5422 3663 5473 τὰ

1964 5500 2181 5570 κύματα
2219 5500 2299 5563 εἰς
2336 5499 2514 5570 ἀφρὸν
2543 5499 2858 5565 διαλύουσα,
2888 5502 2966 5566 ώς
3008 5503 3247 5576 σίδηρος,
3291 5508 3368 5570 ὡς
3402 5509 3617 5578 ἀδάμας
3644 5528 3658 5539 ·

1961 5590 2163 5662 μᾶλλον
2184 5590 2263 5649 δὲ,
2286 5590 2425 5659 ὅπερ
2457 5589 2523 5642 ἂν
2553 5590 2713 5653 εἴπω,
2749 5591 2851 5643 οὐκ
2873 5591 2984 5661 ἔχω
3024 5596 3089 5664 τῇ
3134 5596 3406 5668 καρτερίᾳ
3442 5600 3540 5667 τῆς
3564 5615 3660 5667 γυ-

1958 5679 2146 5740 ναικὸς
2176 5678 2335 5742 ἀξίαν
2357 5676 2626 5730 ἐπιθεῖναι
2651 5681 3045 5750 προσηγορίαν.
3071 5683 3292 5756 Ταύτην
3312 5682 3407 5739 οὖν
3429 5690 3665 5755 γυναῖκα

1958 5766 2192 5837 ἐροῦμεν
2340 5765 2508 5834 ἄνδρα
2534 5765 2589 5817 δὲ
2620 5766 2777 5829 ὅλως,
2814 5767 2930 5819 ἀλλ’
2963 5771 3086 5841 ούχὶ
3113 5774 3208 5826 καὶ
3240 5774 3454 5845 ἀνδρῶν
3481 5776 3663 5829 αὐτῶν

1958 5854 2301 5925 ὑψηλοτέραν
2341 5855 2406 5906 ἐκ
2440 5853 2639 5922 πολλῆς
2672 5855 2771 5923 τῆς
2800 5863 3151 5929 περιουσίας;
3189 5863 3255 5915 Τί
3277 5864 3355 5929 δὲ,
3388 5866 3519 5919 ὅταν
3547 5866 3660 5937 ἴδῃς

1960 5944 2154 6014 ἑτέραν
2202 5947 2262 5995 ὲκ
2319 5942 2541 6013 πρώτης
2597 5943 2817 6013 ἡλικίας
2862 5950 2919 5999 ἐν
2962 5950 3157 6021 άπαλῷ
3202 5952 3417 6021 σώματι
3460 5954 3663 6014 νύκτας

1962 6034 2205 6097 ἀΰπνους
2232 6032 2545 6100 διάγουσαν,
2578 6034 2788 6103 ἡμέρας
2813 6035 3054 6104 ἀσίτους,
3090 6044 3329 6113 γαστρὸς
3354 6042 3653 6112 ἐπιθυμίαν
