4036 6444
176 451 313 505 trus.
342 447 402 496 ut
429 438 662 505 fernun,
693 444 753 492 ttt
783 433 1005 491 adamas
1032 448 1047 485 :
1077 431 1189 486 imo
1228 441 1392 491 vero.
1417 420 1676 497 quidquid
1702 418 1786 476 di-

173 550 291 593 cam
311 574 330 601 .
373 547 484 591 non
512 537 734 605 possunt
764 526 1010 586 mulieris
1031 525 1217 582 virtuti
1246 523 1469 591 dignum
1502 519 1787 587 imponere

175 643 395 686 nomen.
438 624 591 683 lianc
626 624 790 696 igitur
817 622 1099 679 mulierem
1121 661 1139 686 ,
1177 633 1245 672 an
1276 614 1501 672 omnino
1544 612 1790 667 dicemus

174 736 293 777 esse
321 718 504 775 virum
525 759 542 785 ,
584 732 649 773 ac
678 731 786 772 non
822 715 1003 786 potius
1031 711 1165 783 ipsis
1193 710 1325 765 viris
1355 708 1517 778 longe
1541 700 1793 775 superio-

173 827 314 869 rem.
348 809 490 881 Quid
521 823 675 874 vero,
711 807 757 864 si
796 805 1001 863 videris
1032 803 1195 869 aliam
1241 803 1297 857 in
1330 799 1586 870 primatva
1630 801 1792 850 tetate

175 909 226 963 in
259 919 456 963 tenero
483 919 717 976 corpore
737 903 1018 959 insomnes
1043 907 1233 956 noctes
1258 901 1534 968 agentem,
1565 889 1793 956 diesque

173 1002 293 1058 sine
314 998 469 1063 cibo,
499 995 709 1054 ventris
737 994 1087 1066 cupiditatem
1114 989 1592 1061 comprimentem,
1624 996 1795 1055 pecu-

176 1093 395 1148 niarum
418 1104 664 1146 amorem
701 1086 892 1161 procul
920 1085 1267 1155 abjicientcm
1289 1124 1303 1147 ,
1332 1092 1535 1149 wrpus
1563 1072 1795 1131 mortitl-

174 1195 417 1249 cantem,
449 1197 673 1239 carnem
701 1179 1109 1251 crucifigentem
1129 1219 1145 1244 ,
1174 1189 1274 1246 pro
1304 1171 1479 1230 nihilo
1506 1166 1793 1242 prtesentia

179 1280 473 1335 habentem
497 1318 515 1344 ,
561 1275 709 1331 humi
734 1273 1073 1345 gradientem
1098 1312 1115 1337 ,
1154 1278 1211 1325 et
1236 1268 1386 1339 ipsos
1412 1263 1531 1320 ω)ιὶ
1558 1256 1799 1321 fornices

176 1379 518 1443 tangentem.
544 1367 841 1440 potentiam
862 1365 1185 1428 calcantem,
1202 1359 1429 1434 gloriam
1452 1354 1794 1416 irridentem.

176 1463 556 1520 celebritatem
606 1467 953 1531 respuentem
976 1498 993 1522 ,
1035 1470 1136 1526 pro
1158 1452 1342 1510 subtili
1386 1458 1537 1505 veste
1575 1460 1796 1503 saccum

176 1558 519 1620 induentem,
548 1566 738 1610 eatena
763 1554 1023 1616 cinctam,
1047 1549 1288 1604 cinerem
1316 1543 1419 1599 sibi
1443 1540 1800 1597 substernen-

179 1660 312 1715 tem,
345 1664 447 1721 pro
482 1649 624 1706 lecto
650 1646 826 1703 solum
856 1645 1173 1706 habentem,
1198 1650 1254 1695 et
1283 1636 1418 1693 nihil
1446 1633 1683 1706 amplius
1705 1646 1801 1703 pe-

180 1754 386 1799 tentem
405 1784 423 1809 ,
453 1743 505 1796 in
532 1748 761 1812 angusta
804 1734 1130 1794 domuncula
1162 1731 1429 1789 inclusam
1449 1771 1472 1798 ,
1508 1741 1632 1781 cum
1664 1738 1799 1796 pro-

182 1836 360 1906 phetis
382 1835 718 1906 loquentem,
734 1832 897 1887 vitam
923 1836 1173 1900 agentem
1197 1825 1250 1880 in
1275 1818 1631 1879 meditatione
1652 1831 1801 1873 mor-

183 1929 269 1986 tis.
299 1936 431 1983 ante
462 1926 670 1982 obitum
701 1932 998 1988 mortuam,
1025 1919 1187 1983 fame.
1220 1915 1421 1987 vigiliis
1445 1921 1502 1969 et
1544 1908 1802 1984 squalore

183 2019 534 2085 tabefactam,
579 2031 647 2073 ac
682 2013 967 2088 prmsentis
1010 2014 1137 2068 vita:
1175 2009 1373 2066 fastum
1420 2004 1595 2077 magis
1637 2016 1800 2074 quam

184 2114 327 2168 sicea
352 2109 481 2164 folia
503 2109 893 2177 despicientem
924 2124 941 2162 z
971 2103 1254 2170 ltanccine,
1280 2114 1487 2173 quzeso,
1517 2095 1802 2152 mulierem

183 2204 335 2258 dices
356 2202 383 2257 ?
422 2216 605 2257 annon
654 2200 799 2255 illaut
840 2215 907 2254 ex
932 2198 1179 2267 virorum
1202 2194 1367 2251 etiam
1394 2191 1589 2248 ordine
1612 2185 1803 2245 subla-

186 2305 295 2350 tam
326 2294 382 2349 in
410 2293 733 2365 angelorum
756 2290 930 2347 choro
947 2288 1174 2356 locabis,
1200 2300 1325 2357 qua:
1346 2285 1403 2342 in
1429 2280 1682 2341 muliebri
1712 2294 1807 2335 na-

186 2398 307 2443 tttra
337 2393 545 2441 tantam
573 2384 796 2441 exhibet
827 2379 1267 2454 philosophiam?
1518 2396 1533 2414 ~
1773 2387 1777 2390 ’

258 2480 316 2535 ι.
362 2476 564 2547 Ecquis
613 2476 699 2532 his
749 2472 1131 2531 eontradicetl
1180 2471 1387 2530 nullus.
1435 2467 1577 2525 Audi
1615 2466 1808 2538 quales

188 2571 566 2643 apostolomm
598 2578 845 2640 tempore
885 2568 1147 2624 mulieres
1185 2574 1381 2624 erant:
1414 2562 1537 2619 audi
1576 2560 1807 2616 Paulum

191 2663 458 2720 Romanis
489 2664 818 2720 scribentem
859 2677 924 2719 ac
951 2662 1226 2718 dicentem
1257 2677 1273 2714 :
1315 2656 1630 2716 Commendo
1672 2656 1810 2710 vobis

192 2756 424 2813 Pltcben
452 2773 684 2812 sororem
726 2766 949 2811 nostram
970 2797 986 2821 ,
1028 2755 1318 2810 ministram
1347 2746 1596 2808 Ecclesia
1616 2765 1731 2820 quia
1756 2749 1811 2803 in

190 2852 470 2907 Cenchreis
497 2863 739 2923 estanus
759 2852 997 2923 adjutria:
1022 2850 1303 2905 munerum
1320 2847 1423 2919 fuit
1449 2855 1497 2901 et
1525 2845 1626 2901 mei
1650 2843 1813 2914 ipsius

192 2944 377 3013 (Rom.
420 2944 505 3001 I6.
538 2944 611 3016 ί).
644 2942 784 3012 Quid
811 2944 947 2999 dicis
968 2984 983 3005 ,
1015 2958 1050 2997 ο
1098 2940 1302 2997 Paule?
1347 2939 1546 2996 mulier
1575 2936 1811 3008 adjtttrix

192 3048 285 3091 tua
316 3035 454 3100 fuit,
489 3050 589 3091 nec
618 3044 671 3091 te
714 3034 878 3105 pudet
904 3047 1081 3103 neque
1104 3031 1542 3119 erubescisJuec
1581 3024 1815 3084 dicens?

192 3129 309 3185 Non
345 3144 435 3185 me
483 3127 684 3212 pudet,
715 3128 927 3199 inquit,
961 3127 1072 3181 imo
1115 3126 1278 3181 etiam
1321 3117 1569 3195 glorior:
1609 3117 1812 3176 etenim

192 3226 491 3281 Dominum
524 3238 741 3295 quoque
770 3236 954 3278 meum
987 3238 1094 3276 non
1131 3217 1320 3290 pttduit
1349 3229 1580 3273 matrem
1611 3213 1833 3269 habere

192 3320 486 3373 mulierem
517 3335 530 3371 :
564 3316 803 3386 adju‘trix
829 3321 1011 3369 autem
1038 3311 1128 3367 illa
1157 3310 1289 3369 mihi
1313 3308 1412 3366 luit
1431 3350 1446 3375 ,
1478 3322 1586 3363 non
1616 3303 1816 3390 sim’pli-

188 3413 334 3467 citer
356 3409 485 3480 quia
518 3408 714 3463 mulier
742 3415 860 3462 erat
878 3447 894 3470 ,
922 3403 1017 3460 sed
1046 3404 1171 3475 quia
1202 3399 1561 3474 philosophus!
1588 3397 1767 3454 dedita
1796 3437 1812 3461 ,

187 3506 400 3575 pietate
426 3502 674 3557 ﬂorebat.
714 3500 777 3555 Et
799 3498 1075 3569 quomodo
1103 3494 1340 3565 adjutris
1374 3491 1521 3548 Pauli
1546 3490 1683 3547 fuit?
1711 3505 1813 3561 qua

190 3598 435 3652 enim're
471 3593 670 3665 egebat
696 3591 928 3665 Paulus,
960 3588 1051 3661 qui
1087 3587 1277 3642 orbem
1325 3580 1812 3649 circumcurrebat,

193 3691 289 3761 qui
314 3700 549 3756 corpore
579 3683 779 3739 frustra
825 3679 1289 3743 circumdabatur,
1336 3674 1817 3746 qui'necessitates

192 3792 407 3839 natura:
435 3777 817 3842 conculcabat,
846 3776 937 3847 qui
961 3775 1239 3829 dmntonas
1271 3770 1527 3841 pellebat,
1552 3770 1642 3841 qui
1670 3785 1818 3825 mor-

194 3875 298 3929 bos
322 3889 423 3945 per
454 3872 779 3926 vestimenta
806 3868 1053 3933 curabat,
1087 3865 1243 3937 cujus
1264 3880 1453 3921 vocem
1482 3872 1538 3919 et
1565 3863 1814 3917 umbram

197 3964 471 4020 tremebat
497 3961 766 4025 diabolus,
796 3960 885 4030 qui
916 3968 973 4013 ut
995 3958 1222 4029 angelus
1252 3956 1394 4029 apud
1424 3954 1615 4010 fideles
1646 3954 1819 4008 bono-

196 4054 446 4117 rahatur,
478 4069 638 4123 quent
668 4052 1063 4107 reverebantur
1092 4050 1255 4104 etiam
1288 4046 1439 4114 ferte,
1476 4063 1635 4118 quem
1664 4062 1819 4102 reve-

194 4148 423 4203 rabatur
446 4160 629 4209 mare,
663 4152 714 4199 et
742 4160 864 4199 cum
916 4153 1075 4199 nocte
1103 4152 1157 4197 et
1192 4127 1283 4198 die
1312 4142 1461 4196 illum
1488 4141 1815 4210 excepisset,

194 4252 308 4294 non
337 4235 624 4291 sumtcavit
656 4246 871 4300 tatnen';
903 4236 993 4305 qui
1023 4233 1259 4305 paradisi
1288 4234 1422 4289 civis
1464 4231 1597 4298 fuit,
1642 4233 1731 4302 qui
1763 4232 1817 4288 in

193 4330 423 4385 tertium
448 4327 640 4382 (zelum
674 4338 858 4396 raptus
888 4336 1007 4388 est,
1049 4326 1141 4397 qui
1169 4326 1239 4382 de
1278 4325 1493 4381 arcanis
1537 4339 1662 4380 cum
1707 4325 1819 4382 Deo

197 4420 661 4484 communicavit,
716 4419 807 4489 qui
856 4419 977 4489 plus
1015 4434 1177 4489 quant
1223 4432 1415 4472 omnes
1460 4418 1690 4488 apostoli
1738 4418 1817 4473 la-

197 4516 457 4571 beravit:
494 4529 589 4567 vas
613 4512 933 4579 electionis,
977 4512 1257 4581 prouubus
1304 4510 1595 4574 Ecclesite,
1638 4525 1820 4579 prteco

199 4608 444 4680 gentium
467 4646 484 4673 ,
527 4606 615 4675 qui
648 4588 844 4661 terram
870 4614 927 4661 et
950 4619 1103 4659 mare
1124 4604 1561 4659 circumcurrens
1599 4602 1818 4659 fortitu-

200 4701 348 4755 dinis
379 4714 493 4754 sum
521 4698 719 4767 ubique
748 4710 948 4768 tropea
976 4698 1171 4762 erexit,
1205 4698 1295 4768 qui
1323 4712 1447 4753 cum
1475 4696 1620 4752 fame
1647 4711 1697 4753 et
1731 4697 1819 4753 siti

201 4792 427 4850 assidue
449 4791 739 4862 pugnabat,
768 4791 857 4860 qui
875 4805 998 4846 eum
1024 4789 1266 4844 nuditate
1286 4798 1343 4845 et
1358 4789 1561 4860 frigore
1580 4790 1819 4845 luctaba-

202 4897 312 4948 tur,
342 4894 396 4939 ct
422 4883 659 4947 dicebat,
691 4881 924 4953 Usqueiu
941 4884 1072 4936 hanc
1088 4884 1269 4936 horam
1295 4892 1342 4935 et
1370 4882 1625 4937 esurimus
1647 4894 1693 4937 et
1709 4884 1820 4937 siti-

202 4992 319 5031 mus
339 4985 388 5029 et
409 4976 536 5029 nudi
556 4990 732 5052 sanius
758 4976 838 5043 (l.
857 4974 979 5029 Cor.
1008 4974 1061 5029 ι.
1088 4973 1176 5044 ll)
1197 4991 1213 5040 ;
1232 4975 1322 5045 qui
1347 4973 1551 5028 mundo
1573 4985 1820 5029 mortuus

201 5076 357 5135 erat,
386 5068 478 5137 qui
509 5076 781 5121 mortuum
828 5066 1088 5120 mundum
1115 5081 1238 5121 esse
1266 5066 1521 5136 putabat,
1562 5067 1817 5123 etelornut

202 5161 365 5224 civis,
398 5159 834 5214 ferventissimus
866 5158 1069 5214 Christi
1099 5144 1331 5224 amator,
1363 5159 1491 5231 igne
1518 5160 1815 5226 ardentior,

205 5255 349 5307 ferro
380 5252 609 5318 firmiOr,
644 5253 929 5309 adamante
967 5254 1237 5309 solidior:
1286 5254 1374 5309 hic
1403 5270 1508 5308 non
1549 5256 1821 5311 erubescit

202 5346 271 5401 de
290 5345 520 5400 muliere
540 5335 744 5410 dicere,
765 5345 1009 5413 Adjutn’x
1025 5344 1304 5399 multorum
1324 5346 1422 5416 fuit
1444 5354 1490 5398 et
1510 5346 1611 5399 mei
1628 5348 1820 5418 ipsius?

203 5453 384 5507 neque
414 5436 551 5493 dicit
582 5445 812 5502 tantum,
845 5439 941 5492 sed
981 5439 1143 5493 etiam
1175 5438 1393 5503 scribit;
1429 5453 1604 5509 neque
1632 5439 1820 5493 scribit

202 5529 548 5600 sitnpliciter,
579 5528 675 5584 sed
699 5528 1063 5585 Romanorum
1094 5531 1292 5600 populo
1317 5542 1486 5597 tanto,
1517 5532 1742 5586 tumenti
1765 5541 1821 5586 et

202 5623 370 5676 altum
402 5622 636 5691 sapienti
679 5630 901 5693 propter
929 5634 1187 5678 externos
1219 5623 1489 5689 honores,
1535 5625 1671 5679 hanc
1698 5626 1817 5693 epi-

202 5714 397 5771 stolam
432 5716 623 5770 misit:
660 5729 766 5769 non
796 5715 905 5770 illis
945 5726 1151 5770 tantum
1182 5716 1484 5784 mandavit,
1515 5715 1611 5773 sed
1652 5717 1814 5773 etiam

202 5808 413 5867 volebat
445 5818 499 5865 ut
524 5807 973 5880 generationibus
1005 5811 1243 5869 \‘CIllUl‘l:
1271 5810 1386 5869 hu-c
1410 5812 1583 5882 palam
1607 5823 1812 5869 essent.

1040 316 1087 376 Υ
1124 312 1442 378 ΙΙΟΜΙΙιΙᾹ,
1498 307 1587 368 [ιε
1627 306 1881 366 δτυῡιο
1921 305 2412 376 PRESENTIUM,
2455 307 2615 365 ETC.

3402 300 3508 358 ιω

1900 419 2014 476 Nisi
2054 421 2201 477 enim
2231 420 2337 479 hoc
2360 420 2625 479 voluisset
2644 460 2661 489 ,
2691 420 2749 476 tn
2789 417 3019 492 epistola
3047 429 3156 473 non
3188 414 3498 489 posuisset;

1890 513 2004 586 jam
2054 529 2188 572 vero
2240 516 2432 573 volens
2488 524 2549 572 ut
2596 529 2689 572 res
2739 512 2796 571 in
2841 525 3140 586 perennem
3187 507 3513 566 memoriam

1897 606 2177 675 transiret,
2207 616 2264 663 et
2290 607 2575 667 mulierem
2601 603 2871 679 appellat,
2898 616 3199 675 omnesque
3224 600 3430 658 excitat
3453 605 3518 657 ut

1898 699 1973 756 illi
2000 700 2431 772 patrocinentur,
2454 707 2619 774 atque
2640 698 2964 770 adiutricem
2984 710 3140 753 suam
3159 692 3310 753 illam
3330 702 3514 761 vocat.

1896 808 1998 850 nec
2023 808 2151 850 eum
2177 791 2344 864 pudet
2366 808 2545 865 neque
2584 791 2880 851 erubescit.
2907 789 3083 846 Tanta
3111 803 3205 847 res
3231 796 3318 845 est
3340 786 3513 865 etiam

1899 882 1953 939 in
1980 884 2232 941 muliebri
2262 894 2496 960 corpore
2526 882 2885 957 philosophus
2908 881 3144 939 animus.
3174 880 3302 940 ιιωο
3328 888 3516 939 autem

1897 974 2023 1032 dico
2044 1018 2060 1044 ,
2090 985 2249 1035 utne
2276 975 2543 1035 obtendat
2569 975 2767 1034 mulies
2788 975 3000 1043 dicens,
3039 974 3119 1032 Ea
3142 975 3290 1047 quod
3320 971 3521 1030 mulier

1898 1069 2034 1139 sim,
2082 1070 2152 1128 ad
2180 1071 2397 1144 plenam
2425 1072 2646 1129 virtutis
2691 1085 3003 1128 mensuram
3046 1084 3157 1126 non
3184 1068 3330 1125 veni.
3376 1065 3520 1124 Ecce

1901 1179 2137 1236 namque
2164 1164 2282 1221 brec
2311 1166 2509 1222 mulier
2533 1172 2675 1233 erat,
2713 1174 2772 1222 et
2794 1177 2963 1220 sexus
2990 1161 3384 1233 impedimento
3407 1174 3520 1216 non

1893 1256 2020 1324 fuit,
2050 1257 2387 1330 seddignata
2414 1266 2575 1316 estut
2593 1257 2743 1315 Pauli
2764 1266 2911 1315 esset
2926 1255 3187 1327 adjutrix,
3214 1265 3379 1327 atque
3400 1253 3524 1309 ubi-

1899 1365 2008 1421 que
2030 1365 2128 1423 per
2153 1351 2341 1409 orbem
2374 1351 2726 1423 pmdlcatur.
2755 1349 3044 1419 Quomodo
3067 1358 3250 1405 autem
3280 1347 3400 1419 ejus
3427 1344 3525 1400 att-

1896 1441 2071 1514 jutrix
2101 1442 2237 1500 luit?
2262 1459 2294 1499 a
2320 1444 2581 1516 periculis
2601 1442 2836 1501 fortasse
2859 1442 3037 1515 ipsum
3063 1441 3304 1514 eripuit?
3328 1439 3526 1495 \‘incto

1901 1534 2125 1603 sdemt,
2154 1536 2211 1593 in
2240 1546 2433 1594 catena
2468 1538 2644 1608 ipsum
2672 1535 3295 1603 consolabatur-,rcrum
3325 1545 3524 1588 neces-

1902 1630 2172 1689 sariarum
2198 1632 2465 1690 solatium.
2492 1631 2595 1705 ipsi
2622 1630 3051 1706 suppeditabat,
3072 1643 3171 1685 eos
3191 1627 3285 1701 qui
3306 1628 3409 1700 ipsi
3438 1627 3524 1684 itt-

1904 1712 2245 1779 sidiabantur
2267 1722 2532 1791 cohibuit,
2559 1723 2628 1781 ad
2666 1732 2899 1781 mortem
2939 1737 3012 1780 se
3042 1723 3214 1795 ipsam
3245 1721 3524 1794 expositi“.

1906 1824 1965 1872 ut
1993 1815 2287 1877 abductum
2320 1817 2471 1873 illum
2494 1819 2735 1890 eriperet
2757 1832 2791 1874 a
2818 1815 3244 1873 calamitatibus.

1979 1909 2186 1968 Laudes
2216 1912 2496 1970 Priscilla.
2532 1941 2604 1956 -—
2632 1911 2761 1969 Ideo
2780 1911 2945 1969 aliam
2971 1924 3190 1983 quoque
3219 1917 3343 1981 post
3374 1906 3524 1964 illam

1908 2003 2160 2062 laudibus
2187 2005 2467 2075 celebrat,
2511 2006 2599 2063 sie
2621 2006 2809 2063 dicens
2840 2023 2855 2061 :
2884 2000 3126 2063 Salutius
3152 2001 3450 2059 Priscillam
3480 2008 3532 2058 et

1907 2094 2374 2171 Aquil‘am(Rout.
2412 2097 2505 2165 lli,
2552 2097 2636 2169 ὅ).
2680 2097 2779 2154 llic
2823 2111 3039 2171 quoque
3075 2094 3196 2149 vide
3241 2092 3529 2149 mulierem

1908 2190 2201 2263 splendore
2226 2190 2521 2263 fulgentem
2553 2209 2567 2248 :
2594 2190 2809 2248 etiamsi
2856 2190 3001 2247 enim
3024 2187 3187 2244 ambo
3218 2201 3531 2243 memoren-

1912 2294 2022 2353 tur,
2042 2285 2239 2342 mulier
2264 2293 2445 2343 tameu
2474 2286 2593 2341 viro
2634 2285 2971 2358 prmpouitur
3001 2302 3015 2339 :
3047 2298 3154 2340 non
3196 2282 3343 2340 enim
3365 2281 3532 2349 dixit,

1913 2379 2163 2452 Aquilam
2207 2389 2264 2437 et
2308 2379 2633 2447 Priscillam,
2670 2378 2791 2448 sed,
2832 2377 3134 2434 Priscillam
3177 2388 3225 2434 et
3270 2375 3531 2449 Aquilam.

1912 2474 2148 2542 Quinam
2178 2482 2361 2531 autem
2394 2472 2449 2529 ιιι
2489 2474 2690 2530 erant?
2717 2471 3101 2530 'l‘entoriorum
3154 2470 3394 2528 artifices
3416 2512 3433 2536 .
3478 2472 3535 2527 in

1914 2564 2132 2621 ofﬁcina
2160 2575 2388 2624 stantes.
2417 2565 2526 2624 Sed
2556 2581 2733 2639 neque
2770 2581 2883 2632 ars,
2912 2582 3089 2637 neque
3119 2573 3409 2639 paupertas
3436 2564 3540 2619 iut-

1918 2658 2229 2729 pedimento
2257 2656 2394 2724 fuit,
2426 2658 2556 2731 quin
2590 2658 2782 2715 beatus
2829 2659 2937 2727 hic,
2992 2668 3103 2714 tota
3142 2658 3279 2716 nube
3312 2656 3538 2728 postha-

1915 2751 2049 2819 bita,
2083 2753 2135 2806 itt
2157 2750 2494 2808 domicilium
2524 2752 2667 2808 istud
2697 2752 3090 2809 diversarctur.
3115 2750 3228 2807 Cur
3255 2761 3312 2807 et
3340 2767 3447 2823 qua
3468 2749 3540 2807 do

1916 2843 2121 2900 causa?
2151 2842 2268 2899 Non
2290 2845 2415 2915 quia
2444 2845 2731 2901 columnas
2753 2844 3011 2906 habebat.
3036 2859 3147 2899 non
3171 2842 3296 2915 quia
3325 2842 3543 2899 tabulas

1916 2945 1974 2993 et
2002 2936 2181 2993 solum
2219 2937 2421 3011 lapillis
2467 2947 2719 2995 ornatum
2741 2982 2766 3006 ,
2789 2952 2891 2996 nec
2916 2940 3039 3012 quia
3071 2939 3537 3010 contignationem

1917 3044 2161 3093 auream,
2194 3045 2296 3087 nec
2324 3033 2448 3103 quia
2475 3048 2758 3089 servorum
2784 3047 2979 3104 greges
2998 3075 3015 3099 ,
3044 3033 3136 3088 vel
3160 3032 3537 3087 cunuchorum

1918 3122 2304 3190 ministerium,
2350 3124 2443 3181 s'ctl
2490 3128 2725 3182 maxime
2762 3125 2885 3198 quia
2928 3126 3171 3197 ipsorum
3200 3123 3539 3182 domicilium

1920 3230 2112 3287 purum
2130 3226 2270 3277 erat.
2291 3216 2359 3272 ab
2375 3217 2460 3274 bis
2474 3217 2728 3272 omnibus
2748 3234 2764 3273 :
2781 3220 2905 3288 quia
2922 3216 3186 3273 tttulierct
3210 3217 3291 3272 vir
3303 3216 3399 3287 ex]
3410 3216 3543 3273 ustis

1921 3306 2199 3363 laboribus
2224 3308 2425 3365 victum
2441 3309 2783 3381 colligentes,
2806 3308 3034 3365 domum
3064 3324 3216 3367 suam
3246 3310 3537 3366 ecclesiam

1919 3396 2199 3467 iecerant;
2230 3415 2339 3455 non
2368 3401 2665 3473 rapientes,
2690 3416 2791 3459 nec
2815 3400 3058 3459 avaritiae
3104 3399 3409 3469 studentes,
3442 3401 3541 3458 sed

1920 3493 2167 3563 corporis
2185 3508 2350 3565 opera
2373 3494 2438 3549 ad
2479 3494 2849 3555 necessarium
2887 3505 2944 3551 et
2970 3493 3329 3552 sufﬁcientem
3356 3496 3539 3552 cibum

1922 3593 2160 3641 utentes.
2186 3585 2313 3642 ideo
2341 3588 2576 3643 maxime
2617 3586 2817 3643 Paulus
2848 3587 2988 3643 bane
3024 3587 3245 3647 domum
3267 3596 3537 3662 opportu-

1922 3692 2047 3731 nam
2068 3692 2192 3734 esse
2220 3679 2426 3749 putavit
2449 3678 2515 3734 ad
2546 3679 2953 3742 diversandum.
2987 3680 3059 3736 Et
3097 3690 3158 3737 ut
3186 3680 3366 3738 discas
3395 3683 3542 3753 quod

1923 3767 2046 3823 illos
2075 3785 2142 3825 ex
2168 3770 2366 3825 animas
2408 3770 2606 3826 virtute
2632 3773 2941 3843 approbans
2972 3773 3045 3829 ibi
3098 3773 3387 3837 manserit,
3411 3773 3543 3827 audi

1922 3864 2205 3933 sequentia
2230 3881 2242 3915 :
2264 3863 2367 3932 Qui
2390 3882 2485 3937 pro
2501 3867 2675 3920 anima
2688 3883 2820 3934 mea,
2835 3866 3029 3938 inquit,
3052 3884 3173 3923 suos
3184 3867 3401 3922 cervices
3412 3884 3544 3934 sup-

1923 3968 2201 4027 posuerunt
2223 3972 2244 4011 :
2269 3957 2453 4028 quibus
2469 3976 2573 4013 non
2594 3958 2734 4014 solus
2748 3977 2839 4031 ego
2857 3959 3055 4033 gratias
3074 3976 3171 4033 ago
3185 4002 3202 4029 ,
3229 3961 3319 4017 sed
3343 3971 3389 4017 et
3409 3978 3541 4017 curt-

1924 4063 2020 4106 cla:
2042 4049 2287 4107 Ecclesiae
2306 4054 2549 4125 gentium.
2573 4052 2872 4113 Vitlen‘nec
2896 4055 3189 4113 femineum
3208 4071 3422 4123 sexum,
3443 4072 3543 4113 nec

1923 4155 2137 4211 artem,
2175 4161 2278 4202 nec
2326 4157 2699 4217 paupertatem
2744 4148 3093 4220 impedivisse
3154 4150 3367 4205 virtutis
3419 4164 3544 4204 enr-

1925 4253 2042 4295 sum
2066 4240 2089 4294 ?
2114 4240 2289 4296 viden’
2324 4240 2643 4312 hospitalem
2687 4240 2972 4307 mulierem
3003 4255 3059 4299 et
3088 4246 3283 4307 virum,
3313 4246 3402 4315 qui
3432 4261 3538 4301 non

1924 4346 2109 4397 mensa
2158 4341 2388 4398 tantum,
2429 4334 2524 4389 sed
2556 4335 2720 4389 etiam
2748 4336 3010 4407 sanguine
3031 4334 3355 4407 Apostolum
3376 4354 3540 4392 exce-

1926 4423 2159 4493 perunt?
2198 4424 2337 4494 Quid
2377 4425 2522 4479 enim
2565 4425 2609 4479 si
2658 4442 2764 4480 non
2792 4427 2955 4482 etiam
2988 4428 3153 4481 occisi
3176 4428 3426 4483 sttntlat
3460 4428 3537 4483 illi

1924 4532 2047 4586 qute
2075 4533 2171 4573 sua
2203 4525 2359 4572 erant
2409 4519 2791 4589 impleverunt,
2838 4536 2901 4575 ac
2948 4520 3192 4577 viventes
3236 4532 3502 4595 martyres

1927 4608 2103 4676 fuere,
2122 4625 2187 4665 ac
2207 4625 2354 4680 sa‘pe
2376 4622 2662 4684 martyres,
2704 4612 2794 4683 qui
2828 4628 3047 4680 semper
3076 4613 3246 4685 parati
3274 4624 3429 4669 erant
3471 4614 3537 4669 ad

1926 4701 2131 4756 eadem
2160 4700 2538 4758 admittendam
2570 4720 2668 4775 pro
2711 4704 2901 4763 Paulo.
2933 4705 3048 4760 Non
3077 4706 3220 4761 enim
3248 4705 3415 4774 dixit,
3432 4706 3538 4774 Qui

1929 4794 2184 4863 pecunias
2215 4794 2619 4863 impenderunt,
2665 4798 2757 4867 qui
2787 4796 3009 4852 domum
3036 4808 3409 4868 aperuerunt;
3443 4801 3541 4854 sed

1926 4884 2070 4955 quod
2098 4885 2350 4939 munibus
2377 4886 2555 4955 majus
2581 4898 2718 4953 erat,
2754 4888 2960 4943 caedem
2988 4901 3039 4944 et
3058 4889 3451 4960 jugulationem
3479 4883 3535 4945 in

1928 4978 2165 5033 ntedium
2191 4978 2426 5044 adducit,
2455 4990 2509 5034 ιιι
2531 4981 2760 5049 diceret,
2790 4981 2995 5038 caedem
3025 4998 3122 5054 pro
3151 5000 3238 5039 me
3254 4985 3535 5044 sustinen-

1926 5070 2051 5125 dant
2078 5071 2422 5141 delegerunt.
2454 5074 2692 5129 Audiant
2723 5090 2869 5131 nunc
2899 5075 3098 5131 divites
3123 5116 3137 5139 ,
3164 5077 3253 5145 qui
3285 5077 3371 5131 vix
3399 5075 3538 5131 obo—

1929 5165 2039 5220 lum
2073 5167 2270 5222 sanctis
2298 5177 2531 5237 erogant
2566 5184 2579 5220 :
2614 5166 2689 5222 illi
2720 5177 2775 5221 et
2804 5166 3125 5237 sanguinem
3156 5165 3460 5231 dederunt,
3490 5174 3544 5223 e‘t

1928 5258 2092 5312 vitam
2120 5258 2288 5328 ipsam
2312 5260 2672 5326 deponebant,
2697 5269 3011 5314 utsanctum
3029 5261 3543 5332 servareutipsique

1929 5353 2300 5407 ministrarent
2333 5355 2457 5422 :qni
2486 5361 2668 5409 autem
2693 5363 2990 5423 pnesentes
3013 5363 3139 5409 sunt
3161 5369 3228 5410 ne
3256 5354 3538 5409 minimam

1928 5447 2145 5517 quidem
2168 5447 2483 5502 facultatum
2514 5459 2721 5517 partem
2745 5450 2932 5520 egenis
2962 5448 3119 5505 facile
3146 5462 3393 5521 erogcnt,
3412 5465 3537 5505 cum

1927 5539 2170 5595 PriSt‘illu
2205 5549 2262 5594 et
2295 5542 2489 5610 Aquila
2520 5549 2575 5596 et
2599 5543 2861 5611 pecunias
2910 5552 2965 5598 et
3005 5558 3237 5612 corpora
3268 5553 3324 5597 et
3372 5545 3536 5598 vitam

1928 5631 2101 5702 ipsam
2155 5629 2371 5685 darent.
2404 5629 2596 5687 Viden’
2631 5642 2832 5705 quanta
2876 5636 2948 5689 sit
2997 5633 3191 5691 mulier
3230 5632 3538 5705 philosophi

1929 5722 2135 5779 animi?
2165 5733 2401 5795 quantus
2432 5724 2501 5779 sit
2530 5726 2610 5779 vir
2637 5724 2730 5796 qui
2763 5726 2815 5781 in
2862 5736 3181 5798 paupertate
3208 5736 3262 5783 ct
3296 5736 3411 5783 arte
3441 5740 3539 5784 sua

1928 5816 2098 5873 vivit?
2147 5816 2256 5873 llos
2304 5827 2481 5874 autem
2512 5818 2820 5889 imitentur,
2870 5830 2922 5877 et
2952 5822 3239 5893 praesentia
3270 5835 3534 5894 spernen-
