4034 6404
536 310 634 367 illi

541 434 622 477 tes
649 462 664 482 ,
708 418 888 477 omnia
910 414 976 470 ad
1007 411 1099 468 Dei
1129 409 1383 482 placitum
1414 405 1780 475 expendamus
1809 418 1824 455 :
1857 408 1913 455 ut
1943 395 2119 452 futura

538 526 934 579 consequamur
961 508 1120 564 bona.
1142 503 1318 573 gratia
1349 510 1400 555 et
1427 498 1753 567 benignitate
1777 491 1986 548 Domini
2018 505 2118 544 no-

541 606 636 658 sui
667 601 794 659 Jesu
819 599 1040 661 Christi,
1077 611 1177 666 per
1200 594 1362 662 quem
1385 601 1438 646 et
1463 603 1586 644 cum
1615 600 1722 656 quo
1766 582 1909 639 Patri
1949 580 2113 650 gloria

1262 293 1315 351 S.
1358 289 1636 348 .10“le
1668 279 2144 342 CIIRYSOSTOMI
2183 278 2497 338 ABCIIIEP.
2539 277 3076 336 CONSTANTINUP.

3725 271 3833 326 691

2225 410 2345 449 eum
2387 405 2572 464 saneto
2603 395 2840 465 Spiritu,
2871 414 3011 453 nunc
3039 407 3094 454 et
3121 411 3336 469 scalpe"
3364 438 3380 461 ,
3429 404 3486 451 et
3530 395 3581 451 iu
3626 393 3828 450 sarcula

2225 487 2566 542 seculorum.
2610 490 2802 542 Amen.
3306 517 3308 520 τ

538 710 2632 750 __________________._._____.———-——-———-———_
2661 704 3830 740 .______________,___

1925 785 2273 848 HOMILIA
2320 785 2430 846 νι.

543 952 773 1011 [lautitia
813 950 980 1006 Itabita
1003 949 1058 1002 in
1081 944 1287 1000 ecclesia
1328 938 1689 1010 Apostoiorum
1709 977 1724 1000 ,
1753 935 1807 988 in
1835 932 1917 986 die
1943 929 2118 986 Theo-

2226 943 2396 996 neque
2425 927 2569 982 enim
2602 927 2705 982 hoc
2729 926 2965 983 dixerim
2998 944 3121 985 esse
3144 939 3372 984 mortem
3401 973 3415 994 ,
3449 929 3543 985 sed
3576 944 3836 984 somnum

610 1045 744 1100 desii
805 1038 1171 1113 Imperatoris,
1223 1035 1463 1090 adversus
1515 1045 1601 1085 eos
1637 1027 1723 1098 qui
1765 1010 1821 1080 se
1870 1021 2121 1078 Catltaros
2226 1018 2509 1088 quemdam
2532 1029 2585 1076 et
2607 1021 3111 1090 peregrinatimiem.
3134 1021 3359 1077 Utenim
3382 1022 3834 1076 viventiummnl-

612 1134 940 1207 appellabant
963 1128 1041 1200 (α)
1108 1136 1375 1198 postquam
1418 1123 1519 1176 duo
1543 1119 1635 1175 alii
1677 1117 1900 1189 episcopi
1928 1113 2121 1185 loqunti

614 1225 840 1301 fuerant.

611 1296 929 1389 i.‘Episcapi
950 1314 1053 1369 duo
1071 1321 1186 1368 ante
1203 1309 1614 1380 Cltrysostomum
1627 1300 1930 1358 contionati.
1957 1296 2123 1389 7.,le

542 1413 674 1468 desii
702 1387 884 1481 ninguit
903 1407 1104 1462 laudes.
1129 1435 1200 1447 —
1225 1401 1400 1469 Quam
1425 1397 1696 1470 egregium
1742 1403 1822 1450 cst
1854 1408 1950 1461 par
1993 1387 2125 1444 illud

541 1517 727 1559 eorum
758 1501 848 1572 qui
873 1497 1073 1571 loqunti
1101 1504 1247 1556 sunt,
1273 1507 1501 1562 quorum
1533 1490 1670 1544 alius
1693 1486 1850 1541 boum
1882 1481 2126 1538 ministe-

543 1596 626 1648 rio
662 1607 843 1647 arcam
890 1589 1089 1649 trahit,
1120 1587 1258 1640 alius
1299 1582 1562 1654 primitias
1606 1591 1915 1635 sermonum
1947 1573 2125 1629 ollcrt.

543 1687 655 1743 Etsi
686 1686 829 1740 enim
859 1683 1069 1738 illortnn
1105 1691 1236 1738 etas
1279 1677 1492 1732 diversa
1529 1681 1632 1736 est,
1665 1680 1720 1725 at
1746 1684 1851 1724 una
1872 1676 1957 1723 est
1987 1665 2130 1736 agri-

543 1779 771 1832 cultura:
796 1776 931 1831 ratio
961 1793 973 1828 :
1006 1773 1116 1828 imo
1145 1786 1275 1827 vero
1299 1785 1409 1825 non
1433 1769 1644 1823 diversa
1686 1773 1817 1818 πως
1844 1772 1928 1818 est
1958 1779 1970 1814 :
2006 1774 2128 1814 nam

541 1873 725 1940 iunior
755 1868 982 1924 senioris
1010 1866 1325 1938 gravitatem
1367 1864 1563 1924 habet,
1605 1867 1662 1915 et
1686 1857 1866 1913 senior
1901 1852 2133 1924 iunioris

545 1964 725 2032 vigore
749 1960 983 2030 ﬁoreque
1014 1961 1306 2012 instructus
1332 1963 1434 2010 est.
1464 1953 1801 2021 Quapropter
1829 1944 2131 2000 non'aber-

550 2055 762 2114 γυναι-ιι,
806 2052 896 2120 qui
925 2049 1115 2104 ambos
1144 2059 1198 2102 et
1223 2061 1381 2101 senes
1411 2055 1464 2099 et
1489 2044 1717 2114 juvenes
1745 2054 1868 2096 esse
1894 2050 2129 2108 pronun-

547 2145 778 2210 tiaverit,
800 2159 906 2198 non
932 2142 1105 2198 multis
1127 2140 1353 2205 ratione,
1373 2138 1464 2194 sed
1496 2137 1658 2191 animi
1681 2133 2007 2190 conditione.
2024 2131 2134 2201 Age

546 2240 796 2312 ergojam
825 2248 879 2293 et
896 2252 992 2292 nos
1018 2251 1231 2307 quoque
1248 2234 1461 2289 demum
1488 2240 1667 2284 nostra
1686 2227 1992 2282 aderamus.
2030 2224 2136 2280 Vos

547 2335 689 2386 enim
722 2330 974 2386 audiendi
1003 2327 1184 2383 studio
1216 2324 1545 2380 insatiabiles
1571 2337 1691 2378 esse
1735 2319 1894 2374 video
1915 2359 1928 2381 ,
1961 2330 2136 2386 neque

552 2441 716 2493 parvo
744 2438 870 2494 erga
900 2421 1112 2477 beatum
1140 2416 1500 2473 Theodosium
1546 2411 1726 2467 ofﬁcio
1753 2409 2000 2464 obstricti
2044 2423 2137 2462 su-

551 2532 694 2581 mus,
719 2531 824 2570 non
851 2513 972 2584 quia
1005 2513 1314 2582 Imperator,
1338 2509 1432 2564 sed
1457 2507 1582 2577 quia
1609 2508 1724 2576 pius
1748 2505 1836 2559 ille
1858 2515 2003 2564 erat;
2029 2517 2134 2555 non

553 2608 676 2676 quia
703 2621 933 2676 purpura
963 2604 1216 2668 amictus,
1242 2600 1336 2656 sed
1368 2601 1488 2669 quia
1512 2597 1724 2652 Christo
1751 2595 1969 2650 indutus
1998 2605 2135 2658 erat,

555 2701 693 2770 quod
743 2701 1121 2754 vestimentum
1173 2711 1463 2764 ntunquam
1513 2692 1817 2754 vetet-nscit,
1868 2697 1924 2742 et
1975 2689 2136 2742 lorica

550 2794 770 2861 jusutia:
797 2790 1149 2853 induebatur,
1178 2798 1337 2856 atque
1361 2787 1721 2840 calceamenta
1755 2781 1958 2834 habens
1979 2794 2142 2833 evan-

555 2886 678 2953 gelii
707 2883 874 2952 pacis,
906 2892 958 2936 et
1005 2878 1238 2950 gladium
1262 2877 1497 2944 Spiritus,
1528 2876 1884 2943 elypeumque
1917 2869 2059 2934 ﬁdei,
2088 2877 2143 2923 et

556 2978 762 3046 galeam
790 2973 1038 3028 salutaris
1061 2969 1274 3040 {Ep/tes.
1305 2970 1358 3022 6.
1390 2966 1646 3037 lt).Ctun
1672 2964 1752 3016 bis
1770 2964 1934 3016 armis
1963 2972 2143 3031 tyran-

561 3083 658 3122 nos
683 3068 894 3122 evertit.
945 3064 1175 3135 priorem
1201 3061 1274 3134 (b)
1305 3076 1368 3114 ac
1415 3060 1767 3130 posteriorem
1807 3075 1818 3108 :
1853 3056 2000 3110 illum
2028 3055 2146 3123 qui-

556 3163 678 3216 dem
707 3161 822 3215 sine
845 3156 1030 3213 labere
1049 3166 1103 3212 et
1122 3156 1381 3226 sanguine
1398 3155 1561 3223 cepit,
1585 3167 1647 3206 ae
1671 3161 1924 3219 trop:rnm
1948 3148 2143 3210 erexit,

565 3256 682 3306 sine
703 3251 971 3306 exercitus
1000 3249 1082 3304 sui
1110 3246 1256 3301 caede
1281 3247 1360 3298 vel
1384 3245 1632 3299 minima:
1657 3242 1795 3295 hunc
1821 3250 1997 3293 autem
2017 3255 2147 3291 cou-

567 3361 754 3414 gressu
787 3343 948 3409 laeto,
974 3341 1119 3396 solus
1149 3342 1261 3410 ipse
1282 3338 1349 3393 de
1376 3339 1552 3392 medio
1582 3335 1814 3390 sustulit.
1839 3333 1972 3388 Cum
2002 3332 2144 3386 enim

560 3439 829 3493 exercitus
846 3437 1006 3490 ambo
1026 3435 1291 3503 utrimque
1317 3435 1370 3486 in
1393 3431 1509 3486 acie
1532 3430 1900 3499 conﬂigerent,
1926 3443 1988 3481 ac
2013 3427 2148 3480 telo-

561 3546 675 3583 rum
706 3527 898 3582 emissa
950 3525 1127 3589 nube,
1178 3522 1498 3577 instantibus
1543 3519 1827 3574 admodum
1891 3517 2145 3580 inimicis,

555 3623 664 3688 jam
719 3620 799 3673 sui
853 3618 905 3672 in
951 3616 1132 3686 fugam
1180 3620 1623 3669 converterentur
1667 3630 1678 3665 :
1724 3628 1786 3666 ex
1845 3625 1984 3681 equo
2055 3609 2148 3663 ille

561 3712 832 3774 exsiliens,
863 3712 1053 3782 clypeo
1081 3708 1227 3792 humi
1259 3706 1505 3774 deposito
1533 3746 1549 3770 ,
1574 3704 1798 3773 genibus
1828 3701 1979 3756 ﬁexis
2001 3743 2014 3765 ,
2039 3717 2148 3755 ca:-

565 3805 734 3857 Iorum
757 3802 1010 3855 aiixilium
1033 3799 1532 3869 postulabat,atque
1555 3797 1688 3851 aciei
1713 3810 1958 3864 campum
1985 3795 2152 3848 eet-le-

562 3897 654 3949 sine
681 3893 910 3947 faciebat.
936 3894 1129 3957 locum,
1163 3907 1265 3945 non
1291 3889 1521 3944 arcubus
1541 3898 1594 3943 et
1626 3888 1764 3950 telis,
1794 3904 1900 3940 non
1927 3887 2146 3951 laureis,

563 3987 656 4042 sed
687 3986 938 4056 laerymis
979 3994 1032 4037 et
1065 3982 1310 4051 precibus
1344 3997 1584 4052 pugnans
1614 3999 1625 4033 :
1656 3981 1838 4049 sicque
1865 3991 2147 4033 ventorum

566 4081 763 4149 impetu
793 4079 970 4131 statim
999 4076 1320 4132 adveniente
1345 4117 1360 4140 ,
1389 4076 1620 4128 hostium
1658 4075 1758 4127 tela
1788 4083 1972 4126 contra
2007 4074 2150 4140 ipsos

567 4173 749 4227 hostes
785 4171 1127 4233 ferebantur;
1177 4171 1225 4220 hi
1274 4184 1402 4220 vero
1455 4168 1686 4222 fin-orem
1740 4177 1900 4234 atque
1949 4167 2148 4219 ca-dem

569 4267 861 4333 spirantes,
894 4263 994 4316 hoc
1018 4262 1103 4314 ubi
1139 4262 1406 4321 viderunt,
1437 4261 1612 4312 statim
1641 4260 1977 4320 ccinmutati,
2012 4260 2096 4312 lini
2123 4275 2150 4312 c

571 4357 956 4424 Imperatorem
986 4353 1405 4422 proclamarem,
1434 4360 1487 4404 et
1518 4367 1668 4404 suum
1703 4351 1893 4405 vinctis
1929 4367 1959 4404 a
2003 4362 2152 4420 tergo

572 4449 812 4501 manilius
843 4446 941 4513 ipsi
973 4445 1324 4498 tradiderunt.
1371 4446 1444 4497 Ac
1488 4445 1750 4512 gloriosus
1791 4461 2038 4498 reversus
2069 4456 2151 4497 est

567 4542 756 4595 beatus
774 4540 1129 4602 Theodosius,
1167 4554 1270 4591 non
1297 4554 1362 4590 ex
1392 4537 1612 4589 victoria
1635 4539 1831 4603 solum,
1856 4540 1949 4591 sed
1977 4555 2038 4591 ex
2077 4555 2094 4586 \
2112 4540 2151 4590 i-

566 4634 749 4689 ctori:e
791 4633 967 4686 modo.
995 4631 1110 4684 Non
1139 4633 1277 4683 enim
1302 4672 1314 4693 ,
1363 4629 1580 4698 perinde
1607 4638 1764 4698 atqtte
1791 4645 1908 4683 cum
1941 4634 2150 4683 ea-teris

568 4724 1008 4795 lmperatorihus,
1052 4724 1234 4791 tropaei
1262 4738 1378 4775 cum
1408 4723 1522 4790 ipso
1551 4722 1833 4792 participes
1855 4733 1973 4776 sunt
2013 4723 2151 4775 mili-

570 4831 685 4880 tes;
716 4816 808 4869 sed
859 4825 1026 4868 totum
1077 4813 1242 4882 ipsius
1292 4821 1516 4876 tantum,
1559 4822 1613 4866 et
1659 4815 1826 4882 ipsius
1874 4813 1993 4867 ﬁdei
2031 4812 2147 4866 luit.

570 4909 690 4961 Iden
721 4909 893 4975 ipsum
930 4905 1178 4966 beatum,
1210 4919 1382 4971 neque
1411 4916 1676 4957 mortuum
1705 4903 1933 4957 dicimus
1969 4922 1980 4956 :
2028 4920 2148 4957 nam

573 4999 671 5065 Qui
699 4997 925 5050 crcditin
955 5011 1050 5056 me,
1082 4995 1267 5063 inquit,
1310 4995 1502 5045 etiamsi
1533 5005 1756 5048 mortuus
1787 4997 1953 5063 fuerit,
1990 4997 2151 5061 vivet;

567 5101 611 5142 et
650 5091 809 5141 omnis
831 5090 910 5157 qui
940 5088 1054 5140 vivit
1081 5099 1124 5139 et
1156 5085 1310 5138 credit
1337 5088 1386 5139 in
1414 5101 1489 5137 me
1513 5127 1525 5148 ,
1557 5102 1654 5137 non
1681 5087 1922 5139 morietur
1954 5089 1967 5153 (
1994 5087 2148 5138 Joan.

569 5183 653 5236 il.
852 5181 973 5234 Ilmc
1001 5179 1243 5232 Christus
1265 5179 1428 5241 diXit,
1461 5177 1573 5231 lucc
1599 5194 1692 5247 per
1721 5194 1880 5247 opera
1925 5178 2146 5247 fulgent.

567 5274 704 5340 Quid
725 5287 880 5342 ergo,
903 5272 1134 5340 inquies,
1161 5288 1336 5323 annon
1361 5279 1602 5322 mortuus
1629 5279 1711 5323 est
1730 5275 1751 5322 ’ἒ
1770 5271 2110 5340 Nequaquam
2137 5293 2146 5323 :

630 5501 700 5562 (α)
743 5498 982 5562 Hierant
1023 5496 1276 5562 i‘iovatiaai
1313 5499 1407 5562 qui
1435 5496 1838 5562 constantinopoli
1875 5501 2148 5561 episcopum

565 5557 989 5636 silnuipeculiarem
1026 5557 1443 5636 bal.)t§bé'l\lll.‘)'idt3
1482 5557 1718 5636 Eripiunt.
1757 5560 1885 5609 H'Jﬂ‘.
1909 5557 2002 5618 ⁷39,
2040 5557 2074 5608 ι.
2108 5566 2147 5617 l,

567 5642 609 5683 ιι.
641 5621 730 5673 495
754 5638 881 5687 sqq,
910 5623 1162 5687 Augustin.
1189 5621 1264 5670 De
1289 5622 1417 5671 Hirr.
1446 5636 1548 5687 cap.
1578 5624 1652 5668 :28.

631 5688 699 5746 llr)
749 5683 883 5734 runt-
928 5685 1007 5733 illt'
1042 5692 1270 5746 tyrannus
1310 5693 1410 5731 erat
1452 5683 1688 5735 Maximus
1722 5685 1964 5734 sccumlu»
1993 5685 2148 5742 Euge-

568 5764 688 5795 [Ηυξ.

2229 1111 2271 1167 ti
2308 1120 2452 1178 sunt,
2480 1113 2569 1183 qui
2596 1114 2748 1182 quasi
2782 1113 2835 1168 iu
2878 1115 3129 1183 sepulcro
3169 1129 3289 1170 cum
3332 1131 3560 1184 corpore
3592 1118 3834 1170 animam

2231 1205 2597 1274 deposuerunt
2629 1205 2746 1260 :sic
2774 1220 2842 1260 ex
2887 1210 3116 1260 mortuis
3165 1205 3319 1261 multi
3363 1208 3572 1272 vivunt,
3620 1208 3838 1276 justitia

2235 1298 2500 1369 fulgentes
2529 1315 2542 1352 :
2572 1299 2711 1353 sicut
2735 1308 2790 1354 et
2811 1299 2898 1354 hic
2926 1300 3134 1356 beatus.
3165 1300 3309 1356 Mors
3337 1302 3482 1356 enim
3514 1311 3598 1357 est
3619 1303 3836 1372 gravis-

2231 1394 2390 1456 sima,
2424 1403 2478 1448 et
2508 1408 2634 1448 vere
2663 1407 2830 1452 mors.
2855 1409 2916 1448 ea
2950 1410 3070 1463 qua!
3100 1410 3165 1449 ex
3195 1405 3420 1464 peccato
3449 1397 3654 1464 paritur
3677 1436 3694 1457 ,
3727 1412 3838 1464 qua

2234 1500 2526 1555 numquam
2558 1486 2694 1539 mori
2719 1485 2847 1540 dicit
2875 1485 2966 1542 ille
2992 1501 3088 1540 eos
3115 1488 3202 1555 qui
3246 1487 3298 1540 in
3323 1501 3383 1541 se
3411 1487 3661 1541 credunt.
3697 1487 3838 1541 Nam

2233 1577 2336 1643 Qui
2361 1579 2475 1631 vivit
2497 1589 2543 1632 et
2568 1579 2724 1632 credit
2748 1579 2801 1632 in
2825 1595 2923 1644 me,
2948 1580 3138 1650 inquit,
3185 1596 3288 1634 non
3317 1582 3558 1634 morietur
3601 1581 3837 1649 (a)......

2301 1669 2359 1726 2.
2394 1669 2581 1725 Contra
2601 1669 2870 1725 Catltaros.
2901 1701 2975 1711 —
2997 1673 3077 1725 An
3111 1671 3200 1741 qui
3231 1672 3382 1742 quasi
3412 1672 3584 1726 alatus
3632 1682 3838 1726 terram

2233 1771 2288 1818 et
2335 1777 2484 1818 mare
2527 1762 2995 1829 circumcucurrit,
3025 1765 3116 1834 qui
3164 1764 3477 1820 innumeras
3526 1775 3722 1835 gentes
3769 1765 3843 1818 ad

2235 1854 2505 1912 Christum
2532 1853 2789 1918 adduxit,
2821 1856 2911 1924 qui
2939 1871 3259 1910 arcanorum
3292 1857 3675 1927 mysteriorum
3707 1872 3840 1927 par-

2235 1947 2407 2016 ticeps
2435 1945 2602 2000 factus
2649 1955 2754 2010 est,
2784 1949 2872 2016 qui
2921 1947 2974 2000 in
3022 1951 3240 2003 tertium
3280 1949 3474 2002 emtum
3509 1961 3723 2017 raptus,
3766 1963 3844 2002 an

2239 2037 2342 2093 tale
2388 2036 2658 2107 quidpiam
2687 2037 2754 2092 de
2782 2052 2841 2091 se
2876 2038 3058 2093 dicere
3085 2053 3248 2095 ausus
3291 2040 3411 2094 est?
3439 2038 3793 2109 Nequaquam
3821 2080 3836 2100 .

2237 2132 2331 2187 sed
2360 2134 2688 2187 contrarium
2736 2147 2964 2202 prorsus
3010 2151 3023 2187 :
3064 2133 3366 2188 abortivum
3395 2149 3455 2190 se
3497 2136 3755 2194 vocabat.
3787 2145 3843 2188 et

2241 2224 2486 2278 ultimum
2525 2223 2895 2294 apostolorum
2925 2267 2939 2288 ,
2971 2240 3071 2280 nec
3114 2241 3174 2280 se
3216 2225 3437 2295 dignum
3466 2241 3589 2281 esse
3619 2226 3850 2295 putabat

2238 2317 2330 2387 qui
2378 2318 2479 2371 hoc
2522 2317 2738 2372 nomine
2793 2327 3096 2372 vocaretur.
3159 2317 3276 2373 Non
3339 2336 3453 2372 sum
3505 2319 3696 2391 dignus
3765 2322 3850 2374 in-

2239 2411 2392 2480 quit,
2426 2412 2596 2465 vocari
2626 2413 2886 2480 apostolus
2908 2411 2985 2481 (ι.
3017 2411 3137 2466 Cor.
3171 2412 3259 2468 15.
3292 2412 3388 2481 9).
3423 2412 3682 2480 Quaenam
3713 2430 3854 2480 ergo

2241 2511 2326 2555 cst
2353 2502 2466 2554 lucc
2491 2501 2840 2569 arrogantia?
2869 2517 3118 2572 quamam
3145 2502 3401 2570 jactantia
3422 2503 3447 2556 τ
3471 2519 3723 2574 quaenam
3762 2506 3814 2558 in
3835 2537 3851 2546 -

2243 2593 2429 2646 sauia?
2459 2596 2618 2647 homo
2647 2609 2768 2647 cum
2796 2594 2892 2657 sis,
2926 2605 2976 2648 te
3023 2593 3314 2650 Galliarum
3362 2596 3477 2650 sive
3506 2613 3700 2665 puruut
3725 2614 3854 2651 esse

2242 2686 2474 2754 dicis,et
2501 2698 2552 2742 te
2571 2703 2756 2755 purum
2781 2703 2900 2742 esse
2930 2702 3244 2757 persuasum
3266 2688 3470 2744 habes?
3500 2698 3555 2743 et
3579 2701 3858 2758 quantum

2245 2780 2346 2836 hoc
2373 2782 2591 2836 insania:
2613 2783 2733 2836 est?
2762 2781 2891 2835 Nam
2941 2796 3064 2834 cum
3106 2791 3156 2834 te
3181 2797 3374 2852 purum
3415 2781 3570 2845 dicis,
3623 2783 3857 2852 perinde

2248 2872 2400 2935 facis,
2429 2887 2493 2926 ac
2538 2874 2581 2926 si
2618 2873 2738 2943 quis
2765 2871 2968 2927 diceret
3001 2889 3148 2927 mare
3178 2872 3428 2928 ﬂuctibus
3457 2889 3577 2929 esse
3625 2892 3854 2943 purmu.

2248 2970 2629 3044 Sicutergoilli
2675 2970 2865 3024 [luctus
2921 2985 3212 3039 numquam
3251 2970 3542 3034 deﬁciunt,
3568 2971 3638 3023 ita
3670 2987 3859 3041 neque

2249 3063 2405 3116 nobis
2423 3072 2658 3132 peccata.
2683 3065 2876 3115 Annon
2904 3063 3043 3116 nosti
3073 3062 3288 3130 quinam
3309 3063 3496 3126 simus;
3523 3063 3856 3132 gaudentes,

2251 3165 2536 3208 atterentes
2559 3171 2574 3220 ;
2598 3154 2811 3218 divites,
2837 3169 3128 3223 pauperes;
3147 3156 3470 3210 contumelia
3492 3156 3693 3219 allecti,
3733 3159 3855 3209 lau-

2250 3249 2380 3313 dati,
2406 3248 2567 3318 pulsi,
2591 3247 2733 3302 bello
2757 3249 3002 3317 impetiti,
3025 3252 3210 3319 requie
3232 3249 3493 3314 fruentes;
3517 3252 3856 3318 esurientes,

2250 3343 2464 3396 satiati?
2493 3343 2741 3397 Sexcenti
2769 3344 2970 3412 agitant
2990 3344 3222 3397 animam
3266 3356 3444 3399 motus
3472 3360 3534 3399 ac
3558 3346 3854 3415 perturba-

2254 3437 2447 3494 tiones,
2504 3445 2755 3489 sexcenta
2787 3435 2995 3505 negotia
3020 3476 3034 3498 ,
3064 3436 3303 3490 sexcenti
3341 3440 3588 3507 Corporis
3629 3438 3807 3491 morbi
3837 3480 3854 3502 ,

2252 3538 2517 3581 sexcenta:
2568 3543 2744 3581 rermu
2788 3528 3218 3598 inarqualitatcs;
3268 3538 3322 3583 et
3359 3529 3523 3584 audes
3563 3529 3749 3584 dicere
3802 3543 3859 3585 te

2256 3620 2307 3674 iu
2347 3622 2533 3691 euripo
2570 3621 2922 3689 procellarum
2971 3621 3156 3674 talium
3210 3638 3398 3691 purum
3431 3623 3593 3676 esse?
3630 3633 3682 3676 et
3719 3624 3858 3692 quid

2255 3716 2512 3784 impurius
2533 3715 2690 3769 fuerit
2711 3731 2775 3769 eo
2798 3717 2886 3785 qui
2914 3717 2982 3770 ita
3004 3716 3230 3771 allectus
3256 3718 3378 3772 est?
3407 3717 3473 3770 Et
3499 3717 3624 3788 quid
3649 3719 3717 3773 de
3743 3722 3859 3776 vita

2258 3819 2362 3864 tota
2392 3791 2621 3877 loquor?
2657 3810 2743 3864 die
2773 3808 2900 3862 mihi
2930 3851 2943 3866 .
2973 3825 3040 3864 an
3080 3809 3262 3864 dicere
3287 3812 3407 3880 quis
3445 3813 3638 3878 poterit
3667 3828 3727 3866 se
3769 3815 3856 3866 vel

2256 3917 2361 3953 uno
2391 3901 2477 3955 die
2518 3917 2706 3969 purum
2740 3902 2898 3956 esse?
2933 3902 3154 3956 Etiamsi
3182 3907 3324 3956 enim
3374 3918 3479 3955 non
3507 3902 3813 3956 fornicctur
3838 3948 3854 3967 ,

2255 3995 2338 4048 vel
2361 3994 2680 4048 adulterium
2715 3995 2979 4060 admittat,
3025 3996 3234 4049 etiamsi
3264 3996 3314 4048 in
3363 3997 3511 4049 nullo
3538 3997 3861 4063 huiusmodi

2258 4084 2526 4154 prohibito
2559 4097 2776 4152 peccet,
2809 4087 3074 4154 poteritne
3104 4087 3321 4156 gloriari
3357 4129 3372 4152 ,
3404 4087 3543 4154 quod
3579 4105 3680 4140 non
3716 4106 3860 4143 vana

2255 4177 2420 4246 gloria
2445 4177 2602 4231 luerit
2633 4177 2872 4242 allectus,
2898 4177 3036 4247 quod
3067 4193 3170 4231 non
3195 4181 3497 4247 arrogantia
3522 4221 3536 4240 ,
3567 4180 3708 4248 quod
3741 4198 3854 4235 non

2258 4269 2537 4337 impudicis
2564 4271 2830 4336 as;icxerit
2871 4269 3038 4323 oculis
3066 4311 3079 4331 ,
3112 4269 3252 4338 quod
3288 4287 3391 4323 non
3441 4271 3672 4338 proximi
3711 4274 3859 4326 lioua

2256 4362 2645 4429 concupiverit.
2677 4362 2815 4430 quod
2847 4378 2950 4413 non
2980 4363 3237 4413 mentitus
3270 4362 3466 4425 fuerit,
3495 4362 3634 4430 quod
3667 4363 3859 4418 dolum

2257 4468 2361 4507 non
2403 4453 2696 4514 struxerit,
2728 4451 2867 4521 quod
2899 4468 3000 4505 non
3050 4453 3184 4505 mala
3216 4454 3538 4519 imprecatus
3570 4454 3637 4504 sit
3669 4457 3860 4508 iuimi~

2256 4547 2354 4606 cis,
2387 4544 2528 4613 quod
2560 4561 2661 4596 non
2695 4544 2941 4598 inviderit
2973 4543 3186 4597 amico?
3209 4545 3263 4598 Si
3308 4553 3485 4597 autem
3516 4547 3559 4599 is
3599 4549 3687 4613 qui
3711 4553 3862 4601 ami-

2255 4654 2377 4692 com
2405 4649 2580 4702 amat,
2607 4637 2738 4691 nihil
2770 4639 2942 4690 minus
2975 4636 3192 4691 habebit
3224 4653 3319 4705 pro
3340 4654 3396 4690 rc
3421 4638 3534 4703 illa,
3562 4654 3720 4707 quam
3760 4657 3863 4708 pn—

2259 4732 2533 4794 blieanus;
2565 4747 2668 4798 qua
2692 4731 2841 4784 venia
2865 4731 3054 4798 dignus
3082 4731 3186 4783 erit
3210 4731 3254 4784 is
3276 4730 3366 4799 qui
3401 4732 3575 4785 amico
3604 4731 3858 4786 invidet?

2256 4826 2356 4880 Tot
2379 4828 2665 4894 absorptus
2698 4826 2851 4878 malis
2877 4824 3042 4878 audes
3071 4834 3120 4876 te
3154 4840 3342 4892 parum
3385 4824 3605 4878 dicere?
3636 4829 3707 4877 At
3756 4826 3855 4881 ho.

2258 4934 2373 4972 ruta
2423 4919 2723 4988 arrogantia
2764 4933 2866 4970 non
2925 4917 3046 4970 hinc
3088 4918 3286 4979 solum,
3318 4916 3410 4970 sed
3443 4917 3659 4970 aliunde
3683 4919 3853 4971 etiam

2259 5013 2641 5067 monstrabitur
2666 5029 2677 5062 :
2703 5025 2800 5063 vos
2837 5019 3012 5061 autem
3037 5021 3376 5079 vestramque
3396 5009 3674 5063 caritatem
3699 5026 3852 5082 rogo,

2258 5110 2373 5162 iure
2402 5108 2579 5160 omnia
2611 5114 2943 5174 reputantes,
2973 5104 3038 5154 ab
3068 5103 3278 5155 illorum
3319 5103 3575 5172 jactautia
3608 5120 3703 5157 vos
3736 5094 3856 5162 exi.

2259 5201 2434 5260 matis,
2464 5207 2517 5252 et
2545 5198 2754 5250 illorum
2798 5195 3156 5264 arrogantiam
3204 5195 3384 5247 vitetis
3411 5213 3422 5246 :
3447 5207 3497 5249 et
3533 5212 3652 5248 cum
3705 5201 3856 5254 onmi

2257 5291 2436 5345 studio
2461 5291 2660 5343 curetis
2685 5287 2935 5341 :ldllliSsa-
2959 5297 3173 5357 peccata
3199 5286 3440 5350 abluere.
3458 5298 3510 5342 et
3538 5291 3858 5347 accedentia

2258 5382 2580 5453 propellere.
2613 5381 2832 5434 Etiamsi
2876 5380 3018 5434 enim
3051 5379 3330 5434 innumera
3391 5395 3488 5434 nos
3514 5382 3860 5438 circumdant

2321 5624 2391 5683 (α)
2428 5623 2515 5672 Hic
2535 5625 2643 5671 dure
2667 5625 2852 5685 pagina?
2876 5622 3056 5670 deesse.
3083 5623 3322 5679 videntur,
3355 5625 3399 5672 in
3425 5625 3598 5686 quibus
3625 5624 3860 5673 t‘atham-

2258 5701 2362 5735 rum
2389 5688 2696 5748 impudentiae
2723 5685 2856 5734 l'auli
2884 5687 3165 5734 modtsnam
3191 5686 3316 5734 forte
3340 5685 3620 5748 oppusui-tit
3648 5688 3858 5751 (.ltnso-

2259 5759 2458 5798 γειυιηιιξδ.
