4034 6402
198 310 297 366 493

190 412 364 478 ψὴν
390 411 438 469 si
479 410 755 481 sapiamus
808 416 865 463 et
904 404 1096 477 vigiles
1137 404 1331 469 simus,
1384 403 1683 474 poterimus
1732 412 1790 458 et

190 507 590 562 excusationem
618 504 844 559 multam
868 509 927 557 et
951 499 1160 555 veniam
1188 497 1471 567 consequi,
1505 504 1669 567 atque
1696 493 1794 551 de-

188 603 303 657 licta
326 600 575 656 abluere.

248 693 519 765 Confessio
548 702 892 764 peccatorum.
918 688 1066 743 ——Et
1093 699 1365 757 quomodo
1387 682 1440 739 id
1465 690 1785 739 eventurum

181 789 245 845 sit
270 787 397 842 audi
431 802 447 840 :
477 786 522 840 si
550 786 603 840 in
632 782 914 841 ecclesiam
954 796 1052 835 nos
1085 778 1460 841 conferamus,
1490 775 1535 831 si
1565 773 1635 830 de
1663 790 1789 843 pec-

180 881 311 936 catis
359 878 563 933 nostris
609 876 1062 948 ingemiscamus,
1099 871 1144 927 si
1188 870 1301 941 ipsa
1350 876 1570 939 peccata
1615 865 1790 921 conli-

181 980 406 1033 tvamnr,
434 968 481 1023 si
508 968 881 1037 eleemosynas
920 977 1223 1036 erogemus.
1257 960 1306 1016 si
1352 972 1541 1031 preces
1569 957 1788 1013 emitta-

176 1077 324 1127 mus,
345 1061 395 1117 si
432 1061 630 1131 injuria
675 1058 899 1114 allectos
932 1057 1213 1126 juvemus.
1236 1052 1282 1108 si
1308 1050 1541 1107 inimicis
1567 1058 1785 1120 peccata

170 1154 544 1211 condonetnus
560 1193 577 1217 ,
603 1152 650 1208 si
678 1152 749 1208 ob
771 1150 964 1206 delicta
991 1148 1256 1219 lacrymas
1284 1144 1593 1200 amittamus
1621 1158 1636 1195 :
1668 1139 1787 1196 huic

168 1248 373 1320 quippe
426 1246 607 1301 omnia
663 1253 790 1301 sunt
839 1250 1185 1315 peccatorum
1242 1238 1554 1307 pharetaca.
1611 1233 1780 1301 litae,

169 1354 380 1409 quaso,
405 1337 589 1393 omnia
613 1335 839 1408 singulis
853 1333 1045 1391 diebus
1063 1343 1409 1402 apparetnus,
1433 1342 1532 1382 nos
1556 1325 1783 1381 abluen-

170 1442 251 1489 tes
288 1440 350 1488 et
386 1430 759 1502 abstergentes
786 1446 800 1483 :
830 1438 886 1484 et
920 1440 1046 1481 cum
1095 1425 1180 1479 his
1222 1421 1472 1479 omnibus
1517 1434 1615 1473 nos
1659 1418 1777 1471 nti-

984 287 1074 343 \‘ll
1112 283 1422 352 liOlliLlA,
1468 280 1672 340 [νισι-Α
1716 279 1782 339 lN
1821 282 2102 342 TEMPLO
2139 285 2198 343 s.
2242 268 2675 347 Λελετλειιε.

3408 286 3516 347 υι

1907 417 2059 460 seros
2087 405 2475 477 prcdicemus,
2506 407 2750 467 dicentes
2776 422 2877 466 nos
2900 424 3089 469 servos
3119 411 3338 471 inutiles
3372 431 3517 473 esse.

1905 494 2119 553 Etenim
2141 507 2195 554 et
2218 497 2349 555 illud
2375 514 2481 555 non
2499 516 2660 573 parva
2680 503 2892 573 species
2905 513 2989 559 est
3004 506 3377 562 exatiuctinnis
3394 522 3514 578 pec-

1900 598 2169 656 catorum,
2202 591 2418 662 quando
2464 600 2606 648 boua
2635 611 2797 666 opera
2825 596 3073 663 edentes,
3100 597 3233 655 nihil
3264 615 3517 675 magnum

1898 680 1969 736 de
1997 680 2291 754 nobisipsis
2320 684 2581 754 sapimus,
2611 696 2672 744 ut
2700 703 2769 744 ne
2790 702 2853 743 ea
2885 689 3155 760 patiamur
3174 733 3189 756 ,
3218 708 3340 762 qua:
3369 691 3515 750 Pha-

1899 775 2090 831 rismus
2118 775 2228 831 ille.
2263 777 2321 834 Si
2347 778 2427 834 sic
2454 788 2637 835 nostra
2665 780 3065 853 dispensemos,
3097 784 3393 853 poterimus
3415 788 3512 843 mi-

1895 867 2249 924 sericordiam
2278 879 2335 926 et
2360 873 2571 929 veniam
2594 876 2852 947 consequi
2884 875 2939 930 in
2971 875 3059 932 die
3086 877 3177 933 illa
3206 880 3513 949 tremenda,

1894 966 1951 1013 et
1972 961 2252 1029 promissis
2274 962 2482 1036 dignari
2510 965 2665 1021 bonis
2691 984 2705 1021 :
2732 967 2930 1039 quibus
2959 968 3164 1026 utinam
3196 986 3294 1027 nos
3324 987 3515 1030 omnes

1893 1048 2159 1118 fruamur,
2204 1054 2375 1123 gratia
2420 1064 2476 1112 et
2522 1055 2853 1128 benignitate
2900 1059 3113 1115 Domini
3167 1064 3337 1118 nostri
3378 1063 3511 1120 Jesu

1892 1138 2090 1196 Christi
2114 1182 2132 1209 ,
2158 1157 2258 1214 per
2281 1161 2444 1217 quem
2472 1156 2674 1205 etcum
2707 1164 2815 1219 quo
2842 1150 2987 1207 Patri
3014 1152 3208 1223 gloria,
3252 1170 3355 1209 una
3381 1172 3506 1213 cum

1891 1242 2081 1288 sancto
2109 1232 2330 1305 Spiritu,
2361 1254 2505 1295 nunc
2528 1249 2583 1295 et
2609 1256 2847 1312 semper,
2879 1250 2934 1298 et
2961 1242 3013 1298 in
3045 1244 3244 1301 saecula
3272 1248 3499 1303 saeculo-

1888 1340 2033 1381 rum.
2055 1328 2251 1384 Amen.

172 1536 3479 1565 HW

1585 1593 1937 1660 HOMILIA
1980 1594 2119 1658 νυ.

273 1781 510 1838 Romilio
536 1779 709 1835 habita
733 1779 786 1833 in
814 1776 1002 1847 templo
1030 1781 1224 1830 sancta:
1252 1767 1540 1824 Anastasio!
1564 1761 1663 1836 (a).

233 1881 283 1931 1.
316 1872 562 1930 Modicus
581 1881 665 1926 est
686 1868 1030 1941 prmsentium
1055 1872 1374 1927 conventus,
1401 1858 1497 1915 sed
1519 1870 1771 1928 magnum

161 1967 494 2023 desiderium
527 1983 541 2021 :
573 1973 901 2036 quapropter
926 1976 1026 2016 nec
1055 1956 1298 2013 modicus
1339 1961 1638 2010 conventus
1665 1958 1771 2005 est.

160 2062 274 2118 Non
293 2061 441 2115 enim
476 2056 873 2114 multitudinem
898 2068 1186 2124 corporum
1209 2049 1521 2121 qua-rimus,
1542 2042 1635 2099 sed
1656 2042 1775 2096 ani-

158 2170 305 2210 mum
321 2161 708 2223 prmparatum,
733 2158 968 2204 mentem
985 2146 1087 2201 alis
1107 2144 1446 2207 instructam,
1467 2137 1771 2193 auditorem

158 2246 394 2303 terrenis
417 2242 673 2297 omnibus
690 2240 1083 2296 sublimiorem.
1111 2236 1169 2292 Si
1195 2235 1281 2290 vel
1303 2250 1441 2289 unus
1459 2231 1581 2287 talis
1601 2231 1689 2295 sit,
1715 2230 1770 2286 id

157 2338 502 2395 concionanti
528 2336 663 2392 satis
688 2349 809 2391 esse
837 2334 1024 2405 possit.
1047 2331 1261 2387 Etenim
1283 2328 1622 2385 Samaritana
1653 2341 1771 2381 tnu-

157 2430 254 2487 lier
282 2440 339 2485 et
372 2431 531 2499 inops
559 2438 677 2483 erat
703 2436 759 2481 et
782 2425 992 2495 impura
1017 2434 1075 2479 et
1100 2422 1401 2492 alienigena
1428 2436 1445 2485 ;
1479 2430 1770 2487 tamenque

157 2524 302 2577 orbis
357 2521 587 2575 Domino
625 2519 784 2589 digna
829 2517 941 2571 visa
993 2524 1079 2572 est
1102 2526 1222 2586 qua:
1249 2512 1421 2583 longis
1468 2511 1576 2566 illis
1622 2512 1768 2565 frue-

158 2629 304 2670 retur
346 2608 1087 2682 sertnonilms(.loau.c.4):
1119 2618 1175 2663 et
1220 2605 1311 2661 ille
1356 2604 1573 2679 quidem
1624 2618 1770 2672 saepe

157 2718 293 2763 inter
339 2704 573 2778 populos
613 2704 867 2760 Iudaicos
895 2701 1162 2767 circuivit,
1190 2710 1282 2754 aut
1314 2714 1422 2754 non
1462 2698 1765 2765 alloquens,

155 2809 241 2853 aut
270 2811 586 2853 sermonem
620 2795 985 2858 adumbrans;
1030 2792 1238 2848 mulieri
1267 2800 1446 2845 autem
1480 2788 1723 2844 barbara:
1746 2828 1765 2855 ,

154 2910 269 2961 qua:
295 2894 540 2963 quinque
565 2890 712 2944 viros
743 2891 1023 2953 habuerat,
1052 2898 1108 2943 et
1137 2902 1260 2943 cum
1306 2895 1462 2940 sexto
1488 2883 1768 2951 illegitime

156 2986 449 3051 habitabat,
468 2983 569 3037 soli
591 2982 929 3052 loquebatur,
948 2995 1070 3035 cum
1093 2978 1387 3047 discipulos
1409 2976 1475 3031 dc
1500 2974 1765 3029 industria

155 3083 202 3133 in
230 3079 406 3134 forant
436 3077 699 3140 misisset,
732 3085 788 3129 ut
816 3089 882 3129 ne
911 3089 1032 3128 mox
1061 3070 1380 3143 capiendam
1410 3067 1646 3139 prmdatn
1670 3067 1765 3123 ab-

151 3180 430 3226 sti-rrcret.
451 3167 626 3224 Tanta
658 3167 887 3223 Domino
912 3165 1060 3219 orbis
1079 3164 1164 3220 vel
1191 3177 1286 3233 pro
1304 3177 1407 3216 una
1434 3160 1613 3216 anima
1641 3176 1765 3229 pro.

154 3265 387 3319 videntis
412 3272 532 3319 crat
552 3304 569 3329 ,
597 3262 642 3316 si
666 3262 903 3315 animum
931 3269 986 3314 et
1012 3258 1344 3313 alacritatem
1397 3256 1666 3310 inveniret
1694 3253 1762 3308 ad

152 3356 482 3412 audiendum
513 3352 809 3424 proclivem
833 3394 848 3417 ,
871 3366 1030 3421 quam
1063 3348 1151 3403 illa
1181 3357 1311 3403 tunc
1336 3346 1649 3403 exhibebat.

220 3448 579 3505 Samaritana:
598 3446 797 3501 laudes.
811 3474 885 3485 —
901 3444 974 3498 Ex
1005 3443 1289 3497 meretrice
1310 3442 1472 3510 igitur
1490 3438 1761 3509 evangeli-

150 3556 228 3597 sta
268 3542 408 3596 i'acta
442 3550 527 3595 est
549 3580 567 3604 ,
596 3550 717 3609 post
742 3538 833 3592 illa
864 3536 964 3591 sibi
992 3535 1152 3589 allata
1180 3543 1492 3605 argumenta
1519 3532 1762 3588 clamans

150 3648 199 3691 et
220 3636 409 3689 dicens
433 3650 447 3686 :
490 3632 684 3696 Venite,
707 3631 867 3686 videte
891 3629 1166 3695 hominem,
1183 3628 1271 3699 qui
1292 3628 1422 3683 dixit
1444 3628 1569 3681 mihi
1587 3627 1760 3682 omnia

148 3743 482 3799 quacumque
534 3724 953 3799 feci:numquid
1004 3724 1116 3795 ipse
1166 3732 1241 3777 est
1290 3722 1567 3777 Christus?
1612 3720 1759 3778 illius

150 3822 311 3875 iitam
345 3819 679 3879 traduxerat.
726 3818 951 3888 ejusque
1000 3824 1220 3887 peccata
1268 3816 1318 3869 in
1370 3814 1605 3869 medium
1656 3814 1756 3868 ad-

148 3917 397 3977 duxerat,
427 3914 613 3968 dicens
642 3927 661 3969 :
693 3912 926 3981 Quinque
951 3911 1085 3966 enim
1116 3910 1247 3964 viros
1272 3908 1516 3973 habuisti,
1549 3917 1596 3962 et
1622 3924 1759 3961 nunc

145 4024 291 4077 quem
336 4008 513 4069 habes,
562 4022 663 4058 non
711 4014 783 4059 est
812 4015 930 4057 tuus
955 4003 1052 4057 vir.
1103 4004 1176 4058 At
1216 4002 1305 4057 illa
1349 4002 1596 4056 convicta
1647 4016 1754 4055 non

148 4100 394 4169 perculsa
447 4099 563 4165 fuit,
612 4098 708 4153 sed
756 4098 898 4151 illam
939 4096 1188 4153 Christus
1229 4096 1297 4152 ad
1341 4096 1600 4166 majorem
1629 4111 1753 4166 erga

146 4213 203 4249 sc
252 4185 789 4250 all‘ectum'attraxit.
836 4191 996 4246 Tales
1047 4192 1245 4261 quippe
1284 4200 1411 4245 sunt
1476 4206 1756 4261 generosae

144 4291 342 4343 anima:
373 4306 386 4341 :
418 4303 484 4342 ex
517 4285 729 4347 iisdem.
758 4286 956 4356 quibus
983 4283 1327 4339 oll‘enduntur
1352 4284 1467 4346 alii.
1503 4284 1608 4338 illae
1633 4299 1755 4339 cor-

147 4382 415 4449 rigantur.
446 4378 579 4432 Nam
612 4378 656 4431 si
697 4394 760 4432 ex
816 4380 1143 4447 ingratorum
1190 4392 1416 4431 numero
1465 4375 1678 4442 luisset,
1709 4375 1755 4431 si

144 4472 412 4536 convicta,
448 4471 691 4539 perculsa
720 4468 929 4527 luisset.
964 4469 1263 4523 resilttissct
1293 4462 1504 4523 iu'iram
1529 4477 1584 4524 et
1612 4471 1753 4523 indi-

142 4565 457 4633 gnationem
480 4562 759 4616 comitata.
793 4563 863 4616 At
892 4561 979 4614 illa
1008 4572 1124 4629 post
1150 4564 1551 4615 accusationem
1585 4562 1755 4632 magis

134 4658 355 4714 addicta
384 4657 593 4711 doctori
627 4656 703 4720 iit,
736 4666 790 4711 et
834 4655 902 4709 de
947 4648 1229 4709 altioribus
1274 4657 1436 4710 rebus
1469 4657 1639 4723 ipsmn
1677 4657 1756 4708 in-

144 4761 380 4821 terrogat
401 4768 413 4803 :
438 4750 575 4803 dixit
593 4749 735 4802 cnim
762 4766 774 4801 :
808 4746 968 4800 Video
988 4748 1127 4816 quod
1148 4748 1394 4817 propheta
1410 4764 1460 4800 es
1477 4757 1531 4800 tu
1550 4764 1568 4810 ;
1594 4758 1754 4817 atque

143 4860 205 4897 ex
256 4850 603 4912 peccatorum
634 4854 853 4893 suorum
891 4840 1101 4904 nntitia,
1129 4850 1185 4891 ut
1218 4837 1329 4908 jam
1360 4854 1551 4908 gnara,
1586 4840 1754 4909 magis

146 4937 317 4998 ipsum
337 4932 1079 4999 admiratursciscitaturqne.
1108 4929 1234 4984 Haec
1252 4930 1446 4985 anima:
1464 4939 1618 4985 erant
1636 4946 1755 5000 quin

148 5024 516 5094 philosophari
544 5023 773 5077 volebat.
797 5021 983 5091 Neque
999 5024 1143 5077 enim
1168 5024 1365 5093 aliquid
1388 5022 1756 5093 interrogabat

146 5122 209 5174 de
222 5116 577 5174 s-ecularibtts
599 5115 781 5178 rebus,
805 5116 989 5171 nonde
1002 5117 1215 5187 opibus,
1238 5132 1344 5170 non
1364 5117 1431 5172 de
1451 5098 1755 5171 valetudine

147 5210 428 5278 corporis,
481 5225 586 5262 non
636 5207 704 5262 de
756 5207 1073 5263 ethllit'ttda
1141 5218 1485 5278 paupertate.
1537 5211 1637 5263 etsi
1701 5211 1753 5265 in

150 5317 383 5360 extrema
410 5303 637 5369 degebat
662 5302 859 5370 inopia;
886 5301 979 5357 sed
998 5302 1067 5357 de
1086 5304 1255 5357 sacris
1293 5303 1523 5371 legibus,
1553 5304 1618 5358 de
1646 5305 1752 5357 vita

150 5398 431 5467 majorum,
480 5396 547 5448 de
577 5395 829 5464 religioso
876 5405 1084 5465 patrum
1114 5396 1283 5465 cultu,
1320 5395 1544 5452 dicens:
1571 5394 1754 5451 Patres

215 5593 286 5647 (α)
318 5590 453 5651 inter
480 5589 609 5637 hanc
631 5595 683 5637 et
708 5590 1077 5651 praecedentem
1116 5590 1367 5641 homi’iam
1389 5594 1438 5642 in
1465 5592 1648 5644 Codice
1676 5596 1754 5643 νε.

154 5653 317 5720 tit-ano
341 5650 1323 5720 habetur_bomitiacontrthippodrotni
1359 5663 1413 5705 et
1446 5658 1626 5706 theatri
1651 5671 1765 5720 spe-

155 5717 365 5769 ctacula.
391 5726 540 5775 quam
561 5714 662 5775 jam
691 5714 937 5763 edidimus
974 5714 1114 5764 Tom.
1144 5716 1224 5766 Vl.
1253 5717 1387 5768 Circa
1425 5720 1561 5771 illam
1586 5714 1766 5769 neces-

155 5776 285 5826 sario
314 5776 532 5839 legenda
561 5784 676 5825 sunt
703 5789 814 5838 qua:
841 5790 887 5826 tn
919 5777 1103 5827 Monito
1128 5780 1360 5829 diximus.

1886 1763 2050 1816 nostri
2068 1764 2122 1817 in
2142 1775 2313 1820 tuante
2337 1767 2434 1823 hoc
2456 1769 2801 1826 adoracerunt
2822 1787 2842 1826 :
2858 1782 2905 1827 et
2927 1772 3183 1844 quomodo
3201 1789 3290 1827 vos
3304 1773 3498 1836 dicitis,

1884 1856 2025 1924 quod
2037 1855 2377 1931 Jerosolymis
2389 1861 2535 1916 locus
2549 1872 2624 1917 est
2640 1863 2724 1917 ubi
2742 1874 2941 1936 Oportet
2958 1865 3181 1921 adorare
3206 1865 3227 1939 (
3256 1864 3416 1920 loau.
3439 1866 3497 1921 6.

1880 1946 2016 2012 20)?
2044 1953 2222 2020 Atque
2240 1953 2291 2005 in
2315 1954 2596 2025 promtniis
2618 1953 2722 2011 hoc
2739 1958 2913 2027 ipsum
2934 1956 3085 2026 facit,
3105 1957 3327 2015 dicens:
3353 1959 3499 2025 Quo-

1881 2041 2035 2095 modo
2064 2055 2117 2097 tu
2147 2044 2319 2099 bibere
2344 2062 2377 2100 a
2404 2062 2485 2101 me
2507 2049 2677 2118 poscis
2703 2089 2719 2116 ,
2748 2066 2865 2120 qua
2890 2067 3004 2105 sum
3029 2051 3214 2106 mulier
3255 2051 3497 2107 Samari-

1880 2142 2004 2188 tana
2024 2134 2052 2189 t
2080 2136 2153 2190 ita
2183 2136 2472 2193 sollicitam
2513 2137 2749 2196 habebat
2790 2141 3060 2205 animam.
3088 2153 3145 2199 et
3172 2143 3239 2198 ad
3267 2144 3503 2199 salutem

1882 2238 2144 2297 paratam.
2184 2228 2310 2286 Ideo
2338 2233 2501 2287 etiam
2533 2232 2579 2289 is
2607 2234 2696 2305 qui
2727 2225 2925 2290 a‘rcana
2958 2236 3153 2292 mentis
3184 2237 3375 2303 novit,
3409 2237 3497 2290 itt-

1878 2331 2037 2377 venta
2065 2321 2247 2395 pingui
2270 2334 2437 2389 terra,
2462 2324 2609 2397 larga
2630 2342 2794 2382 manu
2815 2329 3023 2384 semina
3051 2330 3203 2400 iecit,
3235 2330 3497 2400 paulatim

1879 2416 2025 2471 illam
2048 2415 2287 2487 erigens.
2308 2416 2435 2473 Haec
2464 2422 2645 2474 omnia
2675 2435 2706 2474 a
2738 2436 2825 2477 me
2845 2420 2987 2478 dicta
3016 2431 3163 2488 sunt,
3188 2432 3248 2479 ut
3273 2424 3499 2482 discatis

1877 2523 1984 2562 non
2018 2506 2289 2563 modicum
2318 2510 2475 2566 nobis
2502 2510 2697 2568 adesse
2741 2523 3093 2569 conventum.
3142 2514 3277 2571 Nam
3310 2516 3354 2571 si
3384 2517 3497 2573 illic

1878 2618 1979 2655 una
2008 2603 2206 2658 mulier
2258 2602 2538 2660 sufﬁciens
2568 2604 2667 2661 fuit
2696 2605 3025 2662 auditorium
3054 2650 3069 2673 ,
3100 2608 3275 2663 multo
3325 2612 3496 2679 magis

1878 2710 1998 2762 nos,
2024 2703 2105 2751 tot
2128 2697 2295 2765 viros,
2328 2706 2405 2752 tot
2431 2698 2689 2755 mulieres
2716 2710 3030 2763 cernentes.
3060 2716 3184 2757 cum
3216 2702 3496 2760 alacritate

1878 2799 2045 2854 tanta,
2079 2806 2187 2845 non
2229 2805 2424 2862 segnes
2455 2793 2695 2858 erimus,
2727 2793 2823 2849 sed
2852 2803 3115 2849 consueta
3148 2803 3365 2849 utemur
3390 2795 3492 2849 do-

1873 2882 2069 2935 ctrina.
2102 2880 2158 2937 Si
2188 2898 2423 2953 namque
2468 2884 2783 2956 angelorum
2834 2885 3116 2953 Dominus,
3159 2902 3321 2959 quem
3368 2903 3492 2943 cmn

1875 2974 2103 3030 horrore
2125 2985 2364 3032 tremunt
2386 2977 2703 3043 Cherubim,
2721 2993 2829 3034 non
2856 2982 3128 3035 recusavit
3147 2981 3490 3036 meretricem

1871 3068 2157 3124 mulierem
2186 3068 2357 3124 solam
2384 3071 2584 3141 alloqui
2609 3113 2623 3139 ,
2653 3087 2814 3142 quam
2847 3073 3252 3128 excusationem
3281 3113 3296 3135 ,
3325 3090 3489 3144 quam

1873 3162 2084 3217 veniam
2116 3176 2472 3234 assequamur
2502 3180 2625 3231 nos,
2655 3165 2701 3221 si
2732 3174 2939 3221 tantum
2968 3177 3297 3223 conventum
3349 3184 3490 3239 pra--

1870 3257 2286 3310 tercurramus?
2337 3256 2453 3327 Age
2498 3270 2670 3327 ergo,
2725 3268 3041 3314 consuetam
3094 3274 3283 3314 rursus
3338 3260 3491 3315 vobis

1870 3361 2113 3401 mensam
2142 3362 2467 3419 apparemus
2491 3390 2507 3414 ,
2530 3361 2796 3405 craterem
2824 3360 3126 3407 statuamus
3147 3395 3163 3420 ,
3194 3364 3249 3409 et
3278 3368 3488 3408 merum

1868 3440 2208 3497 cll‘undamus
2238 3484 2252 3507 ,
2299 3444 2605 3499 convivium
2663 3446 3009 3506 instituentes
3055 3448 3358 3515 spirituale.
3390 3448 3487 3504 ilia

1868 3535 2069 3603 quippe
2094 3550 2290 3590 carnes
2318 3552 2427 3592 non
2461 3544 2704 3593 ventrem
2734 3538 3066 3608 dirumpunt,
3104 3539 3199 3596 sed
3247 3550 3486 3598 mentem

1869 3628 2155 3683 muniunt:
2184 3629 2285 3684 hoc
2308 3629 2491 3685 vinum
2516 3646 2624 3685 non
2648 3640 2920 3686 amentem
2946 3632 3125 3687 reddit
3145 3632 3485 3700 auditorem;

1868 3720 1977 3774 imo
2017 3721 2229 3777 ebrium
2276 3722 2578 3793 sapientem
2631 3724 2830 3779 reddit.
2859 3723 3009 3781 Talis
3036 3726 3181 3781 enim
3211 3738 3295 3782 est
3326 3726 3487 3799 hujus

1866 3828 2071 3869 mensa:
2100 3824 2313 3879 natura,
2341 3830 2460 3886 quae
2490 3830 2589 3885 pro
2619 3818 2799 3872 omnis
2827 3818 3048 3890 generis
3075 3830 3348 3873 armatura
3387 3835 3486 3874 no-

1865 3906 1949 3961 bis
1998 3909 2131 3964 satis
2175 3923 2299 3964 esse
2354 3910 2543 3978 possit.
2599 3908 2814 3965 Etenim
2860 3911 3030 3965 armis
3079 3926 3295 3981 quoque
3325 3912 3483 3967 nobis

1863 4016 2003 4071 opus
2047 4012 2154 4069 est,
2185 4004 2441 4072 quoniam
2489 4002 2692 4058 bellum
2746 4013 2830 4058 est
2872 4004 3029 4059 nobis
3075 4004 3340 4074 quotidie,
3372 4020 3482 4060 non

1864 4107 2051 4153 eontra
2094 4095 2344 4153 homines
2388 4111 2767 4168 congeneres,
2801 4096 2897 4152 sed
2939 4106 3129 4152 contra
3179 4098 3482 4154 invisibiles

1864 4198 2159 4259 potestates
2184 4232 2199 4255 ,
2229 4201 2419 4245 contra
2451 4192 2746 4261 phalangas
2775 4190 3086 4245 daemonum
3114 4234 3127 4256 ,
3158 4193 3328 4263 magis
3359 4192 3485 4247 bar-

1864 4282 2211 4353 barasquam
2266 4282 2488 4350 hostes;
2547 4295 2740 4338 contra
2778 4292 3069 4340 tvrannum
3117 4286 3486 4339 irreconciliao

1864 4374 2066 4441 bilem,
2124 4375 2464 4447 implacabile
2512 4376 2711 4431 bellum
2773 4376 2933 4430 nobis
2990 4376 3337 4442 inferentem,
3390 4378 3481 4449 qui

1865 4486 1972 4523 non
2021 4479 2234 4539 tempus
2288 4470 2413 4526 belli
2465 4470 2620 4525 nobis
2670 4471 3016 4539 prmnuntiat,
3066 4486 3241 4542 neque
3269 4481 3476 4540 aperte,

1862 4561 1957 4616 sed
1989 4564 2199 4619 osculte
2240 4563 2397 4617 nobis
2444 4564 2546 4615 tela
2592 4562 2777 4616 mittit.
2811 4562 2925 4617 Hoc
2972 4564 3155 4633 itaque
3185 4562 3382 4617 bellum
3410 4564 3483 4617 si-

1861 4654 2123 4725 gniﬁcans
2153 4656 2341 4709 beatus
2372 4654 2594 4720 Paulus,
2619 4656 2768 4720 orbis
2797 4654 2927 4718 dux,
2952 4655 3225 4710 clamabat
3252 4656 3476 4710 dicetis:

1862 4746 1943 4801 De
1970 4758 2154 4803 statera
2180 4787 2196 4810 ,
2230 4748 2417 4815 fratres
2443 4790 2457 4811 ,
2489 4748 2854 4819 confortamini
2882 4749 2933 4801 in
2968 4747 3209 4813 Domino,
3235 4757 3280 4800 et
3308 4748 3359 4800 in
3389 4764 3481 4815 po-

1866 4843 2025 4896 tentia
2048 4843 2250 4895 vtrtutis
2280 4848 2391 4913 ejus
2422 4842 2439 4912 (
2468 4842 2659 4912 Ephes.
2711 4844 2765 4897 6.
2826 4843 2929 4913 10)
2955 4860 2968 4908 ;
3001 4853 3054 4897 et
3083 4858 3270 4897 rursus
3314 4844 3474 4902 alibi.

1867 4932 1991 4987 Non
2022 4934 2155 4987 enim
2187 4944 2256 4987 est
2284 4934 2429 4988 nobis
2459 4936 2755 5008 colluctatio
2801 4938 3045 4991 adversus
3092 4938 3391 5007 sanguinem
3432 4948 3481 4990 et

1863 5046 2091 5091 carnem,
2116 5029 2205 5082 sed
2235 5029 2481 5082 adversus
2503 5030 2826 5095 principatus
2855 5039 2905 5081 et
2936 5040 3207 5098 potestates
3232 5040 3278 5083 et
3302 5032 3479 5083 mutuli

1863 5131 2081 5175 rectam
2110 5122 2430 5174 tenebrarum
2456 5121 2610 5192 hujus
2637 5122 2815 5175 steculi
2837 5121 2855 5191 (
2881 5120 2963 5176 Ib.
2989 5140 3035 5175 v.
3061 5121 3189 5192 12).

1935 5215 1992 5267 2.
2024 5213 2271 5267 V'idistin’
2292 5214 2813 5283 quomodomilitum
2838 5215 3052 5270 animos
3084 5216 3311 5270 incitat?
3342 5234 3481 5286 quo-

1867 5307 2031 5361 modo
2076 5316 2311 5361 mentem
2364 5308 2557 5378 erigit?
2606 5310 2880 5378 tptmnodo
2908 5320 3084 5364 armat
3133 5312 3432 5365 exercitum
3464 5353 3481 5376 ,

1867 5400 2133 5471 ignaviam
2202 5399 2527 5454 exscindens
2611 5412 2922 5473 metumque
3002 5402 3270 5473 ejiciens?
3345 5402 3481 5471 Quia

1866 5494 2011 5550 enim
2055 5495 2170 5547 hmc
2197 5492 2304 5547 duo
2332 5494 2566 5547 maxime
2596 5496 2645 5548 in
2680 5496 2835 5550 bellis
2886 5494 3085 5551 milites
3118 5496 3375 5565 produnt,
3435 5498 3479 5549 si

1866 5605 1934 5643 ex
1990 5604 2187 5657 pavore
2255 5586 2622 5644 fortitudinem
2685 5590 2956 5658 prodant,
3006 5601 3062 5645 et
3126 5590 3171 5645 si
3237 5590 3483 5647 custodia

1868 5684 2109 5754 neglecta
2142 5682 2483 5738 occasionem
2528 5682 2657 5738 dent
2699 5682 2841 5739 hosti
2886 5700 2944 5741 sc
2993 5684 3240 5739 incautos
3292 5700 3479 5754 aggre-

1870 5776 2049 5832 diendi
2084 5796 2092 5827 :
2127 5790 2301 5847 nequc
2328 5776 2472 5831 cnim
2508 5774 2551 5831 is
2595 5780 2684 5848 qui
2716 5791 2876 5849 supra
2925 5778 3141 5841 modum
3200 5779 3347 5833 timet
3376 5820 3387 5841 ,
3417 5777 3481 5831 ad
