4034 6408
551 279 656 336 69ἴὶ

550 426 748 481 bellum
778 422 1001 478 idoneus
1044 418 1239 483 fuerit,
1294 432 1415 472 cum
1464 433 1532 473 ex
1580 423 1726 469 metu
1756 420 1916 483 captu
1960 408 2132 464 facilis

550 519 654 584 sit;
686 532 860 586 neque
890 516 933 569 is
973 512 1064 583 qui
1093 511 1271 566 enmis
1304 510 1603 565 formidinis
1628 517 1710 562 est
1738 518 1952 575 expers,
1982 512 2133 573 pote-

552 617 621 664 rit
644 609 825 663 hostes
849 620 1101 675 superare
1183 605 1227 658 si
1270 618 1334 660 ex
1379 603 1568 657 fiducia
1606 601 1767 655 nimia
1796 608 1850 653 et
1878 612 1942 651 ex
1970 595 2132 649 animi

553 700 867 757 confidentia
895 713 997 753 non
1023 712 1142 753 sese
1172 696 1236 752 ad
1259 708 1606 765 congressum
1628 699 1878 764 apparet:
1901 689 2015 743 luce
2034 688 2137 757 igi-

555 804 639 847 tur
662 791 819 845 ambo
845 790 1123 861 corrigens
1147 787 1357 854 Paulus,
1380 786 1512 842 etad
1529 799 1756 855 pugnam
1776 791 1990 852 paratos
2014 779 2139 834 red-

552 886 651 950 dit,
677 893 735 938 ut
756 900 823 939 ne
840 892 1105 953 torpeant,
1127 881 1251 935 dmn
1275 880 1506 935 hostium
1526 876 1842 949 phalangem
1861 873 2134 937 describit;

554 992 847 1049 rursusque
877 976 981 1031 illis
1000 975 1245 1030 fiduciam
1271 973 1650 1041 audaciamque
1681 968 1836 1030 indit,
1860 975 1918 1021 ut
1937 983 2001 1020 ne
2017 980 2140 1019 con-

560 1068 1077 1139 citlz’tnt,.poteatiam
1107 1067 1259 1122 ducis
1286 1068 1337 1121 in
1368 1064 1560 1119 talibus
1588 1062 1747 1118 bellis
1771 1058 1971 1117 Citriin
2002 1057 2136 1113 alfe-

557 1178 679 1216 rens
704 1160 757 1215 iu
804 1159 1058 1214 medium.
1090 1158 1214 1213 Ideo
1254 1158 1393 1211 sicut
1422 1156 1657 1226 optimus
1687 1154 1792 1209 dux
1818 1152 2137 1222 phalangem

556 1252 788 1320 ordinat,
812 1252 934 1305 vitia
983 1264 1102 1320 quae
1144 1248 1515 1303 fortitudinem
1548 1246 1869 1301 labefactant
1907 1259 1937 1297 a
1968 1242 2139 1319 iideli-

560 1344 658 1396 bus
684 1341 986 1408 eliminans,
1004 1351 1058 1395 et
1074 1340 1352 1395 caritatem
1372 1355 1522 1394 suam
1558 1337 1835 1400 exhibens,
1861 1344 2021 1406 atque
2045 1340 2142 1389 eo‘s

556 1435 646 1503 qui
678 1436 889 1489 virtutis
937 1435 1146 1490 ratione
1171 1433 1399 1487 multum
1427 1447 1459 1487 a
1498 1447 1558 1487 se
1600 1430 1904 1490 distabant.
1941 1444 2140 1498 cogna~

563 1524 727 1579 tionis
758 1524 974 1579 nomine
1004 1524 1259 1593 eopulans
1288 1540 1301 1577 :
1336 1538 1456 1575 nam
1485 1522 1557 1575 ait
1588 1540 1600 1577 :
1626 1520 1702 1575 De
1729 1530 1928 1584 cavero,
1962 1522 2144 1589 fratres

561 1614 660 1668 mei
704 1612 921 1688 (Ephcs.
949 1614 1001 1669 6.
1037 1613 1151 1683 10).
1183 1613 1278 1667 llic
1325 1614 1467 1668 enim
1521 1613 1688 1665 multo
1714 1610 1968 1681 majorem
2016 1623 2144 1677 erga

561 1714 750 1762 names
797 1707 1015 1763 exhibet
1064 1706 1442 1769 dilectionem,
1507 1718 1669 1775 quam
1722 1704 1812 1772 qui
1865 1702 2142 1758 nobiscum

560 1798 753 1855 eodem
786 1808 940 1851 utero
970 1797 1076 1850 uati
1108 1804 1253 1861 sunt,
1281 1806 1335 1850 et
1362 1797 1412 1851 in
1438 1795 1614 1849 anima
1643 1808 1737 1851 sua
1766 1792 1950 1848 orbem
1977 1800 2145 1846 totum

563 1888 973 1945 circumferebat
1005 1905 1020 1944 :
1050 1896 1196 1942 tanta
1227 1896 1343 1943 erat
1368 1888 1613 1944 caritatis
1640 1886 1784 1945 illius
1805 1885 2099 1955 amplitudo
2127 1902 2143 1939 :

567 1998 741 2053 neque
770 1984 823 2036 in
855 1981 1236 2053 tranquillitate
1264 1980 1446 2045 modo,
1479 1979 1572 2035 sed
1595 1980 1758 2034 etiam
1783 1979 1835 2033 in
1867 1977 2144 2048 periculis.

566 2072 697 2128 Nam
728 2088 851 2128 cum
881 2074 933 2128 in
960 2074 1269 2128 carceribus
1288 2084 1435 2129 esset
1455 2113 1470 2137 ,
1499 2082 1727 2127 mortem
1755 2081 2098 2141 exspectaret
2125 2111 2142 2138 ,

565 2174 621 2218 et
640 2164 707 2218 de.
728 2164 983 2221 extremis
1002 2165 1413 2233 periclitaretur,
1437 2164 1819 2235 discipulorum
1844 2179 2029 2220 curam
2058 2180 2149 2234 ge-

569 2255 740 2321 rebat,
763 2264 818 2308 et
844 2254 1097 2324 epistolas
1124 2269 1267 2324 smpe
1288 2269 1320 2310 e
1344 2255 1650 2310 carceribus
1676 2255 1964 2323 scribebat,
1986 2271 2151 2311 manu

567 2345 769 2398 catenis
800 2344 1146 2411 circumdata,
1170 2354 1223 2400 et
1251 2345 1468 2403 dextera
1500 2345 1695 2416 ligata;
1728 2356 1784 2402 et
1812 2347 1877 2402 ad
1895 2348 2151 2417 iudiciale

571 2438 804 2495 trilutnal
832 2438 1121 2508 ingressus,
1159 2454 1449 2509 poenasque
1476 2438 1719 2506 daturus,
1747 2448 1907 2511 atque
1924 2441 1989 2496 ad
2008 2456 2153 2499 mor-

572 2540 678 2584 tem
706 2528 1000 2595 ducendus,
1025 2541 1282 2602 quantum
1314 2531 1366 2585 in
1394 2531 1666 2601 jndicibus
1690 2542 1825 2598 erat,
1854 2534 2032 2588 omnia
2061 2534 2151 2590 illa

572 2620 810 2685 mittens,
841 2621 1085 2679 timorem
1106 2635 1318 2693 nempe,
1346 2622 1664 2691 periculum,
1698 2624 1889 2692 minas,
1916 2630 2151 2694 mortes",

578 2712 835 2781 supplicia
855 2753 872 2777 ,
903 2728 1088 2781 poenas
1107 2752 1124 2779 ,
1154 2711 1461 2777 carniﬁces,
1492 2714 1793 2786 principum
1823 2717 1955 2771 iram
1975 2759 1989 2783 ,
2018 2716 2155 2771 insi-

572 2804 833 2858 diantium
864 2803 1160 2873 machinas,
1194 2805 1438 2867 verbera,
1465 2803 1701 2859 fidelium
1732 2821 1937 2861 memor
1958 2816 2153 2862 eratet

576 2896 667 2949 illo
696 2896 810 2964 ipso
842 2905 1081 2965 tempore
1105 2916 1119 2951 :
1150 2898 1219 2950 ita
1252 2898 1424 2951 anima
1446 2898 1561 2967 ejus
1588 2908 1703 2953 erat
1728 2914 1756 2953 a
1784 2900 2011 2956 vinculis
2030 2916 2155 2955 cor-

580 2988 724 3055 poris
754 2988 941 3049 libera,
968 2991 1061 3053 ita,
1085 2989 1308 3045 incarne
1330 2989 1450 3043 licet
1480 3004 1719 3055 versans,
1750 2991 1949 3048 czelcsti
1972 2993 2159 3047 adhae-

579 3078 727 3132 rebat
757 3077 977 3143 fornici,
1011 3089 1066 3134 et
1093 3080 1242 3149 quasi
1275 3079 1340 3133 ad
1370 3081 1512 3134 illam
1546 3083 1799 3137 translata
1823 3083 2005 3139 sedem
2028 3125 2044 3147 ,
2080 3086 2159 3140 sic

577 3168 755 3221 omnia
779 3208 795 3235 ,
829 3169 880 3221 in
931 3180 1073 3223 terra
1106 3169 1308 3237 degens
1327 3212 1339 3231 ,
1366 3172 1574 3241 agebat.
1600 3172 1773 3242 thue
1798 3173 2018 3230 diseatis
2045 3176 2161 3231 lta'e

576 3262 735 3314 verba
768 3254 870 3314 non
902 3261 1232 3333 hyperbolen
1260 3277 1410 3329 esse,
1437 3280 1609 3335 neque
1630 3264 2013 3330 adulationem,
2038 3268 2160 3322 audi

580 3354 723 3407 illum
750 3354 852 3408 hoc
880 3354 1145 3411 dicentem
1173 3372 1185 3408 :
1219 3354 1366 3413 Sicut
1387 3366 1459 3409 est
1487 3358 1609 3410 mihi
1631 3358 1831 3428 justum
1860 3360 1954 3413 hoc
1980 3361 2164 3415 sentire

583 3444 646 3498 de
676 3444 839 3507 vobis,
873 3462 929 3499 eo
950 3447 1086 3514 quod
1113 3461 1197 3500 vos
1222 3446 1431 3500 habeam
1458 3449 1508 3501 in
1536 3451 1688 3503 corde
1718 3449 1976 3521 (Philipp.
2002 3453 2055 3505 1.
2082 3452 2160 3523 7).

579 3535 730 3601 Quod
758 3536 801 3589 si
830 3551 1078 3604 maguum
1105 3537 1205 3590 hoc
1236 3536 1499 3601 videatur,
1526 3540 1695 3593 multo
1712 3540 1884 3609 majus
1913 3552 1995 3596 est
2021 3543 2163 3611 quod

582 3626 842 3693 sequitur.
886 3624 1095 3680 Etenim
1132 3637 1411 3697 postquam
1459 3629 1614 3693 dixit,
1663 3613 1739 3685 Eo
1782 3633 1917 3703 quod
1960 3649 2045 3688 vos
2070 3635 2167 3687 lia-

584 3717 724 3767 beam
748 3716 799 3767 in
825 3716 975 3769 corde
996 3758 1011 3780 ,
1041 3716 1337 3786 subjunxit,
1370 3718 1434 3771 Et
1474 3720 1528 3773 in
1580 3722 1793 3776 vinculis
1833 3725 1953 3777 meis
1973 3766 1988 3789 ,
2035 3735 2082 3778 et
2111 3726 2164 3779 in

583 3808 875 3875 defensioue
932 3819 979 3861 et
1048 3808 1732 3883 conﬁrtttationeEvangelii.
1789 3814 1976 3873 Videu’
2027 3832 2166 3887 quo-

585 3897 741 3950 modo
792 3898 911 3953 illos
970 3916 1257 3973 numquam
1330 3918 1395 3957 ex
1450 3914 1629 3959 mente
1687 3921 1782 3959 sua
1838 3909 2054 3963 omisit?
2109 3909 2165 3965 Si

585 3992 723 4043 enim
759 3991 964 4045 vincula
993 4036 1006 4057 ,
1040 3995 1323 4048 tribunalia
1366 4004 1419 4049 et
1459 4007 1645 4053 catena
1692 4001 1809 4068 ejus
1851 4005 2166 4058 memoriam

588 4097 692 4135 non
748 4082 1149 4147 labefactarunt,
1203 4088 1370 4139 multo
1406 4088 1580 4143 minus
1612 4093 2008 4158 tranquillitatis
2036 4105 2170 4149 tem-

588 4185 736 4237 pora.
773 4171 845 4223 Eo
888 4174 1042 4239 quod,
1095 4177 1299 4243 inquit,
1334 4176 1544 4231 habeam
1574 4197 1657 4233 vos
1688 4184 1738 4234 in
1780 4185 1949 4237 corde.
1984 4186 2170 4242 Viden’

591 4262 840 4329 paulatim
898 4266 1075 4332 augeri
1123 4270 1473 4322 sermonem?
1529 4270 1773 4341 Magnum
1826 4277 2036 4344 quidem
2090 4289 2172 4334 est

590 4355 640 4405 in
669 4355 829 4408 corde
879 4356 1091 4423 habere,
1147 4360 1313 4414 multo
1359 4362 1533 4430 majus
1575 4375 1752 4419 autem
1798 4370 1957 4422 etiam
2001 4372 2051 4425 in
2082 4389 2171 4427 ca-

592 4451 756 4502 tenis:
778 4452 947 4517 majus
974 4453 1133 4505 etiam
1161 4464 1242 4507 est
1270 4456 1320 4507 in
1340 4456 1649 4513 defensione
1679 4472 1731 4513 et
1766 4463 2171 4521 cnntirmatione

594 4536 885 4608 Evangelii.
908 4543 1001 4595 llic
1032 4546 1172 4598 enim
1199 4547 1411 4602 videtur
1442 4550 1567 4603 mihi
1600 4553 1938 4608 subindicare
1962 4566 2169 4628 tempus

588 4648 692 4700 quo
722 4633 786 4686 ad
827 4633 1033 4702 judiees
1064 4636 1425 4693 adducebatur
1445 4682 1460 4705 ,
1484 4655 1604 4696 cum
1648 4644 1715 4699 de
1745 4648 2000 4702 extremis
2031 4652 2170 4717 peri-

587 4724 875 4778 clitaretur.
929 4727 992 4779 Et
1042 4728 1145 4782 illic
1197 4741 1382 4790 stans.
1446 4734 1656 4803 inquit,
1714 4753 1819 4792 non
1869 4741 2168 4809 Cogitabam

586 4817 853 4882 quomodo
884 4818 949 4871 ab
994 4820 1394 4877 imminentibus
1447 4826 1695 4891 periculis
1738 4831 2017 4897 eriperer,
2073 4848 2171 4885 nec

588 4908 856 4973 quomodo
909 4910 1128 4964 insidias
1184 4912 1549 4980 depellerem:
1598 4918 1688 4971 sed
1724 4920 1774 4973 in
1818 4924 2043 4977 caritate
2082 4939 2171 4977 ve-

589 5008 696 5050 stra
749 4998 1042 5066 delicians,
1106 5013 1159 5056 ct
1214 5004 1464 5059 absentes
1517 5008 1827 5076 alloquens;
1886 5029 1948 5067 ac
1998 5030 2171 5083 neque

588 5087 687 5140 via:
736 5089 1044 5160 longitudo,
1080 5110 1251 5164 neque
1283 5101 1617 5168 negotiorum
1648 5106 1902 5161 tumultus
1928 5150 1942 5175 ,
1997 5125 2171 5179 neque

592 5180 945 5245 periculorum
995 5187 1335 5255 magnitudo,
1391 5206 1563 5260 neque
1616 5195 1909 5264 principum
1959 5210 2167 5265 metus,

588 5288 692 5325 non
754 5275 1066 5342 populorum
1124 5280 1472 5349 insurrectio,
1534 5301 1637 5338 non
1695 5303 1840 5343 mors
1896 5305 2167 5359 prtesens,

588 5381 695 5418 non
726 5366 895 5422 stricti
918 5369 1075 5437 gladii
1098 5412 1112 5436 ,
1148 5389 1252 5426 non
1282 5378 1589 5431 carnilicum
1620 5381 1864 5448 agmina,
1897 5384 2025 5437 nihil
2062 5384 2168 5437 hu-

589 5456 814 5523 iusmodi
865 5476 891 5512 a
940 5473 1112 5517 vestra
1162 5469 1422 5522 memoria
1464 5486 1548 5523 me
1578 5471 1818 5526 abduxit.
1852 5472 1993 5529 Nihil
2024 5479 2168 5531 enim

590 5557 671 5597 est
725 5550 945 5604 caritate
1001 5552 1411 5621 vehementius,
1462 5560 1590 5613 nihil
1644 5563 1925 5619 sublimius
1959 5590 1974 5621 :
2009 5568 2171 5624 altius

593 5638 733 5689 volat
760 5655 916 5706 quam
945 5642 1046 5695 tela
1080 5644 1285 5711 istliazc,
1319 5647 1581 5720 altiorque
1606 5663 1686 5706 est
1711 5654 1911 5709 diaboli
1942 5659 2165 5725 retibus,

588 5741 613 5777 a
647 5728 896 5783 Ca'lorum
929 5733 1157 5793 culmine
1184 5736 1361 5791 omnia
1404 5740 1742 5810 despiciens:
1772 5761 1832 5799 ac
1862 5749 1998 5803 sicut
2042 5766 2164 5804 ven-

1254 279 1309 339 S.
1351 274 1631 336 JOANNIS
1669 268 2151 331 CHRYSOSTOMI
2194 267 2512 324 ARCHIEP.
2553 265 3098 325 CONSTANTINOP.

3728 268 3833 324 ιθθ

2242 411 2332 461 tus
2360 403 2652 478 vehemens
2686 407 2919 477 impetus
2942 405 3227 461 molestum
3252 401 3528 475 pulverem
3556 398 3835 464 eliminat,

2239 499 2319 553 sic
2344 498 2424 552 vis
2447 498 2693 553 caritatis
2716 498 3026 568 passionum
3058 496 3298 565 omnium
3327 494 3587 563 impetum
3619 490 3844 561 prapot-

2240 604 2363 647 sare
2380 591 2539 646 solet.
2559 591 2714 658 Quod
2741 592 2904 648 etiam
2930 592 2981 645 in
3005 590 3173 651 Paulo
3195 589 3422 659 contigit
3446 605 3460 642 :
3478 585 3840 641 sufficientem

2243 681 2296 735 iu
2326 682 2576 736 omnibus
2618 682 2804 737 habuit
2830 681 3255 738 consolationem
3293 680 3610 735 dilectarum
3642 692 3845 747 nempe.

2243 772 2470 827 salutem
2502 788 2799 844 eorumque
2834 773 3176 828 memoriam.
3208 770 3345 839 Quid
3378 781 3461 826 est
3507 780 3687 823 autem
3712 812 3727 835 ,
3776 768 3845 821 lit

2243 865 2631 932 conﬁrmatione
2649 864 2968 936 Evangelii?
3014 863 3125 918 Etsi
3156 863 3301 917 enim
3349 877 3452 915 una
3484 876 3597 918 vox
3635 871 3719 914 est
3740 901 3756 921 ,
3788 870 3847 911 at

2246 954 2465 1026 pelagus
2494 955 2814 1009 immensum
2841 953 3230 1008 sententiarum
3260 951 3545 1007 contiuet‘:
3575 950 3721 1005 illam
3750 965 3848 1003 ex-

2246 1046 2446 1116 plicare
2466 1055 2522 1101 et
2536 1046 2771 1117 undique
2790 1046 3019 1101 scrutari
3042 1045 3301 1099 conabor.
3323 1042 3603 1113 Margarita
3642 1040 3848 1111 quippe

2246 1134 2333 1193 est
2361 1138 2453 1193 Dei
2481 1140 2705 1194 verbum
2726 1179 2741 1205 ,
2774 1154 2871 1208 per
2896 1138 3073 1191 omnia
3104 1135 3320 1206 fulgens
3345 1176 3360 1201 ,
3388 1150 3494 1189 non
3519 1135 3573 1189 in
3603 1132 3848 1187 multitu-

2247 1228 2374 1285 dine
2399 1228 2689 1293 dictorum,
2714 1228 2807 1283 sed
2838 1229 2891 1283 in
2922 1227 3185 1282 brevitate
3200 1226 3422 1283 multam
3443 1224 3711 1282 dictorum
3737 1224 3845 1276 vim

2246 1322 2527 1377 exhibens.
2572 1320 2677 1376 Sed
2716 1322 2952 1391 surgite,
2987 1327 3045 1375 et
3073 1317 3325 1374 videbitis
3367 1326 3633 1387 quantum
3687 1314 3849 1369 nobis

2249 1417 2557 1471 thesaurum
2588 1414 2668 1468 vis
2696 1414 2839 1469 illius
2860 1413 2987 1469 dicti
3015 1412 3238 1468 revelet.

2321 1509 2373 1564 5.
2402 1506 3012 1579 ConﬁrmatioEvangelii
3052 1506 3177 1576 quid
3196 1506 3283 1560 sit.
3310 1533 3384 1546 —
3408 1501 3547 1571 Quid
3585 1510 3671 1557 est
3716 1516 3850 1571 ergo

2249 1600 2589 1658 confirmatio
2620 1600 2933 1672 Evangelii,
2960 1611 3015 1653 et
3041 1614 3204 1670 quam
3242 1596 3523 1666 Evangelii
3555 1594 3853 1653 confirma-

2252 1696 2450 1759 tionem
2478 1693 2631 1758 dicit,
2659 1703 2715 1748 et
2742 1707 2841 1748 cur
2866 1691 2972 1747 hoc
2997 1690 3200 1745 dictum
3231 1688 3576 1749 memoravit,
3604 1702 3730 1742 cum
3778 1686 3852 1741 de

2254 1786 2640 1851 tribunalibus,
2679 1785 2990 1841 carceribus
3018 1795 3072 1839 et
3119 1793 3308 1838 eatena
3331 1780 3684 1853 loqueretur?
3710 1778 3851 1835 Cum

2251 1879 2562 1953 praedicatio
2573 1878 2919 1933 disseminata
2932 1886 3015 1933 est
3030 1878 3276 1949 (necesse
3287 1878 3431 1933 enim
3443 1886 3525 1932 est
3538 1890 3852 1932 sermonem

2254 1970 2413 2026 altius
2456 1980 2738 2040 repetere,
2770 1983 2829 2029 ut
2881 1970 3077 2026 clarior
3105 1971 3350 2025 doctrina
3376 1969 3504 2040 sit),
3542 1985 3744 2041 magno
3769 1980 3858 2024 tu-

2255 2063 2425 2117 multu
2472 2073 2529 2117 et
2573 2062 2738 2117 multa
2770 2062 3177 2134 perturbatione
3227 2063 3409 2117 omnia
3459 2062 3618 2131 plena
3668 2070 3852 2117 erant.

2252 2152 2387 2208 Cum
2409 2154 2551 2209 cnim
2576 2154 2820 2210 undecim
2842 2155 2939 2209 viri
2956 2155 3057 2209 soli
3074 2164 3261 2209 contra
3278 2154 3465 2210 orbem
3487 2162 3656 2208 totum
3678 2155 3853 2211 aciem

2254 2244 2581 2319 dirigerent,
2623 2248 2895 2318 antiquam
2936 2248 3308 2304 conculientes
3360 2248 3809 2303 consuetudinem
3837 2290 3853 2315 ,

2256 2337 2561 2394 diuturnum
2593 2338 2949 2395 dissolventes
2991 2354 3258 2407 errorem,
3288 2349 3523 2411 patrum,
3556 2355 3784 2395 avorum
3801 2350 3860 2396 et

2258 2429 2525 2499 majorum
2553 2431 2698 2502 leges
2719 2441 3029 2488 evertentes
3050 2473 3067 2501 ,
3090 2439 3341 2503 paternos
3368 2433 3645 2487 civitatum
3676 2448 3862 2488 mores

2260 2522 2638 2577 concutientes
2662 2531 2719 2577 et
2744 2522 3141 2587 exscindentes,
3169 2532 3220 2581 et
3267 2522 3527 2578 adversus
3557 2538 3753 2579 omnes
3782 2524 3861 2577 lo-

2259 2624 2504 2685 quentes,
2534 2614 2905 2685 philosopbos,
2926 2616 3192 2684 rhetores,
3213 2617 3752 2689 principes,judices,
3773 2627 3859 2691 ty-

2259 2719 2479 2768 raonos,
2510 2706 2762 2775 populos,
2792 2721 3000 2774 servos,
3033 2706 3269 2774 liberos,
3308 2709 3592 2779 agricolas,
3628 2723 3857 2777 nautas;

2260 2798 2456 2853 bellum
2491 2797 2867 2869 gravissimum
2916 2799 3267 2863 monebatur,
3314 2809 3403 2867 et,
3456 2809 3515 2856 ut
3556 2801 3670 2870 jam
3722 2801 3858 2867 dixi,

2262 2891 2437 2944 omnia
2465 2890 2719 2957 tumultu,
2738 2890 2893 2959 plena
2922 2900 3109 2956 erant;
3137 2891 3331 2964 ubique
3348 2893 3642 2963 praecipitia
3660 2894 3863 2965 ubique

2263 2983 2465 3053 scopuli
2498 3001 2511 3037 :
2545 2998 2720 3053 neque
2741 2984 2813 3038 ita
2856 2984 3197 3040 furibundum
3230 2996 3474 3051 mare,et
3510 3000 3542 3040 a
3572 2987 3864 3042 contrariis

2264 3076 2440 3130 ventis
2485 3074 2773 3130 discissum
2821 3075 3203 3145 perturbatur,
3248 3087 3307 3131 ut
3357 3088 3482 3132 tunc
3512 3079 3664 3132 orbis
3719 3090 3865 3134 totus

2265 3167 2727 3232 commovebatur,
2757 3167 2949 3237 priscis
2971 3168 3177 3223 evulsis
3206 3171 3443 3224 moribus
3467 3178 3581 3224 tam.
3602 3171 3865 3228 diuturno

2268 3268 2509 3330 tempore
2570 3261 2794 3318 ﬁrmatis
2840 3279 2856 3319 :
2904 3278 3079 3333 neque
3149 3265 3203 3319 in
3260 3280 3405 3331 una,
3454 3274 3547 3319 aut
3596 3265 3817 3322 duabus
3846 3310 3865 3335 ,

2266 3361 2357 3404 aut
2399 3351 2567 3406 tribus
2612 3353 2955 3415 civitatibus,
3009 3354 3103 3410 sed
3155 3356 3353 3427 ubique
3407 3367 3708 3425 terrarum;
3765 3376 3867 3414 no-

2268 3444 2347 3496 vis
2399 3453 2578 3497 autem
2626 3444 2856 3499 inductis
2907 3445 3245 3517 dogmatibus
3280 3490 3294 3511 ,
3339 3464 3459 3519 qum
3518 3450 3696 3515 nullus
3744 3467 3869 3505 um-

2269 3550 2426 3605 quam
2455 3536 2720 3592 audierat.
2752 3532 2890 3594 Hinc
2922 3540 3371 3599 irreconciliahile
3400 3554 3587 3597 contra
3612 3545 3872 3601 illosbel-

2271 3626 2378 3680 lum
2405 3628 2474 3683 ab
2495 3629 2745 3683 omnibus
2768 3642 2973 3686 motum
3001 3641 3083 3686 est
3112 3650 3125 3685 :
3154 3634 3356 3687 etenim
3387 3633 3617 3690 familias
3655 3637 3871 3693 divide-

2271 3716 2419 3783 bant,
2451 3720 2800 3789 cognationes
2841 3721 3216 3778 dislrabebant
3245 3742 3259 3777 :
3288 3741 3409 3778 nam
3444 3726 3760 3795 prmdieatio
3780 3747 3872 3785 or-

2272 3808 2396 3863 dine
2442 3810 2743 3879 procedens
2767 3853 2783 3877 ,
2826 3820 2881 3867 et
2922 3814 3120 3868 multos
3170 3815 3267 3869 sibi
3300 3818 3595 3872 concilians
3618 3860 3634 3885 ,
3665 3821 3872 3876 bellum

2274 3901 2523 3954 movebat
2562 3901 2703 3970 apud
2741 3918 2838 3958 eos
2863 3906 2953 3974 qui
2990 3907 3206 3975 pietatis
3242 3910 3471 3964 verbum
3521 3926 3625 3965 non
3660 3915 3874 3986 recipe-

2275 3982 2395 4045 rent
2420 4011 2432 4048 :
2455 4003 2603 4062 pater
2628 3994 2792 4048 lilium
2819 3997 3121 4063 abdicabat,
3154 4002 3236 4054 vir
3265 4017 3487 4055 uxorem
3509 3982 3872 4075 despiciebat,

2275 4096 2326 4137 et
2376 4085 2491 4139 beri
2541 4086 2798 4141 adversus
2842 4103 3029 4144 servos
3082 4092 3280 4145 bellum
3320 4095 3617 4163 gerebant,
3667 4098 3871 4155 subditi

2276 4177 2536 4232 adversus
2594 4180 2899 4248 principes,
2954 4193 3007 4236 et
3058 4185 3255 4237 bellum
3308 4187 3445 4240 istud
3497 4204 3657 4243 omne
3705 4194 3871 4249 civile

2278 4270 2473 4324 bellum
2500 4274 2825 4341 superabat;
2852 4273 2897 4326 si
2923 4284 3099 4345 tamen
3128 4276 3231 4332 hoc
3261 4294 3457 4333 vocare
3483 4280 3678 4334 bellum
3709 4300 3875 4353 opor-

2278 4372 2387 4429 tet,
2416 4374 2470 4416 ct
2514 4380 2619 4419 non
2665 4366 2807 4419 aliud
2856 4368 3130 4435 quidpiam
3185 4369 3325 4423 bello
3357 4373 3590 4439 gravius.
3618 4375 3670 4427 lu
3714 4375 3879 4432 bellis

2278 4455 2419 4507 enim
2451 4470 2546 4523 par
2576 4456 2842 4526 utrimque
2864 4460 2998 4512 aciei
3024 4461 3163 4514 ratio
3192 4471 3299 4525 est,
3334 4474 3387 4516 et
3416 4465 3573 4516 ambo
3600 4470 3878 4524 exercitus

2280 4548 2399 4601 telis
2431 4550 2694 4617 impetunt
2725 4567 2773 4604 et
2805 4552 3136 4620 impctuntnr
3161 4571 3172 4605 :
3200 4562 3324 4610 tunc
3354 4565 3532 4610 autem
3556 4576 3658 4611 non
3682 4562 3751 4612 ita
3787 4579 3877 4616 res

2277 4643 2562 4710 gerebatur
2587 4662 2599 4697 :
2633 4661 2753 4698 nam
2784 4647 2870 4701 ille
2892 4649 3108 4716 quidem
3130 4650 3301 4706 libere
3326 4652 3523 4707 bellum
3544 4655 3794 4723 gerebat,
3822 4658 3874 4709 bi

2279 4750 2403 4790 vero
2426 4739 2837 4815 impetcbantnr
2866 4752 3105 4807 tantum;
3137 4746 3397 4816 impetere
3419 4752 3597 4803 autem
3632 4751 3734 4804 illis
3764 4769 3875 4805 non

2278 4832 2489 4893 licebat,
2523 4849 2694 4901 neque
2721 4836 3037 4892 insidiantes
3061 4839 3246 4893 ulcisci
3278 4862 3291 4894 :
3319 4842 3389 4894 ita
3419 4843 3563 4896 enim
3595 4843 3727 4897 aciei
3763 4846 3873 4901 (lux

2275 4920 2494 4989 jubebat
2521 4966 2534 4988 ,
2569 4924 2756 4979 dicens
2786 4947 2796 4980 :
2832 4927 2983 4982 Mitto
3015 4943 3102 4982 vos
3144 4932 3274 4983 sicut
3297 4947 3405 4985 ares
3438 4934 3490 4986 in
3521 4935 3687 4985 medio
3718 4935 3877 5005 lupo~

2279 5029 2389 5064 rum
2418 5030 2435 5066 .·
2464 5025 2619 5069 estote
2648 5033 2766 5086 ergo
2808 5021 3080 5087 prudentes
3110 5022 3239 5073 sicut
3268 5035 3524 5091 serpentes
3547 5066 3559 5084 ,
3590 5036 3633 5077 et
3665 5028 3878 5096 simpli-

2279 5124 2358 5161 ces
2384 5110 2510 5161 sicut
2539 5109 2785 5162 columba:
2819 5110 3031 5180 (Matth.
3062 5112 3149 5166 10.
3182 5112 3295 5184 16).
3327 5114 3391 5168 Ει
3423 5115 3736 5170 insidiantes
3767 5134 3879 5174 non

2281 5201 2439 5253 modo
2494 5201 2675 5255 ulcisci
2727 5218 2831 5263 non
2881 5205 3139 5273 jubebat,
3190 5207 3285 5260 sed
3344 5209 3505 5262 etiam
3560 5209 3873 5269 facultatem

2282 5294 2524 5361 praebere
2591 5305 2649 5349 ut
2694 5296 2745 5348 in
2799 5296 2988 5367 injuria
3036 5297 3317 5353 inferenda
3371 5304 3685 5371 gauderent.
3737 5306 3875 5364 Nam

2280 5385 2555 5439 dexteram
2586 5387 2855 5441 maxillam
2879 5389 3139 5457 praebere,
3160 5401 3215 5444 ct
3233 5408 3360 5448 oves
3382 5396 3595 5449 mittere
3621 5397 3671 5449 in
3694 5400 3879 5454 medio

2280 5474 2524 5543 luporum
2549 5522 2562 5543 ,
2589 5478 2716 5532 nihil
2751 5481 2893 5534 aliud
2920 5483 3224 5537 subindieat
3256 5503 3415 5554 quam
3450 5488 3593 5557 quod
3635 5490 3735 5543 illis
3782 5508 3879 5563 pa-

2282 5568 2442 5623 tiendi
2472 5580 2670 5625 sortem
2698 5572 3053 5641 adscripserit
3075 5618 3088 5639 ,
3119 5586 3178 5630 ut
3224 5579 3559 5647 splendidius
3609 5592 3875 5652 tropa-um

2280 5671 2441 5715 esset.
2478 5663 2796 5728 Quomodo?
2824 5665 2955 5731 Quia
2997 5667 3243 5749 undecim
3277 5687 3396 5725 cum
3441 5684 3659 5737 essent,
3700 5688 3873 5732 totum

2280 5756 2462 5811 orbem
2511 5758 2783 5825 vicerunt;
2827 5761 2947 5829 quia
2999 5761 3297 5833 patientes,
3361 5782 3465 5820 non
3512 5766 3869 5833 insultantes:
