4034 6402
159 284 261 339 497

164 407 410 482 percussi
433 450 450 473 ,
474 422 583 463 nou
638 403 1050 476 percutientes;
1081 402 1296 459 insidiis
1339 400 1605 472 appetiti,
1655 414 1763 453 non

162 502 519 566 insidiantes;
549 498 803 570 ﬂagellati
823 538 839 563 ,
868 514 977 553 non
1026 496 1400 569 flagellantes;
1432 495 1607 566 pulsi,
1658 509 1767 547 non

162 595 467 666 pellentes;
502 592 981 664 persequutionem
1034 590 1303 660 patientes
1326 630 1339 651 ,
1370 601 1480 643 non
1529 586 1771 641 inferen-

161 700 273 751 tes;
304 686 517 749 occisi,
566 701 673 738 non
709 683 1059 747 occidentes;
1106 691 1162 737 et
1204 682 1328 752 quia
1358 680 1499 735 sicut
1542 692 1674 733 Oves
1700 676 1768 731 ad

158 782 365 836 caedem
398 778 714 849 propositae,
744 778 902 846 lupos
926 790 1118 832 omnes
1144 776 1211 829 ad
1239 774 1418 829 ovium
1450 779 1769 828 mansuetu-

157 872 342 928 dinem
374 869 761 935 adducebant,
793 871 1033 925 furentes
1060 867 1295 928 scilicet.
1325 864 1534 921 easdem
1557 863 1769 934 spiran-

160 974 259 1027 trs,
287 963 489 1019 belluis
517 961 834 1019 feraciores.
860 959 1198 1016 Procedente
1219 956 1590 1030 itaque'verbo
1607 968 1774 1012 eratt-

156 1056 333 1127 gelieo
359 1065 416 1111 et
438 1056 642 1124 pietate
692 1054 890 1124 ubique
920 1052 1271 1107 disseminata
1301 1090 1320 1118 ,
1360 1049 1599 1119 undique
1651 1046 1775 1113 τι)γὶ

157 1149 587 1219 apparabantur,
617 1146 936 1212 inimicitiae,
963 1145 1124 1210 bella,
1167 1160 1274 1200 non
1300 1154 1506 1199 tantum
1532 1142 1772 1198 doctori-

158 1241 281 1302 bus,
304 1240 403 1295 sed
434 1240 599 1296 etiam
630 1239 929 1308 discipulis.
958 1238 1151 1293 Statim
1174 1247 1340 1306 atque
1367 1237 1514 1292 enim
1542 1235 1769 1290 verbum

155 1334 282 1403 quis
310 1342 624 1401 acceperat,
653 1331 905 1385 omnibus
932 1330 1105 1384 bustis
1130 1329 1437 1384 communis
1478 1326 1767 1391 circuibat,

155 1441 186 1480 a
210 1426 388 1496 patria
433 1424 766 1494 pellebatur.
791 1435 844 1479 et
875 1423 928 1479 in
958 1422 1209 1479 exsilium
1241 1421 1693 1487 transferebatur,
1738 1434 1772 1474 a

159 1518 514 1575 facultatibus
528 1518 831 1581 excidebat,
847 1527 901 1572 et
921 1516 990 1573 de
1010 1516 1284 1583 libertate,
1311 1516 1421 1570 imo
1436 1515 1503 1570 dc
1522 1515 1627 1568 vita
1654 1514 1768 1584 ipsa

156 1613 594 1683 periclitabatur.
628 1610 773 1667 Nihil
825 1622 951 1666 tunc
984 1620 1197 1681 poterat
1243 1618 1454 1664 natura:
1490 1608 1770 1680 tyrannis;

158 1705 276 1766 scd.
310 1715 373 1761 ut
420 1705 532 1775 jam
578 1704 731 1770 dixi,
764 1703 922 1758 liberi
966 1702 1463 1758 contemnebantur
1487 1741 1505 1768 ,
1536 1700 1771 1765 fratres,

158 1798 380 1869 cognati
410 1799 465 1852 in
500 1796 738 1852 bostimn
782 1796 972 1853 ordine
997 1804 1194 1860 erant,
1223 1804 1424 1850 etcum
1460 1793 1775 1849 doctoribus

157 1890 410 1959 discipuli
438 1889 797 1946 intolerabilia
831 1890 1194 1959 patiebantur.
1227 1888 1292 1943 Et
1309 1888 1426 1943 bzec
1464 1887 1579 1957 ipsa
1610 1886 1777 1957 signi-

160 1985 333 2038 llcans
360 1982 565 2038 Paulus
591 1981 811 2037 dicebat
838 1998 851 2035 :
883 1980 1320 2037 Rementoramini
1356 1981 1503 2036 enim
1533 1980 1777 2051 pristinos

160 2076 292 2141 dies,
322 2074 380 2129 in
408 2074 595 2143 quibus
637 2074 920 2128 illutninati
944 2089 1189 2146 magnum
1227 2084 1485 2127 certamen
1524 2072 1776 2126 sustinui-

160 2168 251 2224 stis
276 2170 578 2238 passionum
612 2182 631 2221 :
655 2175 701 2221 et
724 2168 778 2221 in
795 2165 956 2221 altero
984 2166 1189 2238 quidem
1216 2166 1507 2238 opprobriis
1537 2176 1586 2220 et
1616 2166 1778 2218 tribu-

162 2262 445 2315 lationibus
471 2262 820 2331 spectaculum
847 2260 994 2332 facti,
1025 2261 1080 2314 in
1104 2262 1269 2315 altero
1295 2271 1468 2314 autem
1491 2260 1616 2314 socii
1656 2260 1779 2313 tali-

164 2366 241 2410 ter
263 2354 682 2410 conuersantium
700 2352 888 2421 electi.
918 2350 1059 2407 Nam
1080 2364 1129 2407 et
1143 2352 1327 2407 vinctis
1355 2352 1611 2423 compassi
1632 2352 1775 2418 estis,

163 2461 210 2504 et
238 2448 485 2514 rapinam
513 2447 765 2502 bonorum
792 2457 1075 2504 uestrorum
1103 2462 1221 2501 cum
1244 2446 1437 2514 gaudio
1462 2446 1774 2516 suscepistis,

165 2551 532 2612 cognoscentes
557 2554 647 2594 eos
677 2538 863 2594 habere
885 2538 1148 2593 meliorem
1176 2537 1516 2593 substantiam
1538 2538 1591 2591 in
1635 2536 1781 2592 caelis

164 2648 209 2689 et
239 2644 535 2688 manentem
564 2630 757 2703 (Hebr.
788 2632 875 2688 10.
894 2630 966 2687 52
989 2634 1149 2702 -δυ,
1180 2632 1245 2687 Et
1272 2647 1464 2686 rursus
1490 2630 1782 2686 Thessalo-

165 2726 487 2782 nicensibus
536 2724 783 2779 scribens
810 2764 826 2787 ,
874 2725 1087 2780 diccbat
1123 2742 1136 2779 :
1184 2722 1287 2779 Vos
1328 2725 1466 2778 enim
1501 2724 1782 2779 imitatores

164 2822 293 2894 [acti
322 2822 470 2886 estis,
499 2818 688 2890 fratres
708 2861 724 2882 ,
785 2820 1132 2874 Ecclesiarum
1162 2836 1279 2890 quat
1319 2830 1438 2875 sunt
1462 2820 1517 2873 in
1544 2819 1733 2873 Juda'a
1763 2836 1781 2875 :

165 2916 288 2984 quia
316 2924 368 2967 et
410 2929 499 2967 eos
524 2913 703 2967 eadem
741 2913 883 2983 passi
922 2914 1042 2968 estis
1069 2928 1104 2967 a
1151 2912 1523 2967 contribulibns
1564 2914 1740 2967 uestris
1763 2954 1781 2981 ,

166 3008 299 3063 sicut
319 3018 370 3061 et
398 3006 503 3075 ipsi
527 3023 562 3059 a
585 3005 787 3060 Iudaeis
810 3004 935 3079 :qui
974 3017 1024 3059 et
1054 3003 1337 3059 Dominum
1379 3005 1696 3073 occiderunt,
1734 3012 1785 3060 et

168 3116 265 3155 uos
294 3098 593 3171 persequuti
620 3107 761 3162 sunt,
794 3107 842 3151 et
863 3096 1101 3151 omnibus
1126 3097 1422 3153 hominibus
1448 3098 1786 3152 adversantur

173 3192 441 3266 (Κῆρα.
460 3192 517 3247 2.
536 3192 627 3248 l4.
644 3191 758 3264 l5).
777 3190 983 3248 Galatis
1008 3206 1226 3263 qquue
1247 3191 1515 3255 scribens,
1533 3191 1781 3247 dicebat:

174 3286 347 3342 Tanta
377 3288 519 3355 passi
547 3285 669 3341 estis
695 3286 807 3341 sine
826 3300 983 3341 causa
1004 3326 1022 3351 ,
1041 3286 1086 3340 si
1117 3294 1287 3340 tamen
1312 3285 1425 3340 sine
1449 3302 1606 3341 causa
1636 3283 1781 3357 (Gal.

172 3382 227 3439 5.
257 3382 340 3451 4).
372 3379 467 3435 Illa
487 3390 694 3445 autem,
720 3394 845 3450 quze
871 3380 987 3450 ipse
1009 3393 1202 3451 passus
1223 3388 1329 3445 est,
1350 3393 1612 3434 enarratis
1641 3380 1790 3434 dice-

172 3474 307 3530 bat:
336 3471 405 3528 In
432 3473 683 3543 patientia
711 3472 894 3538 multa,
927 3473 981 3528 in
1010 3473 1275 3545 angustia,
1306 3474 1360 3527 in
1388 3473 1677 3529 carceribus
1695 3516 1712 3540 ,
1731 3473 1790 3529 in

171 3565 461 3631 laboribus,
483 3566 540 3620 in
566 3564 778 3636 uigiliis,
803 3567 859 3621 in
883 3570 1042 3639 fame,
1056 3567 1110 3621 in
1131 3568 1217 3621 siti
1232 3576 1279 3622 et
1307 3568 1540 3622 nuditate
1564 3567 1643 3641 (2.
1665 3567 1785 3625 Cor.

173 3662 232 3717 ϐ.
265 3661 321 3717 4.
351 3659 411 3716 5.
431 3668 482 3714 et
505 3659 595 3715 11.
622 3658 744 3731 27).
761 3658 845 3715 'Et
875 3673 1086 3723 rursus.
1119 3660 1475 3732 Quadraginta
1499 3678 1606 3716 una
1624 3663 1795 3719 minus

174 3751 355 3821 accepi
382 3768 404 3806 :
444 3760 521 3804 ter
546 3750 703 3823 uirgis
741 3765 904 3805 mus
929 3767 1046 3806 sunt
1066 3792 1084 3818 ,
1140 3753 1297 3807 semel
1324 3752 1588 3824 lapidatus
1637 3769 1750 3808 sum
1775 3795 1790 3818 ,

176 3853 331 3899 nocte
373 3852 420 3896 et
474 3842 559 3897 die
611 3844 665 3897 in
712 3844 977 3920 profundo
1024 3845 1179 3899 maris
1234 3844 1353 3916 fni;
1401 3846 1643 3916 periculis
1690 3846 1795 3917 [lu—

178 3939 381 3994 minum
414 3978 433 4004 ,
495 3938 740 4008 periculis
792 3939 1052 3993 latronum
1083 3980 1100 4004 ,
1156 3938 1401 4006 periculis
1458 3955 1524 3993 ea:
1573 3956 1788 4012 genere,

180 4029 428 4105 periculis
471 4030 526 4085 in
568 4032 850 4086 solitudine
896 4032 1125 4100 (μοστ.
1155 4031 1513 4101 ll.24.26);
1564 4042 1621 4088 et
1676 4050 1797 4089 rur-

179 4140 344 4189 sum,
379 4121 636 4177 lnstantia
690 4141 804 4179 mea
841 4125 1143 4194 quotidiana
1167 4166 1184 4191 ,
1230 4124 1525 4179 sollicitqu
1564 4126 1797 4180 omnium

183 4217 577 4279 Ecclesiururu;
627 4218 962 4289 iterumque,
1034 4217 1356 4289 I’rtrpositus
1418 4218 1590 4273 Arene
1660 4221 1795 4291 regis

177 4310 502 4367 custodiebat
530 4310 785 4364 ciuitatem
812 4309 1252 4365 Damascenorum
1271 4352 1286 4376 ,
1333 4310 1506 4365 solens
1548 4328 1629 4365 me
1655 4328 1795 4366 corn-

183 4404 541 4476 rrehendere,
587 4413 635 4456 et
666 4419 759 4472 per
796 4407 1075 4476 fenestram
1118 4403 1172 4457 in
1201 4411 1379 4474 sporta
1408 4402 1660 4458 demissus
1681 4419 1795 4457 sunt

181 4515 276 4569 per
299 4514 507 4553 murum
532 4539 546 4558 .
576 4507 626 4551 et
661 4498 798 4553 euasi
842 4514 1027 4552 manus
1075 4499 1188 4567 ejus
1227 4498 1244 4567 (
1273 4495 1329 4551 2.
1357 4493 1479 4553 Cor.
1504 4496 1590 4551 11.
1631 4494 1724 4552 28.
1746 4506 1794 4551 et

179 4590 274 4647 52.
301 4589 421 4661 53).
457 4588 526 4644 Et
562 4604 760 4643 rursus
799 4589 927 4644 alibi
956 4607 970 4643 :
1004 4585 1275 4644 Αἴπειηωὶ
1304 4603 1485 4642 sumus
1508 4588 1640 4643 sicut
1681 4602 1797 4643 oues

180 4682 478 4739 occisionis.
511 4680 579 4736 Et
605 4680 735 4735 alibi
777 4683 970 4736 iterum
1013 4696 1030 4735 :
1072 4680 1166 4735 Det
1195 4681 1602 4735 miscricordiam
1655 4678 1796 4735 Deus

186 4774 728 4846 Onesipltoridomui,
757 4774 879 4846 quia
906 4784 1142 4827 catenam
1185 4788 1351 4827 ineant
1406 4788 1512 4827 non
1557 4771 1792 4838 erubuit,

182 4869 274 4925 sed
299 4886 421 4924 cum
450 4867 671 4925 Romam
700 4869 937 4933 uenisset,
961 4867 1183 4921 sollicite
1209 4883 1288 4922 me
1318 4868 1553 4939 quasiuit
1577 4877 1627 4921 et
1658 4867 1797 4923 inue-

182 4961 261 5019 lil
285 4960 470 5037 (Rom.
489 4961 543 5018 8.
570 4961 663 5026 3U;
684 4960 743 5016 2.
774 4958 913 5015 Tim.
933 4961 992 5019 1.
1014 4960 1104 5016 16.
1137 4960 1251 5031 17).

253 5054 311 5111 4.
353 5053 488 5123 Qum
515 5052 623 5109 dici
659 5062 883 5122 [Missum
925 5052 993 5108 de
1042 5053 1191 5108 falsis
1214 5052 1494 5123 apostolis,
1540 5053 1609 5109 de
1648 5051 1798 5110 falsis

184 5143 467 5209 fratribus,
490 5145 559 5200 de
575 5145 734 5200 bellis
755 5143 1009 5209 diversis,
1034 5154 1090 5200 et
1112 5144 1452 5200 innumeris?
1481 5162 1587 5199 non
1618 5146 1795 5201 solum

182 5239 328 5296 enim
351 5238 614 5309 supplicia
666 5246 724 5292 et
767 5237 1044 5293 cruciatus
1085 5238 1450 5293 movebantur
1493 5237 1589 5293 sed
1633 5238 1796 5292 etiam

184 5332 464 5388 rhetorum
479 5330 811 5401 eloquentia,
830 5329 1341 5401 etpliilosopborum
1358 5340 1676 5403 apparatus:
1699 5344 1800 5386 nec

183 5420 255 5477 ab
270 5424 376 5478 illis
398 5430 629 5485 tantum.
650 5422 746 5478 sed
761 5424 922 5479 etiam
943 5422 1015 5478 ab
1031 5424 1340 5480 hominibus
1356 5424 1799 5479 circumforaneis

185 5515 371 5573 multae
416 5516 684 5571 machina:
711 5526 897 5570 contra
926 5515 1226 5573 Ecclesium
1254 5518 1646 5574 movebantur:
1677 5535 1798 5589 qua:

184 5609 275 5666 ille
316 5609 672 5667 subindicaos
715 5610 974 5667 dicebat:
1023 5610 1319 5667 Alexander
1367 5614 1585 5669 crarius
1638 5614 1799 5669 multa

186 5702 320 5756 male
344 5702 475 5757 mihi
514 5702 780 5758 ostendit:
823 5719 973 5772 quem
1015 5713 1064 5759 et
1111 5714 1165 5758 tu
1218 5706 1427 5761 derita:
1468 5704 1620 5761 ualde
1662 5708 1797 5761 enim

186 5796 359 5851 restitit
392 5795 557 5852 urbis
580 5796 766 5853 nostris
791 5796 867 5870 (2.
903 5795 1016 5853 Tim
1066 5800 1122 5856 4.
1156 5800 1245 5855 l4.
1290 5799 1403 5875 15).
1454 5800 1609 5858 Sicut
1659 5817 1791 5874 ergo

958 286 1047 344 \‘ll
1089 284 1395 353 liOMlLlA,
1440 283 1645 341 ΜΕΤΑ
1688 283 1754 339 IN
1794 280 2077 339 τΕΜΡιο
2115 283 2172 341 S.
2219 281 2656 343 ANASTASL'E.

3387 284 3500 340 498

1881 414 2030 453 mare
2084 416 2379 471 numquam
2422 401 2679 456 ﬂuctibus
2724 416 2920 471 expers
2967 410 3084 458 est:
3117 402 3197 458 sic
3244 411 3303 458 et
3343 401 3496 459 Pauli

1876 494 2055 548 anima
2087 493 2246 565 plena
2279 506 2399 553 erat
2422 496 2571 551 mille
2602 495 3014 561 mutationibus,
3047 495 3376 567 quotidlauis
3399 510 3497 565 pe-

1878 587 2083 654 riculis,
2129 588 2263 645 foris
2307 598 2364 644 et
2407 588 2573 656 intus,
2624 605 2722 659 per
2765 588 2954 653 verba,
3012 605 3112 657 per
3156 604 3345 659 Opera,
3396 603 3497 659 per

1879 679 2156 749 pecunias,
2178 696 2275 751 per
2289 680 2473 736 dolos:
2497 682 2787 753 nullusque
2807 695 2987 737 sermo
3006 682 3206 750 poterit
3220 694 3501 750 exponere

1880 770 2030 825 illam
2062 772 2292 827 telorum
2323 772 2545 837 umbem,
2572 772 2719 828 illam
2757 772 3019 829 ﬂuctuum
3066 772 3493 829 multitudinem.

1876 863 2145 933 Quoniam
2185 864 2347 935 igitur
2392 864 2444 919 in
2472 864 2569 919 tali
2599 874 2745 919 statu
2774 875 2830 919 et
2865 864 3181 922 conditione
3232 880 3324 923 res
3369 875 3497 924 tunc

1878 965 2054 1023 erant,
2080 971 2186 1011 non
2221 956 2314 1010 illo
2346 966 2553 1013 tantum
2594 957 2743 1027 quod
2769 957 3030 1025 diximus,
3065 960 3159 1016 sed
3190 958 3353 1031 longe
3376 976 3494 1015 tua.

1874 1047 1982 1117 jori
2004 1064 2019 1113 ;
2045 1063 2147 1104 nec
2171 1048 2348 1104 solum
2374 1050 2647 1117 doctores,
2680 1050 2777 1107 sed
2799 1052 2963 1107 etiam
2991 1052 3245 1123 discipuli
3274 1051 3496 1122 pericli-

1880 1142 2155 1205 tabantur,
2188 1157 2287 1198 nec
2302 1141 2557 1213 discipuli
2580 1144 2763 1209 modo,
2777 1144 2873 1200 sed
2889 1145 3053 1200 etiam
3069 1145 3326 1202 doctores
3344 1146 3497 1213 (nam

1880 1234 1925 1288 si
1951 1235 2055 1288 alia
2088 1249 2214 1304 pars
2247 1236 2299 1290 in
2350 1239 2673 1303 tentationc,
2705 1236 2812 1291 alia
2862 1238 2915 1291 in
2963 1238 3256 1293 securitate
3287 1236 3499 1301 fuisset,

1882 1326 2149 1397 potuisset
2190 1331 2360 1383 altera
2400 1327 2559 1383 alteri
2601 1327 3035 1383 consolationem
3080 1327 3279 1384 aﬂ'errc
3308 1346 3323 1383 :
3356 1341 3502 1382 nune

1878 1428 2065 1474 autem
2089 1426 2319 1488 utraque
2362 1434 2489 1491 pars
2508 1418 2948 1491 cppuguabatur)
2974 1436 2989 1485 ;
3028 1430 3083 1474 et
3110 1418 3228 1476 bare
3254 1418 3504 1476 videntes

1881 1514 2036 1568 multi
2078 1529 2147 1569 ex
2212 1514 2601 1570 inﬁrmioribus
2658 1514 3100 1570 dissolvebantur
3144 1513 3501 1585 obtorpescu-

1882 1606 2051 1673 bant,
2102 1607 2250 1661 anxii
2303 1618 2460 1662 erant
2488 1624 2502 1661 :
2535 1608 2676 1663 bona
2733 1607 2952 1679 quidem
2998 1607 3402 1678 pncdicatiOnis
3448 1607 3501 1661 in

1881 1713 1981 1768 spe
2016 1698 2191 1754 futura
2233 1699 2502 1765 videntes,
2553 1716 2803 1771 regnum,
2835 1700 3295 1755 resurrectionem
3336 1711 3391 1756 cl
3423 1700 3504 1756 iu-

1880 1792 2325 1862 corruptionem;
2378 1793 2550 1848 tristia
2580 1801 2763 1848 autem
2808 1793 2897 1850 hic
2943 1794 2996 1849 in
3042 1794 3423 1866 experimento
3449 1805 3506 1850 et

1883 1883 2181 1955 patientia,
2239 1886 2545 1956 sartagines
2596 1900 2831 1956 nempe,
2878 1886 3165 1952 furnaces,
3218 1901 3502 1949 carceres,

1885 1977 2051 2044 bella,
2079 1976 2410 2044 inimicitias,
2433 1978 2582 2043 odia,
2608 1988 2837 2044 mortes,
2870 1978 3142 2049 pericula;
3168 1988 3225 2035 et
3247 1977 3505 2036 doctores

1883 2088 2035 2139 suos,
2065 2086 2210 2127 nunc
2248 2072 2302 2127 in
2332 2072 2666 2138 carceribus,
2700 2087 2846 2129 nunc
2874 2073 2927 2128 in
2958 2074 3275 2145 synagogis,
3326 2072 3504 2128 abdu-

1883 2178 2005 2221 ctos
2057 2173 2113 2222 et
2160 2165 2491 2221 contumelia
2524 2164 2781 2229 affectus,
2833 2174 2889 2220 et
2940 2164 3181 2237 undique
3236 2162 3503 2221 malorum

1886 2262 2062 2316 nubes
2104 2259 2455 2330 ingruebant,
2482 2268 2539 2315 et
2566 2260 2620 2314 in
2647 2256 2917 2329 profunda
2950 2259 3313 2313 tentationum
3342 2268 3504 2315 noctu

1885 2362 2063 2418 crant,
2096 2369 2217 2424 qua:
2246 2368 2439 2409 omnes
2467 2352 2731 2409 invadens
2767 2353 2821 2409 itt
2863 2353 3277 2425 perturbatione
3312 2369 3507 2425 magna

1890 2448 2153 2503 tenebat:
2206 2444 2330 2500 vide
2374 2446 2648 2516 quomodo
2692 2461 2797 2501 una
2842 2460 2978 2502 voce
3008 2447 3251 2501 animum
3283 2447 3503 2502 illorum

1886 2541 2080 2611 erigat.
2130 2538 2282 2595 Idem
2342 2538 2471 2592 facit
2529 2554 2583 2594 tn
2635 2540 2736 2593 alia
2788 2539 3043 2609 epistola,
3099 2539 3332 2595 dicens:
3376 2538 3508 2594 Ideo

1888 2647 2073 2685 ntanus
2132 2630 2373 2684 remissas
2428 2639 2477 2683 et
2534 2646 2703 2701 genua
2761 2614 2954 2685 debilia
3013 2630 3249 2685 roborat:
3292 2630 3505 2705 (Hebr.

1890 2723 2061 2793 12.1)
2093 2741 2107 2777 :
2139 2739 2249 2779 non
2295 2723 2364 2778 de
2411 2727 2657 2795 genubus
2697 2732 2753 2779 et
2792 2724 3046 2780 manibus
3085 2724 3314 2797 loquens
3338 2767 3355 2793 ,
3410 2726 3508 2782 scd

1888 2818 1958 2874 de
2000 2816 2423 2888 cogitationibus
2476 2818 2706 2876 internis
2744 2826 2801 2873 et
2841 2818 3136 2875 latentibus
3168 2859 3184 2885 ,
3239 2835 3361 2889 qua:
3412 2836 3511 2893 per

1892 2914 2223 2969 tentationes
2254 2910 2715 2967 disSolvebantur.
2778 2912 2983 2968 Deinde
3041 2921 3163 2983 post
3213 2912 3338 2969 data
3393 2930 3512 2969 mo-

1892 3006 2002 3061 nita
2047 3004 2479 3061 consolationem
2529 3004 2689 3062 affert
2713 3006 3025 3070 maximam,
3066 3007 3293 3063 dicens:
3325 3007 3512 3063 Adhuc

1890 3099 2153 3152 modicum
2191 3098 2597 3168 aliquantulum,
2636 3107 2682 3151 et
2720 3099 2811 3169 qui
2852 3109 3093 3153 uenturus
3141 3111 3217 3155 est
3260 3103 3442 3170 ueniet,
3465 3113 3513 3156 rt

1891 3210 1996 3248 non
2024 3191 2247 3245 tardabit
2291 3193 2310 3263 (
2339 3190 2482 3245 Ibid.
2513 3207 2563 3245 υ.
2596 3190 2687 3247 10.
2718 3192 2788 3247 57
2819 3192 2859 3262 ).
2901 3191 3008 3249 Sed
3054 3192 3188 3263 quia
3208 3193 3339 3249 illud
3370 3195 3513 3249 intc-

1894 3287 1997 3341 rim
2025 3286 2077 3340 in
2113 3300 2211 3355 spe
2236 3296 2378 3352 erat,
2419 3285 2527 3340 alio
2569 3282 2734 3340 modo
2786 3300 2980 3340 rursus
3028 3300 3127 3342 eos
3170 3284 3511 3354 cohortatur,

1895 3393 2003 3434 non
2048 3378 2262 3442 alienis,
2289 3377 2387 3433 sed
2419 3377 2655 3448 propriis
2683 3377 2951 3449 exemplis
2994 3378 3208 3433 animos
3254 3379 3388 3449 ipsis
3431 3379 3514 3433 la-

1895 3472 2067 3529 ciens.
2102 3469 2559 3533 Ilememorantini,
2595 3469 2793 3539 inquit,
2817 3470 3062 3539 pristinos
3085 3469 3219 3537 dies,
3250 3471 3303 3526 in
3334 3471 3516 3539 quibus

1894 3564 2197 3630 illuminati,
2248 3579 2490 3635 magnum
2537 3573 2799 3618 certamen
2844 3562 3167 3618 sustinuistis
3218 3564 3517 3635 passionum

1900 3654 2069 3728 (ibid.
2098 3671 2149 3710 υ.
2180 3654 2297 3728 52).
2325 3654 2434 3711 Vos
2461 3656 2613 3726 ipsos
2638 3654 3002 3711 revercamini
3040 3656 3295 3728 bonaque
3335 3668 3515 3713 vestra

1898 3765 2086 3821 opera,
2110 3766 2179 3805 ue
2202 3748 2483 3820 indignum
2511 3747 2906 3820 praemiorum
2939 3747 3105 3804 linem
3130 3748 3459 3816 exbibeatis,
3486 3765 3517 3805 a

1900 3841 2054 3898 vobis
2095 3842 2229 3913 ipsis
2263 3840 2702 3898 cohortationem
2734 3840 3041 3910 accipiatis.
3070 3839 3205 3896 Cum
3232 3856 3365 3913 ergo
3393 3840 3523 3897 illos

1900 3932 2005 3990 hoc
2030 3944 2087 3989 et
2107 3934 2199 3990 illo
2230 3932 2394 3988 modo
2415 3932 2743 4003 monuisset,
2766 3948 2862 4003 per
2882 3930 2986 3987 boc
3001 3931 3206 3988 dictum
3235 3933 3360 3989 illos
3381 3931 3572 3989 bur-sl

1901 4037 2066 4085 talin.
2099 4028 2386 4097 Quomodo
2404 4043 2460 4084 et
2498 4040 2603 4100 qua
2645 4024 2900 4082 ratione?
2933 4024 3159 4083 Vincula
3186 4036 3243 4083 et
3271 4038 3520 4081 catenam

1899 4120 2091 4177 dicens
2135 4119 2607 4176 conﬁrmationem
2658 4134 2785 4175 esse
2822 4115 3121 4191 Evangelii.
3172 4119 3292 4176 Non
3341 4119 3523 4177 solum

1901 4216 2049 4269 enim
2077 4214 2274 4269 mortui
2307 4212 2578 4279 suscitati,
2608 4212 2695 4268 vel
2723 4212 2925 4281 leprosi
2956 4214 3226 4281 mandati,
3274 4215 3361 4271 vel
3411 4216 3522 4266 tia--

1901 4321 2092 4363 mones
2116 4306 2330 4378 expulsi
2367 4304 2584 4372 (Matth.
2618 4305 2707 4361 l0.
2739 4303 2821 4378 8),
2870 4304 2965 4361 sed
3009 4322 3111 4362 nos
3149 4308 3315 4363 etiam
3354 4308 3523 4364 vincti

1890 4399 2244 4473 Evangelium
2300 4398 2713 4456 conﬁrmamus.
2761 4400 2882 4468 Quo
2935 4409 3138 4471 pacto,
3197 4398 3288 4456 dic
3345 4401 3528 4459 mihi?

1901 4510 2039 4550 nova
2084 4496 2231 4550 enim
2286 4503 2414 4550 sunt
2449 4492 2593 4549 dicta
2626 4493 2736 4559 illa,
2768 4503 2823 4548 et
2854 4494 3115 4566 pleraque
3140 4494 3415 4566 :cnigmati
3447 4496 3527 4552 si-

1901 4588 2071 4643 milia.
2122 4586 2263 4643 Audi
2309 4587 2557 4653 demum,
2608 4586 2928 4659 quomodo:
2968 4588 3017 4645 si
3067 4588 3273 4660 absque
3328 4590 3527 4646 timore

1903 4680 2345 4751 praedicaremus,
2376 4679 2507 4735 uibil
2554 4680 2825 4751 ingratum
2871 4680 2955 4737 vel
3000 4695 3171 4752 grave
3213 4681 3524 4754 patientes;

1902 4774 2087 4830 multis
2116 4789 2329 4838 eorum.
2374 4775 2465 4845 qui
2513 4789 2612 4830 nos
2661 4774 2953 4832 calumniis
3002 4777 3270 4848 impetere
3314 4777 3526 4847 volunt,

1902 4877 2155 4937 suspecta
2205 4866 2484 4924 videretur
2539 4882 2663 4925 esse
2716 4868 3085 4938 pnedicatio:
3140 4884 3287 4926 nunc
3342 4880 3526 4925 autem

1903 4962 2066 5033 pulsi,
2120 4962 2598 5033 persequutionem
2642 4962 2933 5033 patientes,
2974 4962 3135 5029 secti,
3177 4962 3380 5025 adusti.
3428 4978 3529 5034 per

1904 5052 2197 5126 przecipitia
2246 5054 2375 5118 acti,
2428 5054 2710 5109 innumera
2758 5054 3049 5125 patientes,
3096 5069 3200 5110 nec
3234 5055 3520 5123 cedentes,

1905 5148 2014 5201 imo
2070 5146 2197 5202 binc
2250 5146 2547 5203 aiacriores
2602 5146 2752 5213 facti,
2813 5146 2980 5202 etiam
3034 5146 3529 5215 impudentioribus

1903 5238 2185 5297 oll'erimus
2227 5239 2444 5311 plenam
2492 5240 3049 5307 demonstrationem,
3096 5240 3241 5309 quod
3285 5244 3530 5298 veritatis

1904 5335 2077 5391 simus
2106 5348 2408 5405 praecones,
2436 5333 2697 5404 quodque
2740 5332 2925 5389 divina
2964 5330 3215 5403 qumdam
3258 5334 3433 5389 virtus
3474 5335 3528 5391 in

1906 5426 2064 5483 nobis
2088 5427 2181 5492 sit,
2204 5440 2327 5496 qua:
2358 5423 2476 5480 hac
2509 5426 2692 5480 omnia
2734 5424 2937 5481 leviora
2982 5422 3193 5487 reddat,
3244 5440 3346 5481 nec
3403 5440 3529 5496 per-

1907 5525 2085 5580 mittat
2124 5533 2184 5578 ut
2208 5531 2287 5579 tot
2314 5522 2646 5578 tentationes
2676 5519 3067 5591 praedicatores
3097 5533 3198 5575 nos
3226 5530 3525 5590 superent;

1908 5616 2037 5673 licet
2060 5616 2214 5686 pauci
2242 5615 2436 5677 simus.
2468 5612 2566 5669 sed
2601 5628 2697 5685 per
2728 5622 2807 5668 tot
2834 5611 3224 5683 impedimenta
3250 5611 3320 5670 sd
3347 5612 3526 5669 victo-

1906 5710 2040 5764 riam
2057 5722 2157 5763 nos
2174 5706 2345 5763 duxit.
2363 5705 2419 5764 Si
2440 5707 2563 5778 quis
2580 5722 2713 5777 ergo
2733 5706 2965 5762 voluerit
2979 5705 3180 5763 claram
3202 5720 3524 5777 comparare

1908 5802 2430 5860 demonstrationem
2457 5842 2473 5869 ,
2515 5801 2660 5875 quod
2699 5800 2884 5859 divina
2922 5801 3172 5873 quadam
3242 5800 3416 5859 virtus
3452 5801 3527 5859 slt
