4034 6402
564 303 653 356 ifl‘l

541 429 663 483 qua:
685 411 941 466 nosintits
965 412 1204 479 inspiret,
1223 406 1540 461 tentatioues
1555 410 1728 455 sumat
1746 414 1807 453 ac
1824 404 2097 451 recenseat
2112 436 2125 457 ,

544 505 804 573 pericula,
857 513 1091 565 catenas,
1142 515 1406 553 carceres.
1457 495 1639 564 Neque
1682 494 1820 546 enim
1874 488 2125 541 humana:

544 596 763 649 virtutis
783 605 866 649 est
893 608 983 664 per
1011 600 1087 644 tot
1116 589 1408 660 prascipitia
1439 588 1676 647 vincere,
1710 598 1805 651 per
1838 592 1913 632 tot
1935 580 2128 632 fluctus

545 699 605 742 ct
654 686 918 758 procellas
958 684 1226 753 navigare.
1273 683 1412 735 inter
1459 690 1534 732 tot
1580 677 1683 729 tela
1718 671 2003 742 progredi;
2034 667 2128 722 sed

546 779 742 832 divina:
786 788 838 830 et
884 774 1310 843 inexpugnabilis
1359 771 1568 824 virtutis
1606 769 1718 821 Itwc
1758 774 1904 819 sunt.
1948 762 2132 829 Itaque

552 881 735 923 (auena
768 882 848 922 (εει
873 868 1209 921 confirmatio
1230 862 1519 932 Evangelii,
1554 876 1656 913 non
1689 858 1791 910 illis
1826 854 2005 917 modo,
2036 849 2131 904 sed

550 964 709 1014 etiam
742 961 896 1015 nobis
934 961 1024 1028 qui
1069 960 1335 1028 patimur:
1382 951 1712 1023 probatiores
1755 948 1897 1001 enim
1946 944 2136 997 fortio—

543 1068 745 1121 ‘resque
778 1069 872 1104 nos
894 1050 1068 1106 reddit
1093 1066 1107 1113 ;
1136 1049 1403 1116 efficitque
1434 1053 1489 1097 ut
1512 1042 1727 1096 insidias
1751 1037 2135 1106 despiciamus.

552 1148 892 1215 Quapmpter
926 1144 1136 1198 dicebat
1167 1160 1178 1195 :
1223 1140 1500 1194 Tribulutio
1535 1135 1831 1205 patientiam
1877 1138 2138 1196 cperatur,

555 1242 802 1309 patientia
828 1250 990 1292 autent
1020 1236 1386 1305 probationem,
1422 1230 1650 1299 probatio
1693 1244 1806 1280 rero
1836 1240 1996 1292 spem,
2026 1235 2141 1287 spes

547 1344 723 1384 autem
754 1348 852 1383 non
882 1328 1148 1397 confundit
1178 1323 1352 1393 (llum.
1379 1323 1430 1376 ὃ.
1455 1323 1511 1374 5.
1542 1323 1592 1373 4.

628 1424 681 1477 5.
718 1421 899 1475 Videu‘
950 1418 1219 1489 quomodo
1270 1414 1539 1470 tribulatio
1588 1410 1870 1467 confirmet
1901 1411 2141 1473 Evange-

556 1515 727 1566 iium?
761 1513 881 1566 Ideo
909 1526 1121 1581 quoque
1150 1509 1277 1563 alibi
1308 1524 1426 1562 cum
1471 1514 1674 1575 peteret
1714 1512 1770 1555 ut
1813 1516 1843 1554 a
1890 1498 2143 1554 tentalio-

563 1608 719 1660 nibus
761 1606 1097 1667 liberaretur,
1135 1618 1197 1656 ac
1246 1617 1387 1670 szvpe
1425 1600 1511 1653 illa
1544 1598 1611 1653 de
1641 1611 1800 1651 causa
1831 1593 2004 1648 adiret
2036 1593 2144 1645 Do-

560 1698 767 1750 suintnn
787 1737 803 1762 ,
834 1696 1039 1749 audivit
1064 1716 1076 1749 :
1109 1694 1305 1763 Sufficit
1349 1692 1435 1745 tibi
1476 1691 1643 1761 gratia
1667 1703 1819 1751 mea;
1847 1703 1962 1738 nam
1987 1686 2147 1739 virtus

564 1803 677 1840 mea
722 1787 774 1839 in
814 1786 1107 1854 inﬁrmitate
1136 1784 1397 1853 perficitur
1430 1780 1504 1850 (2.
1534 1779 1654 1833 Cor.
1690 1777 1774 1831 l2.
1808 1776 1888 1843 9).
1914 1774 2149 1829 lulitmi-

560 1880 728 1931 tatem
758 1877 842 1930 hic
864 1876 1302 1945 persequutiones
1327 1880 1499 1936 tocat,
1522 1870 1865 1934 mutationes,
1887 1864 2147 1935 pericula,

562 1968 816 2030 insidias,
874 1966 1171 2020 molestias.
1230 1965 1342 2018 lloc
1398 1976 1578 2017 autem
1638 1961 1749 2015 vult
1802 1957 2148 2029 significare:

565 2059 816 2115 Poteram
843 2061 945 2113 hoc
974 2056 1236 2126 impedire
1262 2065 1316 2111 et
1344 2054 1543 2109 bellum
1584 2052 1950 2120 exstinguere,
1992 2058 2155 2118 atque

566 2150 762 2204 fluctus
792 2148 1185 2218 comprimere;
1216 2146 1310 2200 sed
1340 2160 1444 2199 non
1464 2144 1582 2208 feci,
1616 2142 1860 2196 utvirtus
1888 2156 2005 2195 mea
2038 2154 2154 2193 ma-

564 2242 652 2311 gis
697 2240 1174 2293 demonstraretur.
1223 2236 1337 2291 Non
1384 2236 1527 2290 enim
1585 2234 1658 2288 ita
1712 2243 1928 2287 Ostensa
1967 2231 2157 2285 fuisset

567 2334 690 2401 ejus
714 2330 902 2395 virtus,
934 2330 978 2385 si
1016 2330 1131 2383 ba-c
1165 2344 1270 2383 non
1312 2328 1447 2382 facta
1492 2326 1751 2389 fuissent;
1782 2335 1837 2378 ut
1864 2339 1987 2377 cum
2021 2324 2157 2377 facta

576 2423 793 2494 quidem
846 2432 989 2486 sunt,
1029 2432 1085 2478 et
1127 2422 1261 2476 nihil
1302 2429 1612 2489 potuerunt.
1656 2416 1788 2472 Nam
1837 2417 2162 2487 gubernato-

575 2530 690 2569 rem
738 2516 885 2568 illum
916 2514 1177 2583 optimum
1222 2513 1468 2573 dicimus,
1502 2525 1611 2565 non
1650 2510 1739 2580 qui
1779 2509 1832 2563 in
1876 2508 2163 2577 tranquilio

573 2607 714 2661 mari
769 2616 944 2676 potest
997 2621 1185 2660 navem
1236 2614 1383 2659 recte
1434 2603 1658 2665 ducere,
1720 2602 1816 2657 sed
1873 2602 1962 2671 qui
2024 2602 2165 2655 inter

578 2697 827 2766 sc0pulos
857 2708 913 2751 et
942 2694 1135 2749 ﬂuctus
1158 2703 1214 2749 et
1240 2702 1586 2761 tempestates
1612 2704 1667 2746 et
1708 2700 1897 2746 ventos
1923 2702 2165 2745 vectores

574 2796 865 2841 conservat
897 2803 910 2838 :
959 2796 1016 2840 et
1058 2784 1324 2841 medicum
1369 2784 1599 2853 peritum
1638 2783 1867 2838 dicimus
1896 2798 2041 2848 euut,
2074 2779 2162 2851 qui

577 2878 727 2933 mille
766 2877 1196 2931 incumbentibus
1224 2874 1422 2929 morbis
1453 2891 1653 2944 aegrum
1682 2883 1899 2928 servat:
1926 2882 1985 2928 et
2013 2887 2168 2927 exer-

578 2970 719 3022 citus
734 2967 924 3022 ducent
952 2966 1042 3036 qui
1065 2967 1304 3020 hostibus
1326 2964 1559 3035 undique
1582 2965 1909 3019 irruentibus
1927 2973 1982 3018 et
2000 2980 2169 3032 oppu-

590 3059 943 3128 guantibus,
969 3068 1230 3127 trepamm
1271 3063 1447 3127 potest
1486 3056 1696 3125 erigere
1744 3071 1759 3109 ε
1804 3064 1858 3109 et
1894 3066 2167 3125 pastorem

586 3153 783 3205 bonum
814 3152 903 3221 qui
933 3151 1078 3205 mille
1104 3150 1243 3217 lupis
1271 3148 1495 3218 aliisque
1541 3147 1941 3203 insidiatoribus
1976 3146 2173 3201 irrum-

586 3246 858 3314 pentibus,
890 3260 1106 3315 gregem
1128 3244 1179 3296 in
1203 3241 1579 3297 tntocustodit.
1607 3242 1677 3295 Ita
1711 3252 1835 3295 tunc
1857 3255 2067 3309 quoque
2086 3254 2171 3294 res

591 3339 716 3393 hinc
756 3337 1015 3391 mirabilis
1041 3333 1397 3401 efficiebatur,
1427 3334 1568 3405 quod
1605 3334 1735 3388 licet
1762 3334 2036 3387 innumera
2084 3348 2175 3401 pa-

587 3433 783 3485 tientes
807 3434 1174 3493 vincerent,et
1193 3444 1286 3483 eos
1303 3426 1392 3497 qui
1420 3443 1478 3481 se
1504 3425 2169 3496 afﬂigebautsuperareut.

588 3523 812 3591 Quando
843 3524 1001 3592 igitur
1032 3522 1245 3575 Petrum
1287 3530 1341 3575 et
1375 3519 1661 3586 Joannem,
1717 3520 1883 3573 filium
1932 3518 2172 3584 leuitrui,

590 3625 646 3667 et
686 3616 1087 3667 fundamentum
1118 3612 1255 3675 fidei,
1294 3612 1345 3665 iu
1386 3626 1655 3665 carcerem
1685 3612 2053 3680 conjeceruut,
2078 3624 2175 3664 co-

596 3707 703 3777 gita
746 3705 1057 3774 quomodo,
1109 3705 1237 3772 ipsis
1284 3703 1526 3758 dimissis
1574 3703 1839 3758 dubitant.
1897 3704 2029 3757 Cum
2080 3703 2178 3756 ad-

594 3796 874 3851 duxissent
909 3796 1067 3865 igitur
1111 3796 1233 3849 illos
1266 3796 1315 3849 in
1371 3794 1607 3849 medium
1659 3795 1967 3861 theatrum,
2024 3794 2178 3850 dixe-

601 3899 727 3944 runt
760 3908 772 3944 :
806 3889 941 3957 Quid
995 3890 1238 3959 faciemus
1286 3888 1573 3941 hominibus
1623 3888 1730 3941 istis
1760 3886 1779 3951 (
1810 3886 1925 3940 Act.
1956 3887 2011 3942 4.
2044 3888 2109 3943 16
2137 3888 2177 3957 ).

595 3981 787 4044 Judmi,
817 3983 905 4052 qui
941 3982 993 4035 in
1026 3981 1404 4051 prophetarum
1451 3996 1711 4049 sanguine
1748 3980 1998 4035 .iunutriti
2030 3991 2183 4035 erant

598 4074 824 4143 populus
871 4073 1055 4128 furens
1117 4082 1171 4127 et
1219 4074 1367 4127 rabie
1421 4072 1653 4137 ductus,
1706 4073 1795 4142 qui
1848 4072 2033 4127 altaria
2091 4075 2184 4128 de-

601 4176 890 4233 struxerat,
920 4170 1008 4237 qui
1065 4168 1355 4237 prophetas
1392 4167 1682 4231 occiderat,
1715 4168 1807 4237 qui
1850 4168 1903 4223 in
1948 4169 2185 4224 caedibus

601 4259 859 4312 educatus
896 4257 1092 4323 fuerat,
1129 4258 1217 4329 qui
1246 4259 1433 4311 belluis
1471 4258 1703 4313 ferocior
1725 4270 1862 4324 erat,
1892 4261 1981 4330 qui
2010 4261 2186 4314 adhuc

604 4348 865 4403 Dominici
892 4349 1163 4417 sanguinis
1196 4349 1367 4403 stillas
1389 4350 1684 4414 emittebat,
1726 4351 1811 4420 qui
1851 4352 2021 4420 ipsum
2066 4366 2187 4405 cru-

603 4440 843 4494 cifixerat
872 4459 884 4493 z
919 4440 1004 4494 hic
1031 4442 1239 4495 duobus
1274 4441 1627 4509 apprehensis
1676 4444 2048 4510 piseatoribus,
2083 4444 2186 4497 illi-

604 4532 809 4592 teratis,
854 4532 1055 4595 idiotis,
1100 4532 1363 4595 obscuris,
1411 4532 1570 4585 mutis
1602 4534 1770 4602 magis
1800 4549 1957 4603 quam
1992 4535 2183 4602 pisces,

602 4638 831 4691 quorum
877 4623 1011 4675 alter
1055 4638 1122 4677 ne
1170 4624 1401 4677 ostiarite
1447 4624 1660 4693 quidem
1709 4626 1878 4679 minas
1919 4627 2189 4694 simplices

606 4714 845 4766 tulerat:
877 4712 993 4777 hos,
1030 4715 1261 4782 inquam,
1309 4715 1724 4781 comprehensos
1768 4716 1818 4768 in
1868 4717 2045 4771 medio
2090 4718 2189 4771 ba-

609 4804 798 4857 iiclthS
822 4805 1031 4872 ligatos,
1052 4807 1242 4867 nudos,
1264 4820 1366 4858 non
1388 4810 1730 4874 pecuniarum
1752 4823 1853 4876 ope
1877 4810 2187 4874 instructos,

605 4912 713 4948 non
736 4911 993 4965 corporea
1024 4897 1351 4961 fortitudine,
1380 4912 1481 4950 non
1505 4911 1815 4952 sermonum
1849 4902 2183 4970 eloquentia,

609 5004 713 5041 non
740 4988 1002 5044 rhetorica
1032 4990 1104 5056 vi,
1141 5006 1244 5044 non
1270 4991 1483 5060 generis
1517 4992 1825 5060 splendore,
1861 5010 1963 5047 non
2002 4998 2185 5063 patria:

1263 292 1317 346 S.
1358 285 1634 345 JOANNlS
1658 274 2127 338 ειιιηδυδτωιι
2170 272 2483 328 AliClllEl’.
2526 268 3055 324 (ΣΟΝΒΤΑΧΠΧΟΡ.

3721 272 3825 326 50')

2240 388 2620 460 magnitudine,
2677 391 2972 457 piscatores
3025 405 3094 443 ex
3150 389 3526 457 piscatoribus,
3584 398 3825 442 extrema

2237 489 2549 549 paupertate
2596 480 2924 545 laborantes,
2967 481 3211 533 dubitant
3251 480 3523 550 quomodo
3564 495 3686 533 cum
3723 482 3829 532 illis

2234 571 2404 626 acturi
2436 575 2561 633 sint,
2592 581 2646 625 et
2674 572 2882 635 dicunt,
2920 571 3056 637 Quid
3086 574 3329 641 faciemus
3357 572 3644 624 lioniinibns
3673 572 3785 624 istis
3808 572 3833 623 .’

2238 661 2426 716 Viden'
2468 673 2664 730 quanta
2708 677 2795 715 res
2836 663 2901 715 sit
2940 661 3149 716 virtus?
3188 662 3457 731 quomodo
3502 663 3830 715 tentatioues

2236 754 2571 808 confirmatio
2606 753 2717 807 sint
2746 752 3056 821 Evangelii?
3110 752 3296 805 Dicunt
3343 753 3406 805 ad
3456 768 3586 805 eos:
3640 750 3834 805 Nonne

2238 844 2577 913 praecipiendo
2602 845 2930 913 prcecepimus
2950 844 3086 897 vobis
3116 860 3178 896 ne
3204 844 3529 911 loqueremini
3554 846 3602 896 in
3627 846 3836 896 nomine

2240 936 2373 988 isto?
2420 933 2488 987 Et
2526 933 2674 988 vultis
2714 934 2953 988 inducere
2984 952 3135 1001 super
3163 951 3253 988 nos
3289 938 3582 1005 sanguinem
3612 937 3838 987 liommis

2241 1030 2385 1082 istius
2417 1029 2549 1099 (Act.
2579 1030 2632 1083 5.
2807 1030 2860 1083 Si
2894 1029 3052 1081 homo
3086 1037 3170 1083 est
3212 1038 3435 1093 tantum,
3484 1029 3605 1097 quid
3642 1028 3839 1082 times?

2246 1124 2288 1176 si
2319 1137 2445 1176 vero
2477 1123 2614 1176 Deus
2642 1132 2743 1187 est,
2778 1138 2874 1175 cur
2906 1121 3054 1175 illum
3085 1138 3191 1175 non
3221 1122 3459 1176 adoras?
3499 1128 3691 1176 Annon
3721 1122 3837 1176 cla-

2246 1216 2430 1269 mabas
2460 1232 2651 1284 nuper,
2685 1215 2908 1284 Sanguis
2944 1216 3051 1280 eius
3094 1233 3250 1282 super
3291 1232 3382 1268 nos
3422 1228 3466 1269 et
3503 1233 3655 1284 super
3701 1217 3840 1280 ﬁlios

2246 1319 2445 1362 nostros
2502 1309 2715 1377 (Matth.
2768 1311 2854 1363 27.
2908 1309 3041 1377 23)?
3090 1310 3228 1362 unde
3277 1311 3585 1375 sanguinem
3638 1310 3842 1363 times?

2248 1402 2372 1470 quid
2408 1413 2637 1454 mentem
2675 1414 2815 1455 tuam
2846 1404 3134 1471 osagitavit
3158 1403 3177 1456 ?
3201 1418 3381 1456 nonne
3412 1403 3625 1471 ligasti?
3657 1420 3841 1456 nonne

2251 1492 2567 1559 ﬂagellasli?
2615 1509 2791 1547 nonne
2838 1493 3185 1549 crucifixisti?
3230 1508 3409 1548 nonne
3450 1502 3723 1546 mortuum
3766 1494 3843 1547 vi-

2250 1584 2373 1637 disti
2401 1602 2465 1638 ex
2496 1600 2655 1639 cruce
2678 1587 3015 1640 detractum?
3042 1603 3219 1639 nonne
3247 1586 3519 1654 sepultum
3553 1586 3762 1649 vidisti,
3793 1596 3847 1640 et

2249 1686 2394 1731 terra
2446 1677 2735 1744 opertum?
2781 1693 2959 1731 nonne
3006 1679 3154 1747 signa
3210 1678 3457 1746 sepulcro
3502 1676 3848 1744 imposuisti?

2249 1782 2433 1821 nonne
2470 1769 2670 1822 milites
2714 1770 2887 1837 pretio
2919 1769 3134 1821 emisti?
3165 1784 3341 1821 nonne
3373 1769 3569 1821 famam
3600 1770 3848 1836 sparsisti

2252 1859 2395 1929 quod
2448 1858 2694 1927 discipuli
2739 1858 2854 1927 ejus
2908 1859 3077 1927 ipsum
3128 1858 3285 1912 furati
3332 1859 3474 1912 sint?
3515 1860 3657 1927 Quid
3706 1877 3852 1913 nunc

2254 1950 2453 2005 times?
2498 1965 2595 2004 cur
2637 1965 2751 2017 ejus
2791 1951 3103 2019 sanguinem
3132 1950 3423 2004 formidas?
3456 1948 3619 2004 Vides
3648 1953 3849 2005 verita-

2259 2051 2366 2096 tem
2397 2058 2491 2111 per
2519 2042 2698 2096 omnia
2727 2041 3053 2112 fulgentem?
3083 2042 3215 2109 Quia
3242 2043 3385 2095 enim
3425 2039 3686 2095 videbant
3733 2053 3855 2110 post

2260 2136 2377 2191 illas
2406 2136 2624 2189 insidias
2667 2149 2779 2188 rem
2811 2133 3193 2203 en'erri,atque
3221 2134 3368 2186 initia
3410 2132 3691 2202 splendida
3731 2148 3857 2187 esse

2256 2237 2315 2283 et
2356 2228 2470 2295 ipso
2495 2228 2609 2282 sole
2640 2226 2917 2290 lucidiora,
2964 2234 3019 2280 et
3061 2227 3128 2280 ab
3180 2225 3297 2294 ipso
3341 2239 3533 2279 cursus
3586 2226 3857 2293 principio

2258 2318 2536 2380 exhibita,
2591 2319 2845 2388 quodque
2906 2326 3073 2372 totum
3133 2318 3321 2372 orbem
3392 2320 3859 2387 coniju'eftettsma

2262 2420 2426 2476 esset,
2458 2411 2643 2481 utique
2674 2424 2914 2465 errorem
2944 2410 3009 2462 ad
3034 2419 3274 2464 extrema
3300 2409 3678 2479 depellendum
3711 2426 3859 2476 esse,

2267 2520 2366 2559 nec
2390 2519 2546 2573 posse
2590 2507 2708 2573 ejus
2738 2507 2843 2557 vim
2889 2502 3211 2559 ini-flabilem
3259 2504 3560 2567 sustinere;
3601 2504 3862 2558 virtutem

2264 2598 2386 2666 ejus
2414 2594 2624 2663 timent,
2651 2596 2941 2651 formidant
2962 2596 3508 2664 vinctos,damuatos,
3533 2597 3861 2666 flagellatos,

2270 2690 2476 2746 insidiis
2500 2690 2880 2756 circumdatos,
2909 2690 3043 2745 duos
3060 2706 3259 2760 eosque
3286 2689 3496 2745 idiotas.
3523 2690 3647 2744 Ideo
3668 2689 3865 2743 Paulus

2269 2780 2592 2836 tentationes
2603 2781 3061 2836 conﬁrmationem
3078 2780 3349 2851 Evangelii
3368 2790 3542 2835 vocat:
3560 2782 3684 2838 ideo
3698 2786 3866 2837 etiam

2270 2874 2391 2928 alibi
2420 2874 2549 2928 dicit
2579 2891 2593 2927 :
2626 2874 2769 2929 Scire
2810 2886 2977 2928 autem
3018 2891 3104 2930 vos
3146 2876 3298 2942 volo,
3341 2876 3546 2943 fratres,
3583 2877 3707 2944 quia
3753 2893 3869 2947 qua

2272 2968 2406 3020 circa
2434 2984 2513 3021 me
2536 2978 2674 3031 sunt,
2706 2969 2869 3039 magis
2897 2969 2966 3022 ad
2997 2972 3277 3039 profectum
3303 2978 3539 3022 venerunt
3562 2967 3871 3037 Evangelii:

2273 3059 2344 3112 ita
2374 3069 2425 3111 ut
2456 3059 2626 3128 plures
2654 3076 2683 3112 e
2709 3060 2949 3127 fratribus
2977 3062 3027 3113 in
3053 3058 3296 3125 Domino,
3338 3060 3649 3127 conﬁdentes
3688 3061 3869 3114 vincs-

2274 3150 2337 3202 iis
2364 3150 2504 3215 meis,
2530 3151 2869 3205 abundantius
2903 3151 3147 3206 auderent
3184 3151 3294 3205 sine
3326 3152 3504 3205 timore
3538 3152 3749 3205 verbis»:
3790 3150 3873 3205 lo-

2275 3243 2649 3314 qui(P/tilipp.
2688 3244 2740 3299 1.
2783 3244 2871 3298 i2.
2920 3245 3031 3315 Η).
3082 3244 3212 3311 Quis
3257 3244 3412 3306 vidit.
3462 3244 3583 3313 quis
3637 3243 3872 3307 audivit,

2275 3335 2416 3406 quod
2447 3338 2654 3391 vincula
2687 3335 2965 3391 audaciam
3006 3336 3213 3403 indant,
3262 3346 3317 3391 et
3354 3345 3543 3391 catena
3595 3335 3874 3399 fiduciam,

2278 3446 2382 3484 non
2411 3430 2591 3485 vincto
2624 3438 2851 3491 tantum,
2880 3429 2975 3483 sed
3021 3429 3182 3483 etiam
3223 3427 3501 3496 discipulis
3528 3427 3687 3497 ejus?
3718 3432 3876 3481 Atta-

2280 3538 2399 3577 men
2458 3538 2578 3575 cum
2632 3522 2747 3581 haec
2811 3520 3030 3584 flerent,
3089 3534 3184 3589 per
3235 3520 3507 3575 contraria
3557 3514 3879 3589 pnedicatin

2280 3612 2659 3677 extollebatur,
2693 3620 2746 3667 et
2774 3611 3045 3681 discipuli,
3093 3626 3216 3666 cum
3248 3611 3504 3681 magister
3530 3626 3881 3681 oppugnare-

2286 3716 2405 3769 tur,
2461 3704 2668 3759 iusidiis
2720 3714 3093 3774 appeteretur,
3152 3704 3469 3765 vinciretur,
3526 3706 3698 3773 magis
3744 3706 3882 3759 fide-

2286 3799 2433 3864 bant,
2490 3799 2658 3867 magis
2714 3798 3070 3860 exsultabant,
3130 3799 3299 3868 magis
3359 3796 3692 3851 insiliebant.
3726 3797 3881 3851 Dicta

2290 3888 2583 3943 laudastis?
2610 3888 2849 3943 Tandem
2900 3887 3267 3943 fortitudinem
3297 3888 3587 3950 imitetnur,
3624 3888 3882 3942 virtutem

2286 3981 2633 4035 annulemur:
2667 3982 2797 4036 nihil
2827 3996 2924 4036 nos
2954 3991 3178 4047 terreat,
3226 3982 3385 4034 nullae
3425 3995 3524 4035 nos
3552 3982 3886 4035 teutatioues

2289 4076 2616 4141 perturbent.
2650 4074 2774 4128 llaec
2801 4074 2944 4127 enim
2973 4083 3099 4127 sunt
3119 4074 3330 4143 pietatis
3361 4073 3733 4137 incitamenta,
3766 4074 3888 4128 Inec

2288 4174 2411 4217 sunt
2444 4164 2795 4234 philosophiae
2827 4166 2926 4219 ala:
2954 4184 2967 4219 :
3000 4165 3114 4219 lucc
3155 4180 3253 4220 nos
3290 4164 3539 4219 fortiores
3568 4176 3619 4219 et
3652 4164 3889 4218 invictos

2290 4259 2538 4322 reddunt,
2573 4258 2687 4313 lucc
2719 4259 2977 4328 majorem
3026 4256 3168 4328 apud
3217 4257 3385 4311 Deum
3426 4260 3557 4311 dant
3602 4257 3887 4323 fiducunu,

2290 4354 2656 4423 majoremque
2709 4353 2986 4407 attrahunt
3033 4352 3149 4422 ejus
3203 4352 3677 4416 benevolentiam,
3740 4352 3889 4405 inul-

2294 4456 2509 4515 tamque
2552 4445 2600 4497 in
2662 4446 2815 4499 nobis
2850 4447 3074 4516 gratiam
3121 4446 3462 4499 confirmant.
3514 4445 3582 4500 Ut
3626 4460 3759 4515 ergo
3804 4448 3894 4499 bis

2291 4538 2537 4590 omnibus
2582 4536 2839 4605 fruamur,
2886 4540 3063 4592 omnia
3096 4554 3215 4608 qua:
3245 4538 3517 4600 accidunt,
3549 4552 3757 4607 quzeso,
3805 4536 3892 4592 fe-

2293 4647 2493 4695 ramus,
2530 4647 2622 4700 per
2652 4635 2829 4686 omnia
2882 4633 3048 4687 Deum
3094 4632 3484 4702 glorificantes,
3535 4631 3662 4700 quia
3707 4630 3893 4699 ipsum

2294 4722 2449 4776 decet
2488 4724 2678 4793 gloria,
2728 4724 2919 4787 honor,
2954 4724 3261 4791 imperium,
3306 4738 3407 4775 una
3452 4737 3572 4777 cum
3608 4722 3897 4791 ttnigcnito

2294 4810 2409 4873 ejus
2450 4807 2583 4861 Filio
2629 4819 2683 4862 et
2723 4819 2909 4863 sancto
2956 4807 3180 4877 Spiritu,
3229 4823 3373 4862 nunc
3400 4818 3454 4862 et
3478 4820 3716 4875 semper,
3748 4816 3806 4859 et
3837 4810 3897 4861 in

2296 4900 2489 4952 saccum
2519 4901 2857 4954 sweulorum.
2904 4908 3098 4953 Amen.

610 5132 2512 5156 Μ

1924 5224 2264 5287 HOMlLIA
2314 5230 2481 5291 Vill.

618 5375 861 5445 Ejusdem
906 5374 1113 5427 humilia
1155 5374 1323 5425 habita
1364 5374 1417 5425 in
1458 5372 1666 5424 ecclesia
1708 5370 1885 5435 Pauli,
1918 5370 2095 5427 Gal/iis
2122 5371 2199 5423 le-

686 5468 915 5537 gentibus
945 5471 1040 5534 (τι),
1076 5476 1335 5536 postquam
1369 5466 1622 5535 presbyter
1646 5462 1837 5518 Gothus
1864 5466 2195 5517 concionatus

682 5562 844 5628 fuerat
868 5558 963 5629 (ιι).

677 5673 752 5733 (a)
771 5672 893 5735 Vide
916 5685 1024 5735 qum
1049 5673 1137 5719 hac
1157 5671 1220 5719 de
1245 5683 1300 5719 re
1324 5670 1607 5735 dirimusin
1632 5668 1830 5735 biennio.

676 5731 745 5795 (ο)
783 5734 899 5798 Haec
924 5731 975 5798 et
1006 5746 1221 5798 sequens
1248 5732 1435 5798 humilia
1462 5746 1486 5779 a
1507 5733 1620 5798 _Chr.
1650 5731 1737 5798 Fr.
1760 5731 2003 5798 Matthaeio
2043 5732 2186 5781 editae

619 5794 730 5846 sunt
764 5800 808 5845 in
834 5796 1000 5847 libello
1025 5794 1316 5855 adtdemico,
1342 5794 1671 5856 \"itembcrgte
1702 5794 1833 5843 180:.

2380 5381 2424 5431 f.
2474 5378 2673 5433 Vellem
2704 5379 2893 5432 adesse
2920 5378 3137 5432 Gr.ecos
3165 5376 3351 5439 hodie,
3386 5388 3441 5428 ut
3472 5390 3587 5443 quae
3613 5374 3745 5427 lecta
3770 5388 3905 5430 sunt

2303 5477 2552 5529 audirent
2597 5487 2650 5528 et
2700 5476 2971 5528 discerent
3020 5483 3215 5541 quanta
3276 5472 3345 5523 sit
3388 5470 3639 5523 Crucihsi
3701 5471 3900 5532 virtus,

2304 5582 2497 5638 quanta
2530 5569 2705 5622 erucis
2734 5576 2970 5635 potestas
2992 5606 3006 5629 ,
3050 5574 3245 5632 quanta
3291 5561 3552 5615 Ecclesia:
3604 5562 3863 5615 nobilitas
3885 5605 3901 5627 ,

2302 5673 2495 5733 quanta
2528 5662 2648 5717 iidf’i
2682 5662 2925 5725 firmitas,
2956 5668 3148 5727 quanta
3178 5657 3377 5711 erroris
3406 5655 3703 5721 turpitudo,
3731 5670 3905 5723 quan-

2308 5769 2355 5811 ta
2388 5756 2688 5810 daemonum
2723 5753 2916 5809 irrisio.
2938 5751 3148 5807 Etenim
3169 5766 3286 5820 qtae
3306 5749 3753 5820 philosophorum
3780 5757 3903 5802 sunt
