4034 6432
167 283 276 342 499.

161 411 252 463 καὶ
291 408 396 463 οὐκ
435 407 615 464 ἐῶσαν
642 407 754 463 τῶν
787 407 1110 480 πειρασμῶν
1145 409 1207 462 τὸ
1238 409 1441 479 πλῆθος
1474 409 1859 482 περιγενέσθαι

160 495 267 550 τῶν
295 497 701 570 κηρυττόντων,
730 499 825 550 καὶ⁹
854 496 1027 550 ταῦτα
1049 496 1248 565 ὀλίγων
1270 497 1460 560 ὄντων,
1477 497 1568 551 διὰ
1585 497 1859 551 τοσούτων

161 581 435 654 κρατῆσαι
476 583 842 654 κωλυμάτων.
867 585 935 637 EI
955 601 1037 648 τις
1072 581 1164 637 οὖν
1195 583 1438 654 βούλοιτο
1470 586 1618 657 σαφῆ
1649 585 1861 656 λαμϐά-

159 686 271 723 νειν
299 669 581 736 ἀπῶειξιν
608 671 705 724 τοῦ
737 670 889 725 θείαν
911 667 1050 725 εἶναι
1081 671 1314 742 δύναμιν
1341 671 1442 744 τὴν
1467 674 1600 742 ἡμῖν
1631 671 1862 743 ἐνηχοῦ-

163 780 282 824 σαν,
311 763 444 827 τοὺς
486 765 835 836 πειρασμοὺς
876 762 1227 835 λαμϐανέτω,
1256 764 1383 828 τοὺς
1427 763 1729 827 κινδύνους,
1762 764 1863 829 τὰς

161 850 400 914 ἁλύσεις,
435 850 506 903 τά
529 850 902 923 δεσμωτήρια.
931 852 1005 905 Ού
1043 851 1154 923 γὰρ
1194 852 1344 904 ἐστὶν
1377 852 1727 923 ἀνθρωπίνης
1771 853 1865 905 δυ-

159 938 382 1006 νάμεως
412 937 504 991 διὰ
541 939 816 991 τοσούτων
841 939 1115 1010 κρατῆσαι
1147 938 1432 1010 κρημνῶν,
1473 939 1561 991 διὰ
1591 939 1864 992 τοσούτων

163 1026 396 1078 πλεῦσαι
432 1028 721 1096 κυμάτων,
768 1026 857 1080 διά
891 1026 1164 1080 τοσούτων
1207 1028 1459 1097 χωρῆσαι
1499 1022 1691 1097 βελῶν,
1727 1028 1864 1082 ἀλλά

162 1113 316 1175 θείας
356 1115 451 1166 καὶ
485 1115 702 1183 ἀμάχου
747 1115 922 1168 ταῦτα
966 1115 1168 1186 ἰσχύος.
1215 1116 1378 1168 Ὥστε
1426 1115 1722 1184 βεϐαίωσις
1768 1116 1862 1170 τοῦ

163 1198 490 1268 εύαγγεῖίου
520 1203 552 1271 ἡ
589 1202 804 1268 ἆλυσις,
831 1205 928 1255 οὐκ
957 1203 1188 1266 ἐκείνοις
1221 1205 1402 1273 μόνον,
1438 1204 1577 1258 ἀλλά
1610 1206 1704 1258 καὶ
1735 1207 1865 1276 ἡμῖν

161 1294 276 1352 τοῖς
302 1291 574 1360 πάσχουσι
596 1308 610 1320 ·
636 1292 1039 1363 δοκιμωτέρους
1061 1294 1170 1364 γὰρ
1191 1296 1342 1364 ἡμᾶς
1371 1295 1687 1365 ἐργάζεται,
1727 1297 1869 1366 ἰσχυ-

165 1379 450 1449 ροτέρους,
479 1381 680 1450 μᾶλλον
714 1385 1078 1452 καταφρονεῖν
1115 1386 1259 1434 ποιεῖ
1285 1383 1395 1434 τῶν
1429 1384 1756 1437 ἐπιϐούλων.
1778 1383 1867 1436 Διὸ

166 1468 257 1518 καὶ
287 1467 498 1534 ἔλεγεν.
537 1469 607 1522 'II
635 1469 842 1536 θλῖψις
882 1469 1205 1538 ὑπομονὴν
1245 1472 1675 1542 κατεργάζεται,
1727 1476 1764 1540 ἡ
1801 1473 1870 1526 δὲ

163 1556 450 1623 ὑπομονὴ
475 1555 755 1624 δοκιμὴν,
776 1559 813 1625 ἠ
835 1557 903 1610 δὲ
919 1557 1135 1626 δοκιμὴ
1167 1559 1407 1625 ἐλπίδα,
1435 1562 1472 1627 ἡ
1499 1561 1569 1613 δὲ
1591 1560 1769 1628 ἐλπίς
1797 1563 1868 1616 οὺ

164 1658 586 1712 καταισχυνει.

233 1741 298 1789 ε’.
348 1735 514 1806 Ὁρᾷς
545 1735 662 1798 πῶς
691 1738 723 1806 ή
763 1734 942 1806 θλίψις
972 1735 1185 1807 βεϐαιοῖ
1211 1738 1270 1790 τὸ
1287 1736 1654 1806 Εὐαγγέλιον;
1687 1736 1862 1807 Διάδὴ

166 1819 320 1895 [570]
364 1822 525 1875 τοῦτο
560 1824 655 1876 καὶ
685 1823 922 1893 ἀλλαχοῦ
955 1824 1198 1877 αἰτοῦντι
1227 1823 1378 1895 αὐτῷ
1406 1825 1514 1878 τῶν
1549 1825 1874 1896 πειρασμῶν

165 1908 531 1979 ἀπαλλαγήν,
568 1910 662 1962 καὶ
712 1910 976 1974 πολλάκις
1017 1911 1166 1981 ὑπὲρ
1220 1911 1428 1964 τούτων
1483 1911 1873 1983 προσελθόντι,

165 1998 368 2066 ἦκουεν
389 2012 403 2026 ο
443 1995 635 2063 Ἀρκεῖ
658 2012 758 2050 σοι
791 1998 830 2065 ἡ
863 1997 1040 2066 χάρις
1053 2016 1174 2068 μου
1194 2013 1209 2028 ’
1246 1999 1285 2066 ἡ
1326 1999 1436 2068 γὰρ
1465 1997 1722 2067 δύναμίς
1754 2015 1876 2068 μου

164 2084 236 2136 ἐν
265 2085 562 2152 ἀσθενείᾳ
599 2084 954 2140 τελειοῦται.
994 2086 1304 2142 Ἀσθένειαν
1333 2084 1569 2139 ἐνταῦθα
1597 2087 1726 2150 τοὺς
1750 2085 1877 2139 διω-

169 2174 352 2245 γμοὺς
405 2173 606 2239 κα.λεῖ,
654 2175 784 2237 τοὺς
817 2176 1195 2247 πειρασμοὺς,
1241 2176 1366 2240 τοὺς
1416 2175 1731 2239 κινδύνους,
1778 2174 1879 2238 τὰς

171 2261 500 2325 ἐπιϐουλὰς,
539 2262 640 2326 τάς
665 2263 951 2335 ἐπηρείας.
991 2265 1060 2317 ⁸0
1094 2263 1152 2316 δὲ
1189 2262 1363 2332 λέγει,
1403 2264 1648 2318 τοιοῦτόν
1691 2266 1839 2318 ἐστιν
1861 2278 1876 2293 ο

175 2349 490 2420 Ἦδυνάμην
500 2347 672 2410 ταῦτα
691 2351 956 2416 κωλῦσαι,
982 2351 1140 2422 φησὶ,
1161 2352 1257 2406 καὶ
1288 2351 1481 2404 σϐέσαι
1505 2351 1599 2404 τὸν
1620 2351 1878 2422 πόλεμον,

169 2436 266 2489 καὶ
308 2436 633 2492 ἀναστεῖλαι
664 2437 735 2492 τὰ
774 2437 1016 2509 κύματα,
1051 2438 1170 2492 ἀλλ’
1203 2440 1308 2493 οὐκ
1342 2439 1602 2509 ἐποίησα,
1639 2441 1727 2494 ἵνα
1757 2457 1880 2511 μει-

171 2524 344 2588 ζόνως
376 2528 411 2595 ἡ
454 2526 690 2597 δύναμίς
733 2545 836 2597 μου
873 2528 1081 2600 δειχθῇ.
1133 2529 1209 2582 Οὐ
1241 2529 1353 2598 γὰρ
1404 2527 1579 2593 οὕτως
1607 2528 1884 2584 ἐδείκνυτο

171 2613 341 2668 αὑτοῦ
376 2618 410 2686 ή
448 2614 700 2686 δύναμις,
742 2616 950 2670 τούτων
995 2618 1073 2686 μὴ
1106 2618 1433 2688 γινομένων,
1475 2618 1551 2681 ὼς
1581 2618 1882 2687 γινομένων

175 2703 297 2772 μὲν,
326 2704 432 2756 ούκ
478 2703 777 2773 ἰσχυόντων
822 2704 901 2758 δέ.
949 2705 1104 2759 Ἐπεὶ
1152 2707 1244 2759 καὶ
1278 2705 1629 2779 κυϐερνήτην
1674 2708 1884 2761 ἐκεῖνον

172 2790 398 2860 ἄριστον
429 2786 573 2844 εἷναί
599 2808 804 2862 φαμεν,
827 2794 889 2846 οὐ
911 2791 1003 2844 τὸν
1037 2793 1096 2845 ἐν
1127 2791 1349 2864 γαληνῷ
1380 2792 1564 2863 πόντῳ
1582 2792 1884 2864 δυνάμενον

174 2877 541 2932 κατευθύνειν
574 2879 636 2932 τὸ
671 2880 899 2949 σκάφος,
935 2881 1072 2935 ἀλλά
1102 2881 1194 2934 τὸν
1233 2879 1436 2951 μεταξὺ
1470 2881 1751 2936 σκοπέλων
1786 2883 1883 2949 καὶ

175 2970 445 3040 κυμάτων
469 2970 568 3023 καὶ
591 2969 879 3041 χειμώνων
909 2972 1004 3025 καὶ
1036 2971 1366 3042 πνευμάτων
1389 2971 1730 3034 διασώζοντα
1755 2973 1882 3035 τοὺς

176 3059 522 3129 ἐμπλέοντας
543 3075 557 3088 ·
599 3059 696 3111 καὶ
747 3059 930 3129 ἰατρὸν
953 3102 975 3125 ,
1001 3059 1094 3113 τὸν
1145 3059 1357 3132 μυρίων
1405 3062 1732 3132 νοσημάτων
1764 3063 1885 3114 ἐπι-

176 3146 456 3216 κειμένων
514 3145 899 3216 ἐξαρπάξοντα
932 3147 1025 3201 τὸν
1060 3148 1340 3219 κάμνοντα
1364 3162 1381 3178 ⁸
1418 3151 1510 3203 καὶ
1557 3150 1885 3221 στρατηγὸν,

177 3234 271 3286 τὸν
307 3232 655 3304 πανταχόθεν
707 3234 984 3306 πολεμίων
1030 3235 1394 3289 ἐπιτεθέντων
1437 3237 1533 3290 καὶ
1580 3236 1887 3306 βαλλόντων

180 3321 486 3391 δυνάμενον
513 3321 714 3391 στῆσαι
742 3321 802 3375 τὸ
825 3324 1086 3393 τρόπαιον
1105 3338 1121 3355 ⁸
1143 3327 1237 3377 καὶ
1265 3323 1522 3396 ποιμένα,
1551 3325 1643 3378 τὸν
1674 3325 1889 3396 μυρίων

181 3409 369 3463 λύκων
401 3410 771 3484 ἐπικειμένων
806 3413 900 3466 καὶ
933 3413 1139 3483 ἐτέρων
1185 3413 1489 3467 ἐπιϐούλων
1526 3413 1891 3484 διατηροῦντα

179 3498 284 3567 τὴν
315 3497 522 3569 ἀγέλην
567 3500 628 3552 ἐν
661 3498 956 3571 ἀσφαλείᾳ.
999 3499 1159 3555 οὕτω
1205 3501 1270 3573 δὴ
1301 3502 1397 3556 καὶ
1428 3502 1550 3556 τότε
1594 3501 1754 3555 τοῦτο
1785 3502 1892 3573 μά-

181 3587 346 3641 λιστα
365 3588 538 3641 ἐποίει
567 3587 632 3641 τὸ
657 3587 864 3655 θαῦμα,
886 3589 966 3641 ὅτι
990 3589 1054 3660 δή
1085 3590 1257 3662 μυρία
1287 3593 1594 3661 πάσχοντες
1625 3592 1891 3661 ἐκράτουν

183 3676 281 3728 καὶ
309 3675 696 3747 περιεγένοντο
735 3676 844 3728 τῶν
890 3678 1191 3732 ποιούντων
1225 3680 1427 3733 αὐτῶν.
1460 3680 1588 3733 Ὀτε
1637 3681 1768 3749 γοῦν
1802 3681 1892 3734 τὸν

187 3764 400 3834 Πέτρον
427 3765 523 3817 καὶ
549 3764 643 3817 τὸν
677 3765 948 3837 Ἰωάννην,
976 3766 1067 3820 τὸν
1092 3767 1208 3821 υἰὸν
1240 3767 1342 3839 τῆς
1378 3767 1630 3840 βροντῆς,
1668 3767 1763 3823 καί
1792 3769 1894 3841 τὴν

184 3852 434 3922 κρηπῖδα
470 3853 570 3923 τῆς
595 3853 856 3916 πίστεως,
888 3856 967 3918 εἰς
1005 3855 1381 3928 δεσμωτήριον
1415 3858 1688 3923 ἐνέϐαλον,
1717 3860 1894 3930 ἐννόη-

188 3957 284 3994 σον
312 3941 432 4005 πῶς
462 3941 778 4011 ἀφεθέντων
803 3943 982 3996 αὐτῶν
1008 3945 1378 4016 διαποροῦσιν.
1414 3947 1742 4016 Ἀγαγόντες
1763 3947 1894 4016 γοῦν

187 4029 418 4093 αὐτοὺς,
455 4032 514 4082 ἐν
569 4033 722 4101 μέσῳ
759 4031 855 4084 τοῦ
896 4032 1128 4104 θεάτρου
1163 4033 1416 4102 λέγουσι’
1456 4036 1517 4089 Τί
1555 4035 1896 4106 ποιήσομεν

188 4118 318 4185 τοῖς
342 4117 682 4187 ἀνθρώποις
721 4120 1291 4184 τούτοιςμἸουδαῖοι
1333 4123 1381 4175 οί
1426 4125 1658 4194 αῖμασιν
1701 4125 1894 4196 ἐντρα-

190 4207 388 4277 φέντες
419 4210 804 4278 προφητικοϊς,
846 4208 1017 4279 δῆμος
1063 4209 1324 4281 μεμηνὼς
1357 4212 1453 4264 καὶ
1481 4212 1718 4276 λυσσῶν,
1758 4215 1788 4266 6
1827 4212 1897 4267 τὰ

192 4296 566 4368 θυσιαστήρια
594 4298 980 4366 κατασκάψας,
1010 4301 1038 4351 6
1066 4302 1192 4362 τοὺς
1223 4301 1511 4371 προφήτας
1541 4301 1894 4366 ἀποκτείνας,

191 4389 221 4440 ὁ
249 4387 433 4456 φόνοις
458 4386 917 4456 συνανατραιιςεὶς,
944 4389 972 4440 6
1001 4386 1204 4457 θηρίων
1235 4388 1594 4461 ἀγριώτερος,
1632 4394 1660 4443 ὁ
1685 4390 1898 4455 στάζων

193 4475 305 4528 ἀπὸ
330 4474 427 4527 τοῦ
450 4474 684 4543 αἵματος
706 4473 788 4527 ἔτι
816 4473 911 4526 τοῦ
942 4474 1287 4541 δεσποτικοῦ,
1317 4480 1346 4530 6
1372 4480 1692 4550 σταυρώσας
1711 4495 1726 4510 ο
1744 4474 1900 4544 οὗτος

195 4565 290 4617 δύο
339 4562 524 4616 λαϐὼν
575 4563 762 4626 ἁλιέας
812 4564 1252 4635 ἀγραμμάτους,
1307 4565 1554 4631 ἰδιώτας,
1611 4569 1897 4639 ἀσήμους,

201 4653 404 4724 ἰχθύων
454 4652 861 4723 ἀφωνοτέρους,
912 4648 986 4705 ὧν
1019 4653 1245 4725 θάτερος
1279 4646 1400 4709 ούδὲ
1456 4658 1704 4728 θυρωροῦ
1735 4658 1899 4729 ψιλὴν

197 4742 432 4812 ἀπειλὴν
460 4741 698 4812 ἤνεγκε·
727 4742 949 4805 τούτους
983 4743 1046 4814 δὴ
1079 4744 1357 4808 λαϐόντες,
1392 4747 1451 4797 ἐν
1491 4747 1640 4816 μέσῳ
1683 4748 1900 4818 ἔχοντες

198 4831 558 4900 δεδεμένους,
601 4831 880 4899 γυμνοὺς,
929 4833 990 4885 ού
1037 4834 1341 4904 χρημάτων
1396 4825 1898 4908 περιϐεϐλημένους

201 4917 548 4990 περιουσίαν,
582 4918 643 4970 ού
679 4920 948 4989 σωμάτων
986 4922 1161 4991 ἰσχὺν,
1202 4923 1262 4974 ού
1295 4922 1467 4995 λόγων
1498 4922 1798 4995 δεινότητα,
1835 4927 1896 4978 ού

813 293 925 348 VIII
972 291 1280 361 HOMILIA,
1327 293 1584 350 HABITA
1625 290 2005 362 POSTQUAM
2047 288 2461 346 PRESBYTER
2502 285 2813 352 GUTHUS,
2859 283 3011 340 ETC.

3561 275 3669 335 500

1972 406 2258 479 ῥητορείας
2284 404 2536 475 δύναμιν,
2560 405 2622 456 ού
2656 403 2849 479 γένους
2879 400 3261 471 περιφάνειαν,
3299 402 3360 455 ού
3411 405 3673 475 πατρίδος

1973 495 2224 566 μέγεθος,
2246 494 2431 558 ἁλιέας
2449 495 2505 560 ἐξ
2527 493 2744 554 ἁλιέων,
2759 491 2962 562 ἐσχάτῃ
2979 490 3225 561 πτωχείᾳ
3249 494 3671 562 συνεστηκότας,

1971 583 2270 656 ἀποροῦσιν
2291 583 2344 635 τί
2378 583 2563 645 αὐτοῖς
2583 583 2899 653 χρήσονται,
2919 577 3013 632 καί
3045 595 3177 646 φασι
3201 596 3214 609 ⁸
3243 581 3305 634 Τί
3334 580 3679 650 ποιήσομεν

1973 673 2098 739 τοῖς
2120 672 2458 742 ἀνθρώποις
2488 673 2760 737 τούτοις;
2801 669 2964 740 Ὁρᾷς
3008 668 3198 736 ἡλίκον
3241 670 3444 742 ἀρετή;
3474 669 3592 734 πῶς
3627 672 3677 724 οἰ

1974 764 2276 832 πειρασμοὶ
2305 761 2600 831 βεϐαίωσις
2633 757 2728 812 τοῦ
2756 757 3079 826 εὐαγγελίου
3103 774 3116 822 ;
3156 758 3265 811 Καὶ
3291 758 3515 826 λέγουσι
3542 759 3680 828 πρὸς

1973 851 2199 913 αύτούς·
2232 852 2315 903 Οὐ
2344 847 2717 919 παραγγελία
2751 846 3238 916 παρηγγείλαμεν
3267 847 3412 916 ὑμῖν
3452 847 3532 915 μὴ
3567 852 3680 902 λα-

1973 938 2108 993 λεῖν
2138 937 2235 991 ἐπὶ
2261 938 2340 1004 τῷ
2366 936 2611 1006 ὀνόματι
2636 939 2859 1000 τούτῳ;
2889 935 2997 989 Καὶ
3021 935 3332 999 ,βούλεσθε
3355 935 3685 1005 ἐπαγαγεῖν

1972 1028 2066 1091 ἐφ’
2099 1025 2261 1095 ἡμᾶς
2293 1026 2360 1078 τὸ
2385 1021 2530 1094 αἷμα
2562 1024 2669 1078 τοῦ
2692 1023 3010 1092 ἀνθρώπου
3035 1024 3272 1078 τούτου.
3305 1022 3369 1076 Εἰ
3393 1024 3682 1094 ἄνθρωπός

1976 1118 2094 1168 ἐστι
2116 1114 2291 1183 ψιλὸς,
2322 1113 2376 1164 τί
2405 1113 2650 1174 δέδοικας
2677 1129 2690 1176 ;
2722 1115 2770 1164 εἰ
2801 1113 2858 1165 δὲ
2889 1111 3022 1174 Θεός
3055 1114 3192 1176 ἐστι,
3225 1112 3372 1176 τίνος
3407 1114 3593 1167 ἕνεκεν
3619 1115 3680 1167 ού

1977 1204 2345 1274 προσκυνεῖς;
2374 1202 2488 1254 Οὐκ
2528 1201 2688 1263 ἐϐόας
2731 1199 2925 1271 πρώην
2964 1201 3160 1268 λέγων,
3201 1201 3272 1256 Τὸ
3314 1198 3459 1270 αἷμα
3492 1203 3684 1256 αὑτοῦ

1975 1292 2069 1360 ἐφ’
2107 1289 2268 1360 ἡμᾶς
2310 1292 2408 1344 καὶ
2437 1291 2536 1344 ἐπὶ
2574 1295 2647 1343 τὰ
2681 1290 2864 1344 τέκνα
2903 1288 3110 1359 ὴμῶν;
3143 1291 3307 1344 πόθεν
3349 1292 3594 1352 δέδοικας
3625 1291 3686 1344 τὸ

1979 1374 2238 1450 αἷμαςτί
2287 1396 2378 1431 σου
2409 1380 2507 1449 τὴν
2551 1379 2792 1431 διάνοιαν
2832 1379 3134 1445 διέσεισεν;
3179 1381 3279 1432 ούκ
3312 1380 3544 1446 ἐδησα;;
3583 1381 3686 1433 ούκ

1978 1469 2317 1539 ἐμάστιξας;
2349 1469 2448 1520 οὐκ
2479 1470 2871 1537 ἐσταύρωσας;
2905 1468 2964 1519 ού
3003 1468 3194 1539 νεκρὸν
3220 1462 3358 1530 εἶδες
3388 1467 3685 1539 καθαιρού-

1983 1575 2143 1627 μενον
2182 1557 2293 1609 ἀπὸ
2322 1555 2417 1609 τοῦ
2460 1555 2731 1626 σταυροῦ;
2766 1556 2826 1607 ού
2865 1556 3206 1624 θαπτόμενον
3239 1555 3470 1612 ἐθεάσω,
3496 1559 3590 1610 καὶ
3616 1560 3684 1627 τῇ

1979 1649 2051 1715 γῇ
2077 1645 2492 1716 κρυπτόμενον;
2520 1647 2580 1698 ού
2613 1647 2904 1716 σήμαντρα
2934 1645 3212 1715 ἐπέθηκας
3233 1644 3309 1716 τῷ
3356 1646 3548 1715 τάφῳ;
3586 1645 3690 1698 οὐκ

1979 1734 2155 1805 ἐπρίω
2186 1735 2313 1798 τοὺς
2335 1733 2712 1805 στρατιώταςς
2747 1734 2806 1787 ού
2836 1735 3028 1805 φήμην
3056 1732 3394 1804 διέσπειρας,
3432 1734 3514 1788 ὅτι
3537 1734 3690 1786 ἐκλε-

1978 1819 2088 1890 qm
2119 1821 2284 1874 αὑτὸν
2305 1823 2354 1874 οἰ
2390 1822 2672 1892 μαθηταί;
2715 1820 2780 1875 Τί
2803 1822 3051 1885 δέδοικας
3080 1820 3210 1885 νῦν;
3248 1822 3299 1875 τί
3338 1823 3562 1894 τρέμεις
3592 1823 3691 1877 a6-

1980 1911 2074 1964 τοῦ
2097 1910 2157 1964 τὸ
2178 1905 2358 1981 αἷμα;
2386 1911 2553 1983 Ὁρᾷς
2574 1911 2675 1979 τὴν
2696 1911 2954 1980 ἀλήθειαν
2975 1909 3066 1964 διὰ
3090 1910 3309 1965 πάντων
3330 1911 3688 1982 λάμπουσανξ

1994 1998 2214 2070 Ἐπειδὴ
2249 1999 2359 2070 γάρ
2398 1995 2537 2052 εἶδον
2574 1999 2715 2070 μετά
2761 1998 2860 2070 τὴν
2905 1998 3198 2070 ἐπιϐουλὴν
3224 2012 3248 2039 ι
3283 2000 3504 2070 ἐκείνην
3538 1997 3734 2074 15711,

1981 2089 2041 2140 τὸ
2065 2088 2298 2158 πρᾶγμα
2329 2087 2642 2158 αἰρόμενον,
2665 2088 2760 2141 καὶ¹
2780 2087 2850 2140 τά
2876 2087 3143 2158 προοίμια
3165 2087 3397 2160 λαμπρὰ
3426 2089 3520 2143 καὶ
3539 2089 3693 2162 ἡλίου

1984 2176 2258 2247 φανότερα
2291 2176 2388 2228 καὶ
2419 2173 2480 2240 ἐξ
2510 2175 2684 2243 αὐτῆς
2723 2175 2826 2243 τῆς
2859 2173 3112 2245 βαλϐῖδος
3141 2169 3573 2245 ἐπιδεικνύμενα
3611 2176 3695 2230 δτι

1985 2265 2168 2318 πᾶσαν
2216 2262 2414 2334 ἀθρόον
2455 2262 2835 2333 καταλήψεται
2880 2261 2981 2334 τὴν
3015 2262 3386 2333 οἰκουμένην,
3431 2262 3527 2315 καὶ¹
3574 2263 3695 2317 κατ’

1983 2351 2162 2423 ἄκρας
2194 2351 2379 2404 ἐλάσει
2423 2350 2524 2422 τὴν
2568 2350 2801 2421 πλάνην,
2842 2352 2939 2405 καὶ
2968 2349 3092 2404 οὐδὲ
3131 2351 3376 2418 ἐνεγκεῖν
3402 2348 3697 2421 δυνήσεται
3743 2365 3746 2368 ·

1984 2441 2084 2512 τὴν
2115 2439 2322 2509 ἄφατον
2357 2439 2525 2494 αὑτοῦ
2561 2439 2744 2511 ῥύμην
2789 2440 2886 2492 καὶ
2931 2437 3031 2509 τὴν
3076 2437 3308 2509 δύναμιν
3332 2453 3348 2470 ο
3399 2437 3698 2502 δεδοίκασι,

1985 2527 2250 2600 τρέμουσι
2288 2529 2416 2593 τοὺς
2435 2527 2746 2599 δεσμώτας.
2781 2527 2910 2591 τοὺς
2950 2526 3302 2590 καταδίκους,
3342 2527 3469 2590 τοὺς
3504 2542 3702 2596 μαστισ

1987 2614 2243 2686 χθέντας,
2269 2616 2394 2678 τοὺς
2448 2613 2962 2677 ἐπιϐουλευθέντας.
2989 2615 3119 2677 τοὺς
3147 2613 3262 2676 δύο,
3293 2614 3425 2676 τοὺς
3460 2613 3700 2675 ἰδιώτας.

1986 2703 2087 2757 Διά
2110 2703 2284 2756 ταῦτα
2317 2701 2531 2765 Παῦλος
2559 2701 2855 2772 βεϐαίωσιν
2879 2701 3205 2771 εὐαγγελίου
3237 2702 3394 2755 καλεῖ
3427 2702 3556 2766 τοὺς
3579 2719 3703 2755 πει-

1989 2790 2238 2864 ρασμούς
2259 2807 2272 2820 ·
2298 2790 2386 2844 διὰ
2414 2789 2591 2844 ταῦτα
2633 2790 2729 2844 καὶ
2769 2787 3008 2860 ἀλλαχοῦ
3057 2806 3194 2860 φησι
3217 2807 3230 2819 ·
3255 2789 3597 2843 Γινώσκειν
3635 2789 3705 2843 δὲ

1986 2879 2144 2949 ὑμᾶς
2166 2881 2472 2949 ,βούλομαι
2498 2919 2513 2943 ,
2564 2879 2820 2947 ἀδελφοί
2847 2920 2861 2943 ,
2892 2878 2982 2931 ὅτι
3036 2878 3104 2931 τὸ
3139 2879 3268 2932 κατ’
3309 2877 3417 2948 ἐμὲ
3460 2877 3706 2949 μᾶλλον

1986 2970 2075 3034 εἰς
2114 2967 2438 3036 προκοπὴν
2463 2965 2573 3020 τοῦ
2590 2965 2966 3036 [εὐαγγελίου
2997 2965 3305 3032 ἐλήλυθεν
3324 2983 3337 2996 °
3370 2965 3528 3019 ὥστε
3561 2965 3706 3033 τοὺς

1988 3059 2277 3123 πλείονας
2326 3053 2448 3109 τῶν
2485 3051 2772 3123 ἀδελφῶν
2815 3053 2885 3107 ἐν
2930 3055 3133 3123 Κυρίῳ
3169 3058 3538 3120 πεποιθότας
3577 3054 3706 3122 τοῖς

1988 3146 2237 3216 δεσμοῖς
2261 3163 2406 3216 μου,
2438 3144 2891 3216 περισσοτέρως
2915 3142 3152 3214 τολμᾷν
3197 3146 3437 3214 ἀφόϐως
3462 3145 3570 3198 τὸν
3609 3146 3707 3198 λό-

1991 3250 2101 3306 γον
2127 3235 2364 3287 λαλεῖν.
2398 3235 2494 3296 Τίς
2541 3228 2672 3294 εἶδε,
2714 3234 2800 3298 τίς
2832 3234 3090 3304 ἤκουσεν,
3140 3234 3222 3286 ὅτι
3273 3232 3451 3304 δεσμά
3500 3231 3707 3306 θάρσος

1993 3325 2161 3384 ποιεῖ,
2190 3323 2284 3376 καὶ
2320 3323 2511 3384 ἅλυσις
2539 3323 2857 3394 παρρησίαν
2883 3321 3205 3394 ἐργάζεται,
3233 3322 3297 3375 ού
3334 3321 3414 3392 τῷ
3435 3321 3707 3392 δεδεμένῳ

1997 3410 2178 3481 μόνον,
2212 3409 2349 3463 ἀλλά
2390 3410 2631 3474 καὶτοῖς
2677 3410 3187 3482 μαθητευομένοιςς
3231 3409 3371 3462 Ἀλλ’
3402 3411 3575 3480 ὅμως,
3616 3410 3706 3463 ὅτε

1993 3497 2169 3553 ταῦτα
2192 3499 2220 3538 b
2252 3500 2488 3568 ἐγίνετο,
2527 3499 2618 3552 διὰ
2663 3498 2772 3552 τῶν
2829 3496 3090 3552 ἐναντίων
3117 3498 3181 3551 τὸ
3219 3499 3488 3570 κήρυγμα
3518 3498 3706 3568 ᾔρετο,

2005 3589 2102 3641 καὶ
2140 3588 2190 3640 οἰ
2224 3588 2488 3658 μαθηταὶ,
2522 3587 2617 3644 τοῦ
2643 3587 2971 3641 διδασκάλου
3013 3586 3431 3658 πολεμουμένου
3463 3589 3558 3640 καὶ
3589 3589 3706 3641 ἐπι·

1997 3677 2392 3749 ϐουλευομένου
2417 3679 2512 3732 καὶ
2533 3678 2931 3750 δεσμουμένου,
2957 3678 3161 3748 μᾶλλον
3188 3677 3482 3750 ἐθάρρουν,
3505 3677 3708 3749 μᾶλλον

1994 3769 2286 3840 ἐσκίρτων,
2312 3769 2516 3840 μᾶλλον
2534 3769 2772 3840 ἐπήδων.
2794 3768 3134 3841 Ἐπῃνέσατε
3155 3769 3222 3823 τὰ
3247 3769 3519 3840 εἰρημένα
3543 3786 3557 3833 ς
3583 3772 3711 3822 Λοι-

1998 3858 2100 3911 πδν
2136 3858 2513 3930 μιμησώμεθα
2541 3856 2640 3929 τὴν
2670 3857 2951 3932 ἀνδρείαν,
2983 3857 3323 3928 ζηλώσωμεν
3347 3858 3449 3930 τὴν
3479 3858 3706 3927 ἀρετὴν,

1998 3949 2094 4001 καὶ
2130 3947 2298 4018 μηδὲν
2338 3949 2489 4019 ήμάς
2525 3947 2782 4007 πτοείτω,
2817 3945 2986 4018 μηδὲν
3025 3946 3329 4018 θορυϐείτω
3363 3944 3473 3998 τῶν
3507 3962 3709 4016 πειρα-

2001 4036 2189 4108 σμῶν·
2223 4035 2402 4090 ταῦτα
2445 4037 2552 4106 γὰρ
2594 4036 2827 4106 ἀμματα
2853 4036 2951 4106 τῆς
2986 4034 3296 4100 εὐσεϐείας,
3321 4035 3496 4092 ταῦτα
3532 4033 3710 4107 πτερά

1999 4126 2098 4197 τῆς
2130 4124 2471 4196 φιλοσοφίας,
2508 4122 2686 4177 ταῦτα
2731 4124 2989 4196 ἰσχυροὺς
3033 4125 3130 4177 καὶ
3164 4123 3503 4195 ἀχειρώτους
3538 4139 3714 4177 κατα·

2005 4215 2286 4280 σκευάζει,
2305 4214 2481 4269 ταῦτα
2504 4213 2728 4267 πλείονα
2749 4214 2886 4284 πρὸς
2902 4213 2995 4266 τὸν
3013 4212 3147 4267 Θεὸν
3169 4214 3356 4267 δίδωσι
3377 4214 3477 4285 τὴν
3498 4215 3713 4286 παρρη-

2002 4305 2143 4368 σίαν,
2167 4304 2391 4375 μείζονα
2409 4305 2710 4357 ἐπισπᾶται
2733 4301 2830 4374 τὴν
2850 4300 3089 4365 εὔνοιαν,
3113 4301 3314 4372 πολλὴν
3329 4304 3713 4373 ἐπισκηνῶσαι

2001 4393 2271 4464 ποιεῖτὴν
2297 4393 2476 4464 χάριν.
2510 4393 2630 4446 Ἵνα
2662 4388 2754 4446 οῦν
2787 4391 3047 4446 ἁπάντων
3079 4390 3289 4444 τούτων
3318 4391 3707 4460 ἀπολαύωμεν,

2005 4483 2262 4552 φέρωμεν
2284 4481 2525 4545 ἅπαντα,
2567 4479 2896 4552 παρακαλῶ,
2921 4479 2990 4531 τὰ
3027 4479 3435 4550 συμπίπτοντα,
3463 4480 3552 4534 διὰ
3576 4481 3711 4532 πάν-

2003 4587 2110 4622 των
2132 4569 2223 4622 τὸν
2249 4569 2383 4622 θεὸν
2410 4569 2748 4634 δοξάζοντες,
2766 4570 2849 4621 ὅτι
2873 4568 3024 4638 αὺτῷ
3054 4567 3258 4637 πρέπει
3280 4567 3429 4634 δόξα,
3450 4569 3588 4639 τιμὴ
3615 4569 3712 4620 καὶ

2005 4655 2227 4724 κράτος,
2254 4656 2371 4724 ἅμα
2403 4655 2481 4726 τῷ
2513 4658 2798 4726 μονογενεῖ
2822 4653 2990 4709 αὑτοῦ
3022 4654 3137 4727 Υἱῴ
3163 4656 3257 4710 καὶ
3279 4655 3356 4727 τῷ
3380 4656 3521 4727 ἁγίῳ
3541 4655 3713 4710 Πνεύ-

2009 4761 2160 4813 ματι,
2179 4743 2272 4796 νῦν
2301 4745 2396 4796 καὶ
2417 4745 2523 4806 ἀεὶ,
2543 4746 2637 4798 καὶ
2658 4747 2736 4806 εἰς
2763 4745 2892 4807 τοὺς
2908 4743 3111 4808 αἰῶνας
3131 4744 3240 4797 τῶν
3256 4743 3491 4799 αἰώνων.
3511 4746 3708 4817 Ἀμήν.

2067 4832 2092 4859 ιι
2123 4830 2371 4879 Μειιιιιεείο
2399 4835 2621 4892 placeret
2643 4833 2885 4890 ιπιεολήν.

2067 4893 2097 4964 ξι
2147 4896 2437 4956 Suspicalur
2500 4895 2675 4944 Malm.
2725 4895 2998 4958 legendum
3051 4907 3213 4945 esse:
3268 4895 3374 4944 ἀλλ’
3418 4896 3551 4958 ὅμως
3601 4895 3712 4944 τότε

2003 4971 2157 5004 ταυτα
2166 4994 2174 5004 .

1771 5232 2017 5288 UMIAIA
2056 5232 2138 5287 H'.

212 5347 322 5404 τοῦ
355 5345 550 5402 αὑτοῦ
587 5346 794 5414 ὁμιλία
825 5348 1114 5417 λεχθεῖσα
1154 5351 1224 5403 ἐν
1254 5350 1328 5419 τῇ
1373 5350 1676 5419 ἐκκλησίᾳ.
1705 5350 1780 5419 τῇ
1809 5351 1910 5404 ἐπὶ

277 5419 553 5493 [laruam
600 5419 842 5493 Γότθων
886 5421 1310 5489 ἀναγνόντων,
1356 5425 1456 5479 καὶ
1495 5423 1908 5493 πρεσϐυτέρου

279 5492 512 5544 Γότθου
541 5488 1090 5557 προομιλήσαντος.

280 5615 346 5662 α’.
395 5607 738 5678 Ἐϐουλόμην
770 5615 1017 5682 παρεῖναι
1046 5612 1315 5686 ’Έλληνας
1337 5617 1595 5688 τήμερον,
1628 5617 1770 5670 ὥστε
1799 5617 1910 5669 τῶν

210 5696 649 5767 ἀνεγνωσμένων
677 5699 906 5754 ἀκοῦσαι
933 5705 1026 5755 καὶ
1054 5704 1245 5773 μαθεῖν
1277 5706 1418 5777 πόση
1447 5707 1540 5759 τοῦ
1568 5705 1912 5776 σταυρωθέν-

212 5801 298 5847 τος
338 5787 372 5856 ὴ
419 5788 609 5858 ἰσχὺς,
649 5788 790 5859 πόση
834 5791 926 5843 τοῦ
961 5792 1194 5864 σταυροῦ
1239 5796 1271 5864 ἡ
1313 5793 1574 5866 δύναμις,
1612 5796 1755 5865 πόση
1799 5798 1899 5865 τῆς

2015 5346 2670 5421 Ἐκκλησίαςήεύγένεια,
2687 5351 2828 5422 πόση
2852 5353 2953 5423 τῆς
2983 5350 3223 5412 πίστεως
3247 5351 3279 5420 ἡ
3305 5349 3542 5408 εὐτονία,
3568 5349 3713 5420 πόση

2009 5443 2108 5510 τῆς
2143 5440 2354 5508 πλάνης
2379 5441 2412 5510 ὴ
2433 5439 2688 5511 αἰσχύνη,
2722 5440 2890 5503 πόσος
2918 5439 3028 5492 τῶν
3056 5438 3328 5508 δαιμόνων
3351 5437 3379 5489 6
3410 5437 3605 5504 γέλως.
3632 5439 3715 5490 Τὰ

2015 5530 2115 5599 μὲν
2149 5530 2257 5601 γὰρ
2285 5529 2393 5582 τῶν
2421 5529 2727 5599 φιλοσόφων
2757 5529 2850 5581 καὶ
2883 5529 3038 5600 παρά
3068 5531 3182 5590 τοῖς
3210 5526 3515 5597 όμοφώνοις
3545 5543 3716 5579 κατα-

2010 5616 2251 5681 λέλυται,
2276 5617 2344 5670 τά
2373 5618 2427 5670 δὲ
2465 5617 2712 5689 ἡμέτερα
2739 5618 2833 5670 καὶ
2866 5618 3018 5687 παρά
3053 5615 3480 5687 ἑτερογλώσσοις
3508 5613 3713 5685 πολλὴν

2014 5706 2128 5776 ἔχει
2161 5706 2390 5776 δύναμιν
2411 5725 2423 5736 ·
2463 5709 2558 5760 καὶ
2586 5707 2654 5759 τά
2681 5706 2781 5776 μὲν
2805 5707 3051 5777 ἀράχνης
3086 5704 3454 5777 εὐκολώτερον
3488 5703 3716 5758 διεσπά-

2012 5797 2135 5866 σθη,
2174 5795 2243 5849 τὰ
2273 5795 2328 5850 δὲ
2357 5795 2665 5866 ἀδάμαντος
2695 5795 3052 5866 στερρότερον
3080 5794 3318 5865 πέπηγε.
