4034 6440
603 352 709 408 ξοδ

592 471 799 533 dentur,
842 466 931 523 sed
958 481 1072 538 qua:
1099 481 1198 519 non
1244 463 1476 522 ridentur
1527 460 1604 527 (9..
1653 457 1775 515 Cor.
1816 460 1871 515 4.
1918 458 2005 512 17.
2053 456 2163 526 18).

664 562 923 616 Abraham
959 558 1239 629 apostolica
1269 562 1519 625 pracepta
1547 552 1782 623 operibus
1824 550 2070 605 exhibuit.
2106 577 2174 598 .—

596 656 854 724 figressus
882 660 1056 705 autem
1096 662 1130 703 e
1176 646 1341 716 patria
1374 645 1563 700 beatus
1590 644 1675 698 hic
1703 640 1971 697 Abraham
1998 679 2013 706 ,
2048 653 2170 694 cum

592 751 643 797 in
673 746 844 799 aliena
873 739 1136 811 tugurium
1187 737 1391 793 ﬁxisset
1414 776 1430 799 ,
1476 733 1767 805 apostolica
1810 745 1998 787 rursus
2034 744 2173 800 pra:-

589 846 743 906 eepta
773 830 1311 903 operibus-exhibuit.
1347 829 1634 898 Poﬂquam
1655 826 1797 881 enim
1826 822 2169 894 splendidum

589 926 720 979 illud
781 934 1037 993 tropa-um
1084 929 1371 985 erexerat,
1420 916 1846 986 stupendamque
1890 912 2168 968 victoriam

598 1016 873 1077 retulerat,
905 1021 959 1068 et
983 1012 1239 1066 barbaros
1268 1011 1509 1072 vicerat,
1540 1023 1645 1062 non
1675 1007 1873 1060 virtute
1898 1003 2167 1074 corporis,

584 1096 681 1163 sed
728 1107 849 1161 fidei
882 1106 1157 1174 potentia,
1206 1118 1325 1157 enm
1353 1102 1421 1155 ah
1468 1101 1531 1155 iis
1575 1100 1663 1170 qui
1713 1098 1915 1154 servati
1960 1096 2171 1154 fuerant

586 1197 897 1265 mercedem
912 1198 1148 1269 laborum
1179 1195 1423 1263 accipere
1439 1192 1742 1261 jnberetur;
1768 1191 1999 1249 barbaro
2020 1204 2169 1244 nam-

587 1306 691 1361 que
720 1290 818 1345 sibi
850 1289 1061 1344 dicente
1080 1327 1095 1352 ,
1128 1286 1313 1354 Accipe
1362 1293 1416 1336 tu
1444 1298 1622 1351 equos,
1661 1290 1707 1336 et
1732 1282 1800 1334 sla
1829 1280 1968 1334 nobis
1993 1280 2167 1346 viros;

585 1383 711 1452 quid
735 1381 807 1437 ait
826 1381 849 1433 7
868 1378 1105 1435 Exteudo
1132 1365 1336 1431 manum
1363 1391 1526 1429 meum
1554 1374 1624 1427 ad
1653 1372 1813 1428 Deum
1840 1372 2163 1437 altissimum,

583 1475 631 1530 si
670 1488 906 1542 accepero
932 1487 965 1523 α
993 1481 1039 1523 te
1064 1486 1095 1523 a
1123 1467 1353 1539 funiculo
1380 1482 1537 1535 usque
1564 1467 1632 1518 ad
1658 1464 1926 1535 corrigiam
1967 1464 2167 1517 calcea-

586 1567 740 1620 mcuti
766 1564 784 1636 (
814 1561 941 1619 Ceu.
974 1563 1061 1617 Η.
1094 1561 1184 1616 21.
1213 1559 1302 1614 22.
1332 1559 1403 1613 25
1426 1558 1465 1630 ).
1516 1556 1703 1613 Viden’
1732 1553 2002 1627 quomodo
2028 1569 2165 1625 pra:-

584 1666 797 1726 ceptum
828 1653 957 1709 illud
979 1652 1349 1722 erangelicutn
1378 1645 1643 1718 implevit,
1672 1643 1847 1701 Gratis
1872 1644 2161 1714 accepistis,

582 1748 740 1820 gratis
764 1747 882 1802 date
911 1746 929 1819 (
956 1744 1142 1799 Nouit.
1179 1742 1266 1798 10.
1301 1741 1419 1813 8)?
1465 1741 1677 1812 Moyses
1707 1753 1919 1810 quoque
1947 1738 1999 1793 in
2035 1737 2161 1819 bar-

584 1842 759 1896 barica
782 1838 941 1894 domo
961 1837 1215 1891 educatus
1236 1844 1317 1890 est
1339 1842 1391 1888 et
1416 1834 1604 1896 crevit;
1628 1840 1861 1886 auamen
1885 1830 2017 1885 nihil
2040 1829 2162 1885 inde

583 1931 763 1986 damni
812 1930 1059 2001 accepit,
1110 1928 1205 1984 sed
1254 1928 1416 1983 etiam
1474 1926 1568 1981 ille
1606 1924 2012 1994 philosophatus
2036 1932 2157 1990 est,

578 2040 689 2079 non
733 2023 910 2078 minus
936 2036 1095 2092 quam
1140 2018 1440 2089 patriarcha
1466 2058 1481 2082 ,
1529 2016 1880 2087 Sybaritimm
1918 2029 2161 2071 mensam

583 2116 854 2180 irridens,
911 2107 1235 2183 illorumque
1287 2111 1494 2165 deliciis
1546 2110 1832 2165 sublimior
1892 2109 2113 2164 effectus
2143 2150 2158 2174 ,

582 2210 794 2264 divitias
820 2221 1083 2277 spernens
1107 2214 1160 2259 et
1190 2218 1410 2274 regnum
1459 2202 1782 2273 Egyptiqne
1807 2210 2016 2270 sceptra
2044 2216 2061 2265 ;
2092 2199 2160 2255 ad

584 2304 752 2357 lutum
777 2307 953 2354 autem
984 2307 1038 2354 et
1066 2297 1354 2352 lateritium
1386 2310 1519 2364 opus
1547 2309 1606 2349 sc
1635 2303 1829 2363 sponte
1863 2292 2157 2347 transtulit.

582 2394 812 2463 ideoque
868 2391 1063 2447 Paulus
1117 2390 1289 2458 ipsum
1341 2386 1648 2449 admirans,
1696 2384 1949 2439 dicebat:
1984 2382 2162 2453 Majo-

578 2501 657 2539 res
695 2483 896 2537 divitias
920 2491 1103 2550 putans
1132 2495 1283 2550 quam
1329 2475 1551 2549 .Egypti
1580 2476 1863 2541 thesauros,
1897 2475 2156 2545 imprope-

578 2577 711 2629 riunt
729 2573 917 2629 Christi
946 2573 964 2643 (
987 2571 1149 2625 Hebr.
1169 2572 1257 2625 Η.
1280 2568 1353 2625 ΞΘ
1374 2570 1415 2639 ).
1441 2568 1645 2644 Deinde
1668 2570 1856 2623 borum
1885 2568 2157 2622 doctorem

582 2670 844 2722 bonorum
872 2665 1163 2721 ostendens
1188 2664 1422 2718 addebat
1448 2663 1634 2718 dicens
1659 2681 1671 2718 :
1698 2661 2008 2716 Invisibilem
2028 2662 2160 2717 enim

579 2774 836 2832 tamquam
877 2762 1049 2814 videns
1089 2758 1373 2813 sustinuit:
1405 2758 1546 2828 quod
1590 2758 1838 2812 maxima:
1868 2758 1988 2813 fidei
2019 2766 2154 2813 erat.

570 2857 653 2911 Ne
679 2870 805 2925 ergo
833 2853 1020 2924 pudori
1064 2852 1115 2907 id
1161 2851 1315 2907 nobis
1342 2866 1463 2906 esse
1494 2861 1738 2921 putemus
1767 2850 1908 2921 quod
1948 2850 2156 2906 barbari

579 2953 630 3003 in
662 2948 885 3003 ecclesia
914 2948 1021 3000 sint
1046 2985 1061 3011 ,
1106 2946 1198 2999 sed
1230 2945 1407 3013 potius
1443 2944 1610 2999 multo
1638 2954 1954 2999 ornamento
1984 2961 1998 3000 :
2028 2959 2151 2998 nam

578 3054 627 3095 et
662 3043 773 3110 ipse
808 3038 1063 3094 Dominus
1094 3046 1278 3092 noster
1308 3036 1465 3097 Jesus
1490 3034 1740 3092 Christus
1766 3076 1781 3103 ,
1834 3052 1955 3092 cum
1986 3038 2037 3091 in
2067 3053 2157 3091 or-

580 3137 699 3187 item
734 3144 890 3187 terra:
919 3130 1177 3192 venisset,
1207 3128 1468 3184 barbaros
1493 3129 1695 3199 primos
1734 3130 1968 3184 vocavit.
2003 3129 2159 3185 Posto

578 3241 738 3292 quam
766 3223 907 3278 enim
940 3230 1097 3275 natus
1138 3230 1220 3276 est
1264 3220 1399 3275 etin
1427 3220 1692 3291 praesepio
1733 3220 1939 3290 positus
1964 3262 1978 3289 ,
2021 3220 2161 3292 magi

578 3335 641 3371 ex
674 3316 889 3371 Perside
918 3318 1212 3378 venientes,
1242 3314 1415 3383 ipsum
1444 3313 1821 3368 adoraverunt.
1850 3311 1895 3369 Ο
1918 3327 2085 3369 novas
2107 3320 2161 3369 et

576 3411 976 3478 inexspectatus
994 3420 1081 3461 res
1109 3406 1121 3459 !
1152 3420 1278 3475 rege
1305 3404 1520 3475 quidem
1544 3404 1597 3458 in
1628 3403 1812 3459 urbem
1831 3404 2157 3474 ingressum,

576 3500 873 3555 velamenta
900 3510 953 3553 ct
980 3496 1252 3567 lampades
1276 3495 1591 3567 eriguntur;
1626 3504 1681 3551 et
1705 3496 1793 3565 qui
1823 3497 1876 3552 in
1900 3496 2160 3567 dignitate

576 3599 630 3644 et
650 3589 889 3660 potentia
918 3597 1043 3644 sunt
1068 3602 1258 3642 omnes
1286 3587 1384 3657 ipsi
1408 3587 1620 3643 obviam
1650 3586 1873 3642 veniunt
1897 3602 2018 3643 cum
2042 3586 2157 3644 ele-

577 3685 721 3753 gauli
748 3690 941 3737 ornatu
966 3723 982 3749 ,
1024 3691 1079 3736 et
1107 3680 1249 3736 tibia:
1272 3722 1290 3746 ,
1337 3679 1527 3735 ﬁstula:
1554 3720 1572 3743 ,
1617 3680 1843 3736 cithara:
1871 3721 1886 3746 ,
1917 3688 1971 3735 et
2000 3695 2160 3735 omne

581 3776 795 3829 iiittsime
830 3787 1042 3844 genus;
1092 3782 1147 3826 et
1195 3772 1517 3839 vestimenta
1569 3780 1692 3827 sunt
1737 3772 2059 3842 splendida,
2106 3779 2162 3827 et

575 3864 815 3927 corollae,
839 3870 893 3918 et
918 3862 1084 3917 multa
1108 3871 1191 3917 est
1212 3860 1606 3931 magniﬁcentia
1636 3879 1649 3916 :
1677 3861 1822 3932 Rege
1847 3870 2026 3917 autem
2050 3877 2159 3917 ca:-

581 3956 752 4010 lorum
774 3953 1088 4024 ingressum
1114 3953 1166 4007 in
1192 3952 1412 4019 orbem,
1445 3952 1579 4006 nihil
1606 3952 1780 4007 simile
1809 3994 1824 4016 ,
1859 3951 1955 4007 sed
1983 3952 2161 4007 omnia

576 4044 842 4105 contraria
873 4062 885 4099 :
919 4044 1186 4116 tugurium
1215 4051 1269 4099 et
1294 4044 1700 4099 tabernaculum
1722 4052 1776 4099 et
1802 4059 2042 4115 prmsepe
2062 4088 2077 4111 ,
2107 4054 2163 4101 et

581 4147 752 4195 mater
778 4138 919 4204 vilis,
947 4145 1006 4191 ut
1030 4135 1331 4201 videbatur;
1359 4136 1539 4207 inopia
1575 4137 1739 4190 multa
1770 4143 1819 4191 et
1848 4145 2159 4207 paupertas.

580 4229 761 4299 Atqui,
785 4228 828 4282 si
847 4228 1123 4293 voluisset,
1143 4227 1327 4283 venire
1350 4228 1763 4298 poti-ratcmlum
1785 4242 2156 4294 commovens,

582 4330 776 4375 terram
802 4319 1069 4390 quatiens,
1101 4318 1308 4388 fulgura
1331 4319 1551 4374 mittens
1579 4337 1592 4372 :
1619 4327 1673 4374 et
1710 4320 1837 4389 quid
1866 4319 1980 4376 haec
2006 4320 2161 4376 dico?

578 4414 621 4467 si
651 4411 840 4466 nudam
866 4411 1033 4466 solam
1060 4410 1389 4465 divinitatem
1419 4410 1779 4478 ostendisset,
1824 4422 2024 4483 quanto
2048 4430 2164 4467 ma-

578 4505 665 4571 jus
693 4502 793 4557 hoc
814 4517 919 4556 non
943 4500 1135 4557 fuisset
1156 4504 1302 4555 omni
1332 4502 1620 4571 splendore
1644 4512 1699 4557 et
1717 4504 2029 4561 festivitate?
2054 4505 2161 4561 Sed

583 4609 687 4648 non
713 4594 784 4648 ita
808 4592 976 4656 fecit;
1013 4609 1120 4647 non
1165 4594 1307 4649 enim
1339 4594 1569 4663 perdere
1594 4636 1609 4661 ,
1656 4595 1749 4651 sed
1778 4597 1956 4652 salvos
1983 4597 2161 4654 facere

582 4687 831 4751 volebat;
874 4701 981 4741 non
1030 4686 1451 4756 perterrefacere
1477 4728 1491 4751 ,
1540 4688 1635 4742 sed
1666 4688 1936 4759 corrigere
1959 4731 1974 4754 ,
1999 4700 2053 4747 et
2092 4692 2161 4747 ab

581 4779 735 4833 initio
785 4776 978 4831 fastum
1032 4777 1321 4832 humanum
1351 4780 1560 4837 calcare
1589 4788 1642 4834 ct
1670 4784 2028 4850 arrogantiam
2070 4784 2164 4839 de-

582 4870 831 4936 printere.
862 4866 984 4921 ideo
1004 4881 1108 4919 non
1132 4867 1305 4920 solum
1333 4867 1389 4922 ﬁt
1414 4867 1598 4933 homo,
1629 4869 1723 4923 sed
1750 4885 1951 4941 pauper
1974 4871 2158 4939 homo,

580 4970 631 5012 et
663 4968 884 5011 matrem
917 4957 1073 5012 talem
1100 4957 1312 5028 deligit,
1342 4974 1405 5014 ac
1430 4960 1785 5016 diversorium
1813 4963 1937 5028 vile;
1985 4976 2161 5021 extre-

583 5065 726 5102 mum
760 5050 1081 5118 paupertatis
1118 5050 1398 5103 terminum
1431 5050 1498 5103 ab
1528 5051 1678 5106 initio
1701 5054 1843 5107 etab
1868 5055 1981 5123 ipso
2010 5068 2161 5125 partu

581 5140 929 5209 amplectens.
962 5142 1215 5209 Qna'ttam
1240 5183 1254 5206 ,
1280 5143 1367 5198 dic
1393 5144 1541 5209 mihi,
1571 5147 1783 5213 mulier,
1814 5148 2019 5203 etiamsi
2050 5164 2162 5204 om-

582 5234 731 5288 nium
751 5235 979 5289 maxime
1004 5236 1156 5305 inops
1178 5234 1357 5302 fuerit,
1378 5238 1585 5293 etiamsi
1609 5241 1937 5307 mendicans,
1969 5244 2160 5298 lectum

582 5344 692 5381 non
713 5326 889 5391 habet,
924 5328 1007 5381 ubi
1044 5340 1247 5396 partum
1274 5330 1527 5385 infantem
1559 5333 1815 5388 reclinet?
1842 5339 1908 5389 At
1938 5337 2027 5391 ille
2057 5354 2160 5391 non

583 5421 636 5473 in
671 5420 809 5473 lecto
846 5418 1203 5475 reclinabatur
1225 5462 1239 5485 ,
1278 5422 1370 5476 sed
1404 5423 1453 5476 in
1481 5424 2074 5497 praesepiosintplieiter
2109 5437 2163 5482 et

582 5522 912 5580 utcumque.
956 5520 1010 5565 et
1058 5511 1109 5564 iti
1168 5514 1397 5581 tugurio,
1452 5529 1553 5569 nec
1599 5515 1650 5570 in
1682 5516 1996 5575 diversorio.
2041 5520 2163 5575 Ihec

583 5613 708 5659 sunt
731 5604 1003 5674 ingressus
1030 5602 1145 5673 ejus
1174 5608 1450 5674 prommia,
1476 5608 1546 5662 ita
1574 5608 1850 5680 splendida
1879 5620 1933 5665 et
1957 5613 2157 5681 magni-

584 5697 708 5749 tiea.
750 5693 883 5750 Cum
930 5695 1085 5749 audis
1133 5697 1470 5767 ingressum,
1523 5715 1593 5756 ne
1638 5700 1922 5755 transitum
1954 5708 2015 5759 ex
2044 5703 2162 5760 loco

580 5789 790 5860 cogites
812 5830 827 5856 ,
874 5787 967 5843 sed
996 5788 1313 5845 mconomice
1338 5793 1853 5861 attemperationem.

1145 352 1203 409 S.
1242 346 1516 407 JOANNIS
1542 344 2015 404 CIIRYSOSTOMI
2053 344 2364 402 ARCIlIl-ZP.
2405 344 2939 401 CONSTANTINOP.
3770 342 3871 401 ε.οι

2353 457 2404 510 5.
2453 457 2659 512 Ιέιιιηίιιι
2694 457 2887 511 Paulus
2911 473 3032 511 cum
3064 458 3137 511 ait
3164 500 3176 520 ,
3222 457 3350 513 Cum
3379 470 3547 514 autem
3578 474 3760 513 rursus
3791 459 3869 513 iss-

2277 547 2557 600 troduxerit
2586 546 2979 618 Primogenimm
3006 549 3058 602 in
3075 549 3243 602 orbem
3265 549 3449 621 (Hebr.
3476 551 3523 605 ι.
3540 550 3623 619 6),
3647 549 3871 619 dispen-

2277 640 2537 694 satiOnem
2564 639 2713 694 nobis
2735 641 3019 695 annuntiat
3052 659 3064 695 :
3099 642 3190 711 qui
3224 642 3367 697 enim
3401 643 3599 711 ubique
3630 657 3874 711 pra-setis

2277 738 2380 795 est,
2398 740 2453 786 et
2472 732 2650 785 omnia
2670 731 2876 802 implet,
2899 748 3130 803 quonam
3152 734 3461 789 intrtverit?
3482 736 3574 790 sed
3604 734 3744 789 illam
3774 750 3872 804 per

2276 822 2631 877 oeconomiam
2671 821 3160 878 manifestationent
3191 825 3270 879 sic
3300 825 3531 880 vocavit.
3582 825 3870 895 fugi-essm

2276 914 2453 985 itaque
2477 915 2529 970 in
2558 916 2742 973 orbem
2768 956 2785 982 ,
2832 931 2952 971 cum
3004 917 3092 972 vili
3140 915 3327 971 habitu
3368 918 3630 983 intravit,
3665 919 3869 972 fastum

2273 1007 2485 1075 saltatus
2507 1049 2522 1073 ,
2552 1009 2916 1080 arrogantiam
2947 1008 3282 1080 deprimens,
3330 1010 3580 1064 omnilms
3628 1008 3869 1064 suadens

2275 1108 2334 1153 ut
2362 1090 2640 1156 moderate
2667 1110 2846 1172 agant,
2872 1109 3240 1172 paupertatem
3265 1116 3332 1156 ne
3356 1111 3702 1157 contemnant
3729 1118 3870 1158 neve

2272 1194 2673 1250 mendicitatem
2700 1195 3019 1267 despiciant;
3056 1195 3123 1252 ad
3149 1196 3361 1257 divitias
3396 1190 3476 1253 ne
3521 1196 3762 1261 inhient,
3797 1213 3869 1252 ne

2271 1284 2397 1355 quid
2434 1301 2684 1357 magnum
2734 1302 2856 1341 esse
2902 1295 3088 1357 putent
3129 1288 3424 1342 humanum
3472 1286 3714 1354 fastum,
3765 1289 3867 1342 sed

2273 1376 2459 1431 umbra
2515 1378 2851 1446 tenuiorem,
2906 1378 3050 1433 foliis
3094 1378 3377 1443 viliorem,
3410 1390 3465 1434 et
3491 1379 3717 1434 somniis
3768 1379 3869 1434 fal-

2271 1465 2542 1523 ltcioretn.
2577 1468 2853 1538 Ingressus
2881 1483 3012 1541 ergo
3039 1470 3300 1525 barbaros
3331 1471 3561 1535 vocavit,
3596 1484 3696 1526 nec
3723 1471 3831 1524 sim
3849 1501 3867 1513 -

2271 1561 2480 1632 pliciter
2511 1562 2785 1628 barbaros,
2828 1560 2923 1617 sed
2954 1576 3139 1632 magos
3159 1602 3175 1627 ,
3228 1563 3520 1633 pessimum
3563 1561 3866 1633 impietatis

2267 1668 2454 1724 genus.
2494 1652 2628 1721 Quia
2654 1653 2796 1708 enim
2822 1654 3000 1707 omnia
3031 1654 3082 1707 in
3111 1653 3243 1708 orbe
3270 1651 3409 1708 male
3436 1652 3627 1708 affecta
3656 1660 3820 1708 erant
3842 1694 3860 1718 ,

2266 1757 2320 1800 et
2349 1746 2593 1815 impietas
2624 1746 2820 1817 ubique
2840 1746 3239 1809 dominabatur,
3272 1746 3535 1817 nidorque
3559 1755 3613 1802 et
3634 1745 3862 1812 Iumns;

2265 1850 2329 1893 ac
2371 1853 2547 1909 neque
2595 1838 2679 1893 lex
2723 1837 2992 1908 quidpiam
3047 1847 3260 1907 poterat
3288 1878 3303 1902 ,
3354 1853 3528 1908 neque
3573 1838 3864 1908 propheta:

2264 1928 2721 1995 emendaverant,
2775 1945 2880 1983 non
2912 1930 3113 1983 monita
3143 1928 3271 2000 quid
3322 1930 3700 1997 profecerant,
3749 1943 3863 1983 non

2265 2020 2542 2087 miracula,
2573 2036 2679 2075 non
2708 2020 3052 2091 supplicium,
3084 2036 3191 2075 nou
3226 2035 3398 2090 pretia:
3422 2037 3436 2085 ;
3461 2030 3514 2075 et
3546 2029 3687 2076 terra
3718 2034 3863 2076 san-

2265 2113 2427 2182 guine
2471 2112 2703 2166 humano
2733 2111 3107 2181 pollncbatur,
3152 2120 3208 2168 et
3256 2123 3444 2167 natura
3489 2113 3600 2183 ipsa
3632 2113 3860 2181 ignora-

2266 2204 2423 2260 batur
2468 2221 2637 2259 :nam
2686 2204 3089 2261 [inmolaverunt
3133 2207 3268 2277 ﬁlios
3299 2222 3417 2261 suos
3462 2216 3510 2261 et
3540 2207 3679 2277 ﬁlias
3726 2223 3857 2262 sitas

2265 2296 2529 2352 daauoniis
2573 2295 2762 2369 (Psul.
2803 2298 2925 2353 105.
2960 2297 3072 2367 37)
3103 2314 3117 2351 :
3150 2297 3340 2352 altaria
3387 2297 3815 2353 destruebantur
3844 2339 3859 2360 ,

2266 2387 2542 2458 pt-Opbeta:
2593 2390 3020 2453 occidebantur,
3073 2404 3139 2445 ac
3196 2389 3454 2459 templum
3522 2389 3739 2460 pietatis
3803 2389 3861 2443 in

2264 2480 2456 2537 rudera
2514 2497 2727 2538 versum
2781 2492 2865 2538 est
2913 2494 2966 2539 et
2995 2482 3263 2538 idolorum
3317 2482 3742 2552 receptaculum,
3793 2498 3863 2538 ac

2264 2573 2493 2643 populus
2543 2573 2798 2629 Judaicus
2852 2575 2940 2644 qui
3001 2575 3209 2629 exstitit
3269 2581 3328 2628 ut
3379 2582 3608 2628 exteros
3665 2572 3861 2628 erudi-

2266 2676 2368 2731 ret,
2411 2666 2531 2721 aliis
2574 2667 2923 2737 blasphemia:
2952 2667 3167 2722 occasio
3219 2665 3381 2721 ﬁebat
3410 2683 3425 2721 :
3458 2660 3660 2719 Nomen
3685 2681 3861 2718 meum

2264 2758 2443 2823 enim,
2477 2758 2678 2827 inquit,
2708 2774 2795 2828 per
2819 2773 2905 2813 vos
2934 2757 3316 2828 blasphematur
3340 2756 3393 2811 in
3422 2758 3656 2829 gentibus
3694 2757 3858 2829 (lsui.

2263 2847 2352 2904 5'2.
2386 2849 2474 2917 5).
2510 2851 2579 2903 δα
2618 2849 2783 2902 riﬁeia
2810 2848 3229 2919 abrogahantur,
3264 2846 3397 2903 festa
3421 2889 3437 2915 ,
3469 2848 3777 2902 neomenia:
3802 2862 3860 2903 et

2260 2940 2504 3003 sabbata,
2538 2955 2599 2994 ac
2631 2940 2833 3010 reliqua
2864 2941 3039 2995 cultus
3066 2955 3263 3010 genera
3298 2940 3713 3009 reﬁciebantur,
3747 2940 3861 2994 vir-

2265 3031 2754 3102 tutenegleeta;et
2783 3047 2883 3089 vox
2933 3046 3163 3103 :upetne
3216 3032 3305 3087 Dei
3352 3034 3658 3088 accusantis
3708 3044 3852 3098 erat,

2262 3132 2319 3179 et
2346 3139 2507 3180 voces
2538 3123 2917 3194 prophetarum
2942 3127 2995 3179 in
3028 3133 3171 3181 terra
3203 3126 3591 3196 plangentium,
3614 3137 3858 3181 etvoccs

2264 3214 2497 3285 undique
2517 3255 2531 3280 ,
2557 3215 2715 3271 rebus
2746 3217 2886 3271 tnale
2919 3200 3334 3288 procedentibus
3361 3234 3393 3284 ς.
3430 3217 3707 3287 multaque
3736 3229 3859 3274 erat

2265 3306 2515 3377 nequitia:
2540 3309 2799 3377 potentia,
2833 3308 2997 3363 densa
3029 3308 3275 3381 qumdam
3305 3308 3475 3365 nubes
3498 3317 3553 3365 et
3583 3308 3856 3379 profunda

2265 3414 2391 3467 nox,
2419 3408 2473 3455 et
2502 3402 2734 3471 nequitia
2764 3400 3019 3456 audacter
3046 3412 3100 3457 et
3123 3401 3458 3457 conﬁdenter
3478 3401 3694 3472 agebat,
3729 3416 3857 3473 qua

2261 3491 2328 3547 ad
2367 3493 2615 3548 virtutem
2664 3500 2841 3547 autem
2900 3502 3164 3563 Spectaut,
3216 3492 3656 3548 eliminahantur.
3689 3492 3856 3549 Tem-

2265 3599 2441 3654 pesms
2469 3584 2520 3639 in
2550 3585 2717 3639 altum
2751 3584 3052 3649 tollebatur,
3082 3583 3277 3640 fluctus
3297 3585 3437 3640 alitis
3459 3584 3625 3639 alium
3651 3600 3855 3656 seque-

2264 3676 2439 3740 batur,
2485 3675 2762 3747 naufragia
2807 3676 3102 3745 frequentia
3160 3675 3703 3739 accidebant,omnes
3747 3679 3857 3733 im-

2264 3769 2675 3838 mergebantur,
2733 3783 2906 3837 neque
2957 3769 3064 3825 ulla
3109 3769 3484 3840 gubernatoris
3512 3786 3613 3826 vox
3654 3771 3857 3827 audieo

2265 3858 2439 3924 batur,
2470 3874 2571 3915 nec
2601 3868 2881 3914 nautarum
2912 3874 3004 3915 ars
3030 3860 3318 3931 quidquam
3352 3870 3580 3932 poterat;
3610 3863 3707 3917 sed
3734 3879 3853 3918 ma-

2266 3951 2394 4024 ligni
2426 3953 2647 4023 Spiritus
2691 3950 3150 4017 dominabautur,
3199 3968 3375 4023 neque
3408 3953 3514 4007 ulla
3561 3964 3682 4009 erat
3726 3972 3858 4025 spes

2265 4047 2454 4101 salutis
2473 4087 2488 4112 ,
2519 4060 2782 4116 nemoque
2811 4046 3061 4101 invocare
3085 4045 3251 4100 Deum
3272 4048 3501 4101 audebat
3530 4064 3544 4099 :
3576 4051 3859 4119 quomodo

2266 4140 2408 4193 enim
2452 4154 2613 4193 ausus
2660 4148 2842 4203 esset,
2899 4138 3174 4210 prophetis
3213 4138 3611 4203 accusantibus,
3646 4140 3861 4211 angelis

2265 4231 2357 4300 qui
2385 4230 2603 4300 singulis
2629 4231 2874 4301 gentibus
2898 4230 3387 4301 patrocinabantur,
3428 4243 3488 4286 se
3509 4247 3621 4301 pra:
3647 4236 3861 4301 pudore

2265 4323 2697 4377 occultantibus?
2739 4320 3046 4377 Creatorem
3090 4322 3326 4378 universi
3372 4329 3583 4394 tempus
3635 4324 3859 4379 domum

2264 4415 2579 4482 advocabat,
2603 4419 2774 4487 ipsum
2795 4415 3147 4482 conditorem,
3168 4417 3259 4489 qui
3281 4416 3349 4471 ab
3372 4417 3523 4471 initio
3549 4432 3726 4487 genus
3755 4434 3861 4472 no-

2264 4520 2433 4566 strum
2464 4508 2860 4566 eﬁ'ormaverat.
2902 4508 3165 4577 Quoniam
3203 4509 3363 4579 igitur
3388 4509 3705 4579 gravissima
3737 4520 3865 4566 erat

2264 4600 2529 4671 aegritudo
2555 4640 2570 4666 ,
2600 4616 2721 4671 qua:
2753 4601 2987 4654 maxime
3017 4608 3165 4669 parta
3195 4609 3311 4653 erat
3344 4614 3409 4654 ex
3452 4601 3767 4669 arrogantia
3796 4611 3858 4655 et

2264 4693 2522 4758 audacia;
2550 4706 2671 4747 cum
2702 4702 2753 4747 et
2776 4692 3100 4762 principium
3115 4699 3171 4746 et
3186 4689 3421 4745 taedium
3440 4700 3496 4745 et
3524 4692 3647 4744 ﬁnis
3670 4707 3858 4747 rerum

2265 4792 2701 4853 corrumperetur
2733 4802 2746 4837 :
2778 4781 2870 4836 ille
2897 4797 2959 4837 ex
2990 4791 3212 4853 paterno
3240 4781 3435 4835 throno
3464 4781 3685 4846 exsiliis,
3715 4794 3776 4838 et
3803 4785 3861 4839 in

2267 4884 2465 4931 terram
2496 4876 2661 4931 venit.
2705 4875 2837 4930 Cum
2866 4884 3045 4929 autem
3079 4875 3208 4929 illud
3251 4875 3441 4928 exsiliit
3484 4875 3677 4942 audis,
3725 4890 3866 4933 cave

2265 4978 2421 5040 putes
2452 4980 2686 5023 mutasse
2716 4968 2865 5022 illum
2910 4968 3025 5022 loca
3049 4978 3103 5023 et
3134 4968 3443 5023 deseruisse
3474 4969 3637 5023 etelos
3680 4986 3693 5022 :
3731 4987 3861 5026 nam

2266 5077 2385 5115 cum
2416 5063 2466 5115 in
2502 5072 2653 5115 utero
2680 5061 2923 5130 virgineo
2952 5069 3120 5125 esset,
3169 5075 3290 5114 eum
3340 5060 3501 5115 Patre
3533 5069 3651 5116 erat
3680 5078 3693 5115 :
3724 5078 3868 5130 quo-

2269 5154 2429 5209 modo
2469 5163 2643 5208 autem
2670 5195 2685 5218 ,
2738 5169 2804 5207 ne
2849 5168 3060 5222 qureras
3100 5168 3273 5221 neque.
3312 5154 3550 5209 rationes
3592 5165 3863 5223 expetas:

2267 5261 2386 5299 cum
2408 5247 2549 5299 enim
2577 5245 2713 5298 Deus
2737 5255 3012 5314 operatur,
3035 5243 3147 5299 sola
3172 5244 3275 5300 ﬁde
3298 5258 3433 5315 opus
3462 5255 3565 5310 est,
3588 5260 3865 5301 consensu

2270 5339 2395 5391 item
2422 5346 2477 5392 et
2503 5336 2866 5392 confessione.
2914 5337 3046 5390 Cum
3096 5337 3335 5392 venisset
3379 5353 3509 5408 ergo
3548 5347 3602 5395 ct
3631 5338 3866 5395 vidisset

2268 5444 2467 5498 aegrum
2497 5428 2547 5481 in
2576 5429 2713 5483 lecto
2730 5427 2996 5498 iacentem
3022 5442 3085 5482 ac
3106 5429 3450 5498 desperatum
3472 5428 3491 5500 (
3512 5443 3634 5484 cum
3656 5444 3867 5499 :rgrum

2268 5520 2410 5587 dico,
2442 5520 2508 5574 de
2529 5519 2764 5573 humano
2788 5534 2987 5589 genere
3011 5520 3222 5589 loquor,
3250 5520 3438 5576 nonin
3466 5521 3604 5575 let-to
3628 5521 3866 5591 vulgari,

2267 5612 2361 5667 sed
2391 5613 2442 5665 in
2473 5610 2611 5666 lecto
2655 5610 2909 5681 nequitia:
2931 5610 2973 5681 ),
3002 5626 3032 5664 a
3065 5610 3285 5665 medicis
3315 5610 3630 5665 derelictum
3656 5653 3672 5676 ,
3718 5613 3868 5669 vitiis

2271 5706 2435 5760 animi
2486 5705 2767 5759 obsessum
2799 5745 2814 5767 ,
2870 5703 3059 5758 morbo
3104 5701 3422 5766 detentum;
3471 5719 3592 5757 eum
3638 5703 3869 5759 vidisset

2282 5812 2441 5853 omne
2486 5794 2820 5868 mgritndinis
2861 5809 3031 5867 genus
3082 5796 3368 5851 humanam
3420 5807 3666 5852 naturam
3712 5794 3865 5851 inva-
