4034 6412
188 407 294 468 ωδ

187 531 327 585 sisse
346 566 361 592 ,
408 525 693 597 ipsumque
720 519 997 575 hominem
1027 515 1096 572 de
1124 531 1183 569 se
1209 512 1589 583 desperantem
1616 547 1632 573 ,
1680 518 1799 597 me-

185 617 369 673 dicum
397 594 553 681 vero,
576 614 669 685 qui
690 611 852 668 datus
878 609 980 680 ipsi
1011 604 1191 661 fuerat
1219 602 1289 658 ad
1311 602 1495 660 ulcera
1524 594 1792 663 curanda,

185 716 561 765 sccu~atorem
611 703 816 760 malum
840 742 855 767 ,
924 700 1100 769 legem
1158 694 1316 761 dico,
1364 690 1619 748 elfectum
1676 700 1800 742 esse

183 801 413 857 crimina
445 806 737 870 augentem
762 836 777 861 ,
812 804 870 850 et
897 790 1170 847 hominem
1200 785 1391 857 majori
1422 799 1596 856 preme
1620 783 1799 837 obno-

185 891 333 951 xium
365 891 656 947 facientem
679 929 697 955 ,
749 895 805 942 et
839 883 1017 941 morbi
1044 878 1387 954 tyrannidem
1423 877 1800 944 malorumque

186 984 626 1053 exsuperantiam
665 978 1105 1042 considerasset;
1153 989 1275 1045 quae
1317 970 1590 1028 neminem
1632 968 1797 1022 alium

184 1076 549 1147 postularent,
572 1088 735 1145 quam
763 1085 887 1128 eum
918 1069 1008 1141 qui
1035 1081 1136 1123 nos
1161 1065 1231 1121 ab
1256 1064 1409 1120 initio
1434 1061 1793 1119 condiderat:

181 1168 310 1223 vide
334 1165 466 1238 quid
502 1164 662 1221 faciat
692 1182 707 1219 :
738 1170 927 1218 natura
957 1169 1142 1216 nostra
1170 1156 1412 1213 induitur
1442 1153 1714 1211 inﬁrmata
1741 1157 1801 1208 et

178 1258 417 1322 devicta,
447 1266 507 1311 ut
534 1271 630 1327 per
659 1255 807 1310 illam
839 1259 1104 1324 pugnaret
1148 1259 1202 1305 et
1244 1254 1500 1309 certaret,
1528 1254 1692 1316 atque
1728 1241 1798 1299 ab

183 1350 304 1418 ipso
352 1348 540 1402 limine
591 1357 650 1401 et
699 1343 925 1400 exordio
974 1338 1299 1411 arrogantiae
1354 1346 1605 1391 naturam
1653 1332 1796 1389 radi-

178 1440 326 1495 citus
366 1438 576 1501 evellit,
616 1452 739 1509 qua:
781 1435 1047 1490 malorum
1090 1431 1332 1487 ouantium
1366 1442 1529 1483 causa
1572 1426 1745 1481 fuerat
1777 1441 1792 1480 :

180 1549 309 1587 nam
343 1533 460 1585 hzec
486 1529 765 1584 diabolum
793 1568 812 1594 ,
852 1542 976 1582 cum
1009 1523 1261 1578 diabolus
1307 1535 1415 1575 non
1449 1527 1634 1583 esset,
1681 1517 1799 1572 dia-

178 1626 369 1679 bolmn
396 1622 620 1687 effecit,
656 1630 715 1675 ut
739 1620 981 1676 declarat
1012 1617 1211 1671 l'aulus
1240 1614 1429 1669 dicens
1462 1628 1477 1665 :
1513 1610 1636 1665 Non
1674 1627 1797 1665 noo-

178 1722 403 1787 phytum
430 1757 448 1781 ,
477 1732 541 1769 ue
577 1714 629 1767 in
658 1712 949 1781 superbiam
976 1709 1141 1764 elatus
1168 1749 1183 1772 ,
1218 1708 1270 1761 in
1304 1706 1568 1779 judicium
1603 1703 1797 1757 incidat

177 1808 381 1861 diaboli
406 1806 429 1879 (
458 1808 507 1861 l.
551 1805 685 1860 Tim.
731 1806 783 1859 5.
816 1802 911 1875 6).
954 1802 1067 1857 lloc
1116 1800 1386 1855 Adamum
1436 1814 1501 1853 ex
1546 1796 1797 1867 paradiso

175 1900 344 1965 eiecit
376 1898 543 1966 :quia
576 1898 721 1951 enim
746 1893 975 1959 audivit,
1009 1890 1167 1945 Erilis
1191 1890 1326 1945 sicut
1354 1890 1428 1942 dii
1452 1886 1603 1959 (Gen.
1625 1888 1679 1943 '5.
1711 1888 1793 1957 5);

176 1988 281 2043 hac
306 2006 407 2058 spe
434 1988 717 2058 deceptus.
743 1986 921 2041 arhnri
950 1998 1167 2040 manum
1186 1981 1455 2047 admovit,
1480 1980 1652 2050 legem
1679 1980 1796 2032 eal-

176 2085 343 2148 cavit,
369 2093 426 2138 et
454 2090 783 2153 prmceptum
803 2091 1171 2148 transgressus
1193 2084 1295 2131 est.
1320 2074 1442 2129 Ideo
1464 2074 1633 2131 etiam
1657 2071 1797 2127 Deus

175 2188 577 2249 congruentem
593 2176 802 2231 vulneri
819 2175 1103 2247 apparavit
1121 2172 1461 2233 medicinam.
1488 2170 1795 2227 Sienteuim

176 2271 231 2325 in
260 2269 592 2339 corporibus
615 2266 888 2324 contraria
914 2266 1205 2323 contrariis
1231 2265 1498 2326 medelam
1522 2263 1790 2329 alierum,

175 2374 236 2417 ut
276 2363 439 2417 aiunt
469 2360 697 2425 medici,
741 2370 797 2415 et
842 2359 993 2433 quod
1017 2358 1263 2431 frigidius
1302 2368 1386 2415 est
1413 2358 1600 2415 Calore
1642 2356 1789 2413 fove-

174 2472 321 2522 mus,
352 2455 611 2528 quodque
636 2454 972 2511 exsiccatum
1024 2453 1244 2509 humido
1284 2463 1651 2524 temperamus
1675 2469 1689 2506 :
1713 2452 1793 2509 sic

172 2552 343 2606 etiam
391 2551 538 2605 Deus
581 2549 635 2603 in
679 2547 1239 2618 anitnznpaSsionibus
1283 2546 1429 2602 fecit.
1464 2546 1599 2613 Quia
1641 2545 1789 2600 enim

172 2643 490 2712 arrogantia
537 2644 706 2714 ipsam
744 2641 1007 2698 efferebat
1054 2652 1110 2696 et
1149 2640 1369 2695 inﬁahat
1392 2682 1408 2709 ,
1440 2640 1790 2711 pharmacnnt

172 2735 438 2806 apposuit
484 2734 626 2804 quod
656 2733 842 2788 llatmn
884 2732 1232 2788 contraheret
1280 2742 1333 2787 et
1376 2741 1641 2786 tumorem
1689 2746 1792 2784 au-

173 2832 367 2884 lcrret.
391 2825 545 2895 Quod
562 2841 693 2883 vero
714 2825 1062 2896 pbarmacum
1086 2825 1111 2878 ?
1140 2825 1365 2881 Mortem
1393 2827 1545 2896 quasi
1576 2841 1791 2883 murum

172 2920 277 2988 ipsi
314 2933 623 2994 opponens.
660 2918 787 2973 ldeo
831 2935 937 2972 non
969 2928 1176 2973 tantum
1206 2919 1435 2974 mortale
1488 2917 1619 2977 fecit
1662 2932 1789 2974 cor-

172 3027 298 3080 pus,
352 3010 449 3065 sed
487 3009 650 3066 etiam
683 3020 743 3065 ut
781 3021 1224 3079 corrumperetur
1250 3009 1448 3075 eﬂ'ccit,
1496 3021 1555 3065 ut
1596 3012 1790 3067 misce-

173 3112 350 3169 retur,
408 3110 468 3156 nt
521 3103 787 3157 vermium
840 3102 1019 3159 futiles
1066 3103 1360 3165 emitteret,
1397 3114 1559 3174 atque
1598 3105 1650 3159 in
1697 3118 1789 3158 sa-

174 3197 321 3249 hiem
367 3194 783 3263 dissolveretur,
826 3199 1126 3265 timoreque
1174 3196 1530 3265 impleretur;
1565 3198 1789 3253 humili-

175 3289 302 3343 tatis
327 3286 676 3344 fundamenta
710 3302 913 3356 ponens
966 3304 1065 3343 ncc
1106 3303 1357 3358 utinquam
1386 3290 1466 3344 vel
1498 3289 1789 3346 admodum

172 3388 523 3451 arrogantem
569 3381 756 3436 sinetis
793 3382 961 3435 altum
1000 3381 1069 3436 de
1110 3397 1171 3438 se
1214 3397 1425 3451 sapere.
1468 3383 1605 3451 Quid
1646 3386 1791 3440 enim

176 3474 422 3532 ftetidius
489 3472 728 3528 humano
803 3473 1107 3529 cadavere?
1190 3473 1323 3544 quid
1398 3476 1556 3531 vilius
1644 3491 1795 3532 tuor-

177 3578 270 3621 tuo
297 3568 323 3620 ?

249 3666 304 3719 ι.
339 3663 449 3718 Sed
483 3679 549 3718 ne
577 3677 721 3733 a-gre
752 3661 917 3729 feras,
968 3662 1202 3727 dilecte;
1235 3679 1423 3719 verum
1453 3664 1540 3719 hic
1571 3680 1800 3735 quoque

182 3758 278 3812 Dei
313 3754 710 3828 providentiam
740 3754 1039 3826 perpende.
1069 3755 1254 3826 Neque
1281 3758 1425 3811 cnim
1458 3758 1501 3812 is
1531 3760 1621 3828 qui
1650 3775 1800 3814 mor-

178 3861 303 3903 tuus
332 3857 420 3903 est
471 3848 521 3902 in
577 3847 769 3901 horum
811 3862 1037 3903 sensum
1088 3848 1276 3903 venit:
1308 3850 1397 3920 qui
1438 3859 1618 3905 autem
1672 3852 1805 3906 vivit

178 3942 233 3994 in
278 3940 463 3994 alieno
513 3953 768 4009 oorpore,
814 3939 1183 4010 philosophari
1232 3939 1412 3995 discit.
1441 3941 1798 4009 Quantumvis

176 4033 326 4085 cuitu
366 4030 717 4099 supercilium
749 4030 963 4084 attollat
993 4044 1060 4086 ac
1112 4045 1237 4086 sese
1264 4031 1475 4095 elici-at,
1510 4034 1576 4086 ad
1617 4034 1799 4104 sepul-

176 4141 362 4190 crum,
398 4125 622 4181 veniens
654 4132 712 4179 et
741 4122 990 4180 faetorem
1038 4125 1303 4192 sentiens,
1344 4126 1604 4194 concidit,
1636 4136 1799 4197 atque

177 4217 247 4272 ad
280 4219 460 4287 ipsum
488 4215 757 4271 infernum
781 4215 1082 4271 descendit.
1124 4216 1193 4271 Et
1222 4225 1280 4271 ut
1312 4218 1491 4273 discas
1531 4217 1634 4275 hoc
1675 4221 1799 4277 ideo

178 4314 252 4367 ita
291 4311 493 4366 factum
539 4325 697 4374 esse,
731 4309 847 4379 ipso
875 4319 1123 4364 naturam
1176 4322 1413 4365 nostram
1463 4328 1570 4367 non
1617 4312 1799 4383 desiti-

177 4406 384 4467 cieute,
408 4402 504 4457 sed
530 4401 693 4456 animi
712 4404 1077 4472 arrogantiam
1107 4402 1375 4469 frenante,
1412 4403 1799 4475 hominemque

180 4497 232 4551 iu
262 4505 529 4567 perpetua
560 4494 864 4550 humilitate
906 4493 1210 4558 detinente,
1235 4497 1492 4565 quoniam
1524 4497 1592 4551 ab
1638 4498 1797 4553 initio

180 4592 307 4647 inde
342 4598 624 4661 peccatum
660 4597 886 4644 venerat
916 4606 928 4642 :
962 4589 1089 4644 audi
1116 4590 1243 4661 quid
1275 4590 1417 4645 dicat
1466 4590 1632 4647 Isaias
1664 4608 1795 4663 pro-

180 4687 343 4755 pheta
374 4702 387 4738 :
424 4683 693 4751 Quomodo
738 4683 920 4736 cecidit
973 4683 1036 4736 de
1072 4683 1198 4737 ca'lo
1244 4684 1453 4755 lucifer,
1510 4686 1597 4754 qui
1647 4703 1798 4741 mane

179 4779 443 4832 oriebatur
471 4773 644 4846 (lsai.
695 4774 780 4829 M.
818 4773 887 4828 l2
920 4774 975 4845 )?
1022 4790 1129 4829 non
1173 4774 1243 4830 de
1285 4775 1507 4831 lucifero
1538 4777 1794 4847 loquens;

181 4886 479 4940 mnuquam
502 4868 645 4923 enim
687 4868 874 4922 lucifer
913 4867 1109 4923 cecidit
1134 4884 1149 4935 ;
1179 4868 1271 4923 sed
1299 4870 1350 4922 in
1377 4869 1513 4925 caelo
1543 4870 1798 4929 fundatus

180 4964 494 5029 inﬁxnsque
524 4968 630 5023 est,
675 4974 940 5028 suumque
987 4970 1165 5013 servat
1210 4974 1449 5015 cursum.
1494 4961 1632 5028 Quid
1666 4979 1798 5033 ergo

178 5057 279 5110 sibi
306 5054 424 5110 vult
443 5054 724 5124 propheta,
750 5053 1018 5108 cumdteit
1048 5072 1062 5108 ε
1090 5054 1358 5121 Quomodo
1376 5056 1556 5109 cecidit
1577 5057 1641 5111 de
1667 5057 1817 5112 ctelo'

178 5147 387 5216 lucifer,
420 5147 509 5217 qui
534 5162 684 5199 mane
711 5145 1012 5199 oriebatur?
1046 5146 1120 5199 De
1144 5160 1269 5215 rege
1289 5147 1521 5217 quodam
1565 5148 1795 5205 barbaro

183 5240 463 5311 loquitur;
496 5237 777 5293 luciferum
814 5247 990 5291 autem
1024 5246 1177 5292 voeat
1230 5238 1377 5294 illum
1418 5239 1488 5293 ob
1537 5240 1795 5311 splendo-

180 5350 320 5398 rem,
352 5333 425 5387 ob
451 5330 723 5395 diadema,
755 5331 824 5383 oh
858 5346 1168 5401 purpuram,
1194 5331 1265 5384 ob
1291 5333 1587 5387 satellitum
1614 5336 1789 5407 fulgo-

179 5439 315 5484 rem.
350 5422 421 5477 ob
448 5436 599 5475 arma
652 5423 878 5475 nitentia
926 5432 980 5476 et
1029 5437 1217 5475 aurmu
1267 5423 1676 5492 splendescens,
1722 5427 1792 5483 ob

182 5517 395 5569 lanceas
420 5523 610 5569 acutas
639 5522 695 5565 et
722 5510 986 5582 fulgorem
1030 5514 1342 5568 emittentes
1373 5525 1428 5569 ct
1470 5516 1541 5569 ob
1571 5531 1790 5574 omnem

180 5610 342 5662 alium
372 5608 594 5673 fastum,
627 5606 878 5676 quodque
904 5618 1095 5662 cuncta
1140 5608 1348 5679 diripiat
1380 5619 1434 5664 et
1477 5612 1785 5681 pottuletnr.

181 5702 333 5766 Quod
385 5701 531 5753 cuitu
587 5716 694 5751 non
750 5698 818 5752 de
860 5699 1086 5753 lucifero
1140 5701 1422 5769 loquatur,
1472 5702 1568 5757 sed
1620 5714 1791 5759 meta-

186 5796 402 5859 phnrire
455 5794 734 5860 loquatur,
793 5793 894 5847 huc
947 5795 1119 5863 palam
1149 5804 1253 5861 cst,
1282 5811 1403 5849 cum
1434 5796 1578 5851 enim
1622 5798 1789 5853 dixis-

184 5897 291 5955 Set,
329 5884 602 5957 Quomodo
630 5886 811 5941 cecidit
856 5888 915 5941 de
956 5888 1080 5942 (telo
1113 5888 1289 5961 luci/cr
1315 5930 1325 5957 ,
1356 5890 1442 5959 qui
1473 5907 1619 5948 utanc
1658 5894 1787 5951 orie-

761 402 878 461 Vlll
917 400 1227 460 HOMILIA.
1271 395 1527 454 "ABITA
1573 388 1946 460 POSTQUAM
1989 388 2403 446 PRESBYTER
2442 386 2739 455 COTllUS,
2786 386 2938 444 ETC.

3413 384 3431 433 Ξ
3449 388 3521 442 06

1904 501 2075 570 batur,
2116 502 2196 559 sic
2232 503 2444 575 pergit:
2478 500 2556 558 Tu
2583 511 2756 557 autem
2799 502 2976 557 dixiin
3013 501 3067 556 iu
3112 501 3266 557 corde
3310 510 3420 570 tuo,
3451 501 3520 557 In

1902 594 2086 651 caelum
2130 596 2428 663 ascendam,
2468 614 2626 665 supra
2664 596 2843 651 stt-llas
2883 596 3001 651 ccli
3055 612 3245 666 ponam
3273 596 3517 651 thronum

1903 702 2094 753 meum,
2109 687 2355 742 etsimilis
2369 704 2456 742 ero
2479 685 2916 757 AltissimoUsai.
2941 703 2990 741 υ.
3021 686 3131 758 15).
3162 688 3316 756 Quod
3335 696 3516 742 autem

1901 778 2056 837 stella
2090 794 2191 835 nec
2219 778 2604 851 cogitationem
2648 794 2751 835 nec
2782 790 3024 835 mentem
3077 778 3293 841 habeat,
3337 793 3517 845 neque

1903 871 2068 928 verba
2129 872 2389 943 proferat,
2414 872 2619 927 nemini
2651 888 2761 928 non
2789 884 2977 929 nutum
3004 880 3090 928 est
3121 889 3135 927 :
3169 872 3266 927 sed
3294 872 3362 927 de
3387 886 3516 941 rege

1901 964 1979 1021 ait
2002 965 2233 1037 quodam
2248 966 2586 1036 blasphemo,
2622 966 2928 1036 arrogantia
2955 978 3011 1023 et
3035 967 3295 1036 jactantia
3328 967 3513 1037 pleno,

1901 1058 1994 1131 qui
2040 1074 2165 1116 cum
2214 1058 2357 1115 fastu
2400 1060 2660 1132 loquitur.
2718 1060 2852 1128 Quis
2889 1070 3072 1118 autem
3132 1060 3223 1117 ille
3265 1077 3362 1116 rex
3392 1060 3516 1117 est?

1902 1152 2015 1209 Hoc
2044 1168 2330 1224 possumus
2369 1153 2587 1210 dicere:
2610 1170 2798 1209 verum
2835 1163 2893 1210 ut
2928 1171 3036 1210 non
3079 1158 3259 1212 omnia
3300 1172 3328 1209 a
3357 1156 3516 1213 nobis

1899 1243 2141 1308 discatis,
2170 1244 2265 1301 sed
2293 1259 2390 1301 vos
2417 1245 2519 1313 ipsi
2558 1245 2723 1301 etiam
2768 1244 3099 1303 meditantes
3128 1257 3184 1302 et
3223 1246 3514 1319 vigilantes

1899 1337 2098 1395 divine
2129 1337 2425 1409 Scriptura:
2453 1338 2744 1394 thesauros
2792 1339 3141 1407 scrutemini,
3171 1338 3349 1395 locum
3382 1355 3511 1411 pro-

1903 1430 2079 1502 pheta:
2106 1430 2274 1498 adite,
2305 1439 2362 1487 et
2382 1430 2565 1487 scietis
2589 1431 2711 1502 quis
2752 1432 2826 1487 sit
2868 1446 2988 1499 rex,
3011 1430 3168 1503 cujus
3196 1433 3408 1505 populi,
3459 1442 3516 1489 et

1899 1523 2246 1595 quandonam
2276 1524 2437 1580 fuerit
2466 1542 2480 1579 :
2511 1540 2636 1580 nam
2658 1526 2737 1579 ait
2762 1525 2880 1591 ille,
2910 1525 2997 1583 Da
3023 1529 3249 1599 sapienti
3284 1530 3515 1585 occasio-

1900 1627 2097 1682 nem,et
2122 1616 2409 1688 sapientior
2429 1618 2527 1673 erit
2546 1617 2727 1690 (Prov.
2752 1617 2807 1674 9.
2829 1616 2910 1691 9).
2933 1618 3065 1675 Cum
3092 1621 3253 1691 igitur
3275 1623 3362 1679 hic
3392 1638 3510 1688 rex.

1899 1711 1990 1781 qui
2021 1710 2339 1781 splendidus
2367 1708 2621 1769 fueratet
2646 1712 2873 1768 illustris
2898 1723 2954 1769 et
2988 1714 3271 1771 immensis
3306 1716 3509 1775 insnu-

1899 1814 2020 1859 ctus
2046 1804 2254 1860 divitiis
2277 1847 2293 1871 ,
2327 1813 2383 1862 et
2411 1805 2601 1861 orbem
2652 1814 2824 1862 totum
2852 1806 3143 1874 invaserat,
3187 1818 3242 1865 et
3283 1826 3522 1881 regnum.

1899 1896 2220 1953 extenderat
2243 1912 2424 1964 suum,
2458 1908 2684 1968 repente
2728 1911 2918 1973 raptus
2960 1910 3314 1973 mortuusque
3340 1912 3510 1970 esset,

1898 1990 2042 2060 quod
2065 1989 2223 2048 scivit
2272 1990 2537 2066 propheta
2583 2008 2767 2049 rerum
2802 1994 3161 2053 humanarum
3202 1977 3514 2057 volubilita-

1900 2091 2029 2149 tem,
2060 2083 2217 2151 dixit,
2247 2084 2515 2153 Quomodo
2542 2088 2723 2142 recidit
2751 2088 2816 2144 de
2842 2091 2970 2147 calo
2991 2089 3235 2163 Lucifer,
3251 2094 3339 2166 qui
3364 2111 3516 2155 ιιιωιε

1897 2173 2154 2231 oriebatur
2167 2176 2304 2246 f‘qui
2332 2194 2485 2249 reges
2509 2181 2769 2245 cenentit,
2796 2184 2889 2252 qui
2912 2193 3083 2239 totum
3113 2185 3300 2242 orbem
3322 2188 3512 2244 deser-

1900 2274 2010 2321 tum
2034 2267 2252 2325 reddit?
2282 2268 2543 2340 illumque
2560 2270 2845 2343 alloquens
2867 2285 2925 2330 et
2952 2274 3260 2341 traducens.
3286 2279 3361 2334 ait
3389 2296 3405 2335 :
3432 2278 3515 2338 Tu

1895 2370 2068 2414 autem
2094 2360 2306 2428 dixisti,
2332 2361 2399 2418 lu
2446 2364 2632 2418 ctutum
2663 2367 2961 2434 ascendam,
2998 2385 3159 2430 supra
3188 2369 3365 2425 stellas
3396 2372 3528 2429 cwli,

1897 2468 2085 2521 ponam
2137 2452 2377 2507 thronum
2419 2471 2607 2521 nicum,
2626 2466 2674 2511 et
2706 2458 2889 2514 similis
2908 2476 2994 2514 cro
3040 2460 3322 2516 Altissimo.
3353 2461 3528 2527 Nunc,

1895 2556 1985 2601 aut
1993 2564 2066 2601 em
2084 2548 2136 2601 iu
2153 2547 2413 2618 infernum
2428 2549 2725 2619 ducenties,
2746 2553 2839 2608 sub
2856 2562 2904 2609 te
2918 2564 3146 2611 sterneut
3162 2560 3529 2630 ριιιινειίὶηειιι,⁸

1894 2648 1943 2692 et
1958 2640 2330 2709 aperimeutum
2351 2651 2491 2696 tuum
2516 2645 2721 2700 vermis.
2756 2645 2942 2702 Videu’
2971 2650 3263 2719 quomodo,
3288 2663 3343 2707 ιιι
3372 2652 3509 2718 dixi,

1896 2730 2018 2786 ideo
2041 2732 2205 2788 talem
2231 2743 2437 2790 sortem
2462 2751 2660 2807 corpus
2697 2749 2946 2794 nostrum
2975 2739 3177 2799 habere
3205 2746 3508 2810 constituit.

1896 2830 1954 2877 ut
1980 2826 2303 2896 arrogantitr
2332 2826 2683 2897 pharmaenm
2722 2842 2869 2887 esset
2887 2831 2911 2883 ἵ
2931 2832 3129 2888 Videas
3157 2835 3319 2905 igitur
3358 2838 3522 2897 illum,

1892 2919 2199 2989 arrogantia
2233 2919 2475 2989 plenum.
2508 2921 2575 2975 ab
2605 2921 2667 2977 iis
2695 2939 2815 2992 qua!
2837 2936 2957 2994 post
2988 2937 3217 2989 mortem
3255 2930 3512 2988 accidunt

1897 3010 2050 3066 illum
2082 3012 2285 3079 erudit,
2316 3028 2529 3069 vermes
2569 3031 2903 3084 memorans,
2958 3017 3227 3084 lectorem,
3264 3024 3507 3089 saniem,

1896 3113 1955 3159 ut
1984 3104 2100 3159 lucc
2142 3106 2388 3175 engitans
2411 3108 2778 3178 arrogantiam
2823 3110 3092 3176 demittat,
3126 3128 3233 3167 non
3264 3130 3509 3184 prasen-

1896 3196 1965 3251 tia
1983 3197 2334 3254 considerans
2348 3211 2405 3255 et
2431 3200 2667 3267 inﬂatus,
2686 3201 2780 3257 sed
2807 3203 3147 3275 perpendens
3162 3207 3253 3278 qui
3270 3207 3371 3263 sibi
3391 3209 3520 3264 ﬁnis

1894 3289 2100 3358 instet,
2157 3307 2323 3361 quam
2358 3304 2709 3363 suscepturus
2746 3296 2818 3351 sit
2859 3297 3235 3353 mutationem.
3278 3300 3516 3374 Ideoque

1897 3384 2150 3455 passibile
2164 3399 2359 3455 corpus
2384 3388 2561 3441 sortiti
2584 3402 2793 3454 sumus,
2812 3396 2867 3445 et
2889 3399 3253 3459 postmortem
3270 3394 3340 3447 ita
3371 3393 3520 3450 fictio.

1896 3476 2046 3531 dum.
2073 3476 2130 3532 Si
2157 3477 2323 3544 enim,
2350 3493 2475 3533 cum
2504 3479 2626 3534 talis
2646 3489 2718 3536 Stt
2743 3492 2955 3545 natura,
2989 3482 3246 3539 iuscusati
3272 3488 3426 3540 multi
3459 3488 3511 3545 in

1900 3578 2109 3625 tantam
2134 3572 2499 3642 arrogantiam
2528 3572 2890 3640 devenerunt,
2924 3586 2981 3629 nt
3015 3592 3074 3632 se
3118 3576 3228 3633 Deo
3272 3580 3515 3651 a'qttulrs

1902 3660 2344 3731 imaginarentur,
2369 3673 2423 3718 et
2453 3664 2520 3736 ad
2547 3665 2738 3720 cadum
2756 3682 2979 3736 scopum
3007 3668 3385 3737 intenderent;
3411 3673 3517 3729 nisi

1907 3752 2007 3809 hoc
2022 3754 2379 3810 retinerentur
2392 3754 2567 3823 freno,
2584 3772 2817 3827 quonam
2835 3760 3130 3831 iniquitatis
3144 3778 3250 3819 non
3265 3780 3519 3837 erumpe-

1904 3847 2060 3901 rent?
2086 3845 2274 3917 Neque
2318 3846 2405 3903 hic
2456 3848 2663 3903 tantum
2697 3866 2792 3905 rex
2814 3892 2828 3915 ,
2863 3853 2958 3907 sed
2992 3864 3040 3909 et
3072 3855 3212 3911 alius
3244 3857 3517 3914 invenitur

1905 3936 2141 4007 idipsum
2172 3937 2276 3993 sibi
2320 3938 2551 4012 ﬁngens,
2583 3957 2743 4013 quem
2798 3944 2939 4000 alius
2970 3946 3231 4017 prephcta
3266 3949 3517 4007 Ezechiel

1902 4030 1984 4087 sic
2012 4030 2245 4088 traducit
2278 4049 2291 4087 :
2322 4031 2401 4088 Tu
2430 4043 2599 4089 autent
2621 4036 2820 4103 dixisti,
2865 4037 3007 4094 Deus
3047 4057 3184 4109 sum,
3214 4059 3315 4096 non
3336 4044 3515 4107 homo,

1903 4123 2139 4180 habitans
2160 4126 2214 4181 in
2251 4126 2406 4181 corde
2434 4138 2587 4183 terra:
2604 4146 2623 4183 :
2642 4146 2711 4184 au
2751 4130 2805 4184 in
2833 4148 2993 4187 manu
3020 4142 3067 4188 te
3114 4137 3518 4209 confodieutimu

1904 4220 2062 4287 dices,
2094 4219 2236 4275 Deus
2286 4238 2419 4289 sum,
2450 4240 2555 4277 non
2588 4224 2739 4279 homo
2771 4223 2990 4299 (Ezech.
3035 4227 3126 4284 28.
3174 4230 3279 4299 2)?
3329 4232 3519 4289 Vidcn'

1900 4313 2174 4384 quomodo
2201 4312 2287 4371 hic
2313 4317 2478 4371 etiam
2490 4317 2870 4385 subindicavit,
2896 4334 3128 4379 mortem
3157 4324 3278 4379 ideo
3304 4326 3514 4394 ingres-

1900 4420 2015 4461 sam
2044 4420 2185 4471 esse,
2214 4410 2649 4479 utarrogantiam
2672 4412 3054 4482 comprimeret
3073 4423 3129 4469 ut
3156 4416 3350 4471 malum
3370 4418 3519 4475 illam

1901 4498 2311 4568 cogitationem,
2344 4515 2504 4569 quam
2552 4501 2621 4556 ab
2647 4502 2802 4557 initio
2842 4502 2894 4558 in
2930 4504 3103 4573 primo
3133 4520 3358 4578 parente
3383 4510 3516 4567 ίιιειιο

1902 4592 2010 4645 ruit
2039 4590 2306 4658 diabolus,
2329 4592 2588 4648 radicitus
2617 4594 2917 4650 evelleret?
2956 4596 3168 4652 Etenim
3212 4600 3514 4657 idololatria

1902 4697 2118 4753 quoque
2162 4682 2290 4739 hinc
2333 4692 2510 4739 ortum
2542 4684 2750 4751 habuit,
2791 4702 2913 4757 qua:
2946 4688 3305 4746 humanorum
3341 4695 3515 4749 maln-

1904 4791 2025 4831 rum
2054 4776 2325 4846 roloplion
2354 4788 2462 4843 est,
2510 4778 2652 4847 quod
2696 4780 2855 4834 ntulti
2889 4782 2940 4836 in
2970 4774 3333 4853 arrogantiam
3363 4787 3515 4855 elati,

1900 4867 2267 4937 aequalitatem
2307 4883 2430 4923 cum
2492 4869 2605 4925 Deo
2660 4872 3060 4942 concupierint.
3113 4874 3317 4931 Omnes
3369 4878 3513 4933 enim

1902 4962 1992 5030 qni
2042 4959 2182 5029 apud
2224 4960 2446 5017 Gra‘eos
2498 4962 2573 5017 tlii
2626 4972 2771 5028 sunt,
2823 4964 2892 5019 ab
2936 4966 3249 5024 hominibus
3296 4972 3516 5026 conﬁcti

1904 5053 2053 5108 luere
2073 5071 2086 5106 :
2107 5053 2250 5123 quod
2283 5069 2352 5110 ne
2375 5056 2643 5120 eveniret,
2670 5065 2899 5113 mortem
2930 5060 3183 5130 opposuit
3208 5062 3368 5128 Deus,
3395 5080 3517 5134 qua:

1902 5144 2268 5200 inﬁrmitatem
2286 5158 2489 5202 natura:
2511 5146 3517 5219 comprobant.IdeounigenitusFilius

1904 5238 2022 5306 Dei,
2047 5241 2411 5311 arrogantiam
2439 5240 2751 5313 deprimens
2775 5244 2899 5299 talia
2944 5246 3221 5318 ingressus
3251 5254 3519 5319 prooemia

1902 5337 2183 5405 apparavit
2212 5344 2269 5389 ut
2309 5347 2588 5406 pateretur
2617 5341 2911 5409 tugurium,
2958 5352 3353 5411 paupertatem,
3401 5362 3517 5401 ma-
3564 5414 3571 5419 ,

1903 5436 2038 5482 trem
2070 5428 2283 5499 inopem
2320 5446 2333 5483 :
2369 5443 2465 5498 per
2500 5444 2664 5500 opera
2696 5434 2948 5487 omnibus
2989 5434 3224 5491 suadens
3256 5445 3313 5490 ut
3340 5438 3519 5492 calca-

1900 5530 2023 5576 rent
2062 5522 2355 5575 humanum
2405 5523 2599 5577 fastum
2636 5533 2732 5579 :et
2791 5540 2911 5580 cum
2956 5526 3295 5597 advenisset,
3341 5532 3517 5599 primo

1900 5614 2163 5669 barbaros
2186 5625 2361 5668 vocat.
2388 5616 2498 5669 Cur
2524 5626 2579 5670 et
2604 5632 2707 5687 qua
2729 5616 2797 5672 de
2817 5619 3017 5673 causa?
3044 5619 3178 5690 Quia
3222 5622 3361 5677 male
3383 5624 3513 5679 alle-

1899 5716 2044 5761 ctum
2069 5718 2186 5761 erat
2209 5707 2500 5762 humanmn
2519 5723 2689 5777 genus
2717 5706 2930 5777 (rursus
2951 5713 3095 5765 enim
3121 5713 3370 5769 eumdem
3420 5730 3509 5772 re-

1900 5814 2111 5854 sumam
2136 5799 2493 5869 seimnnem),
2523 5812 2577 5855 et
2606 5816 2797 5857 omnes
2823 5803 2893 5858 de
2923 5805 3097 5861 salute
3126 5807 3513 5876 destterahant.

1902 5895 2080 5953 l‘rimo
2106 5894 2613 5963 diaboliacropollm
2637 5904 2692 5952 et
2712 5896 3013 5953 sortissima
3033 5897 3148 5969 ejus
3162 5916 3311 5956 arma
3340 5912 3510 5959 trans-
