4034 6400
597 389 696 447 5οἸ

597 512 724 580 ιω,
780 518 839 567 ιιι
878 512 1097 565 alioruzn
1140 520 1296 563 nemo
1335 508 1665 577 desperaret.
1708 503 1959 575 Alioquin
2004 502 2163 557 etiam

592 616 647 659 ut
673 603 841 662 Judaei
873 604 1073 674 pudore
1099 600 1416 666 afﬁciantur,
1436 598 1485 655 id
1514 596 1749 665 ﬁt,quod
1781 596 1879 666 ipsi
1905 593 2162 650 accedere

591 698 891 752 dubitarent
914 712 928 757 ;
954 695 1004 746 hi
1027 708 1152 746 vero
1176 690 1387 759 longam
1413 688 1893 761 peregrinationem
1924 700 2168 756 suscepe-

590 798 732 854 rant,
762 797 817 841 ιιι
848 788 992 840 illum
1025 784 1266 839 viderent
1302 797 1355 837 et
1386 782 1674 837 adorarent
1701 798 1713 832 :
1738 788 1793 833 et
1820 779 2165 833 circumeun-

587 889 669 932 tes
716 878 936 941 dicunt,
996 875 1095 931 Ubi
1143 885 1217 929 est
1257 885 1341 944 qut
1379 884 1524 927 natus
1582 881 1654 925 est
1704 869 1814 925 Rex
1856 866 2166 922 Juda'orum

586 969 798 1037 (Matth.
819 968 876 1022 9..
894 968 949 1035 ἓ)
965 968 988 1006 ν

655 1062 709 1115 5.
739 1059 841 1113 Cur
880 1059 1109 1112 Christus
1138 1058 1300 1127 primo
1322 1073 1353 1108 η
1382 1056 1540 1126 magis
1567 1052 1794 1107 barbaris
1816 1051 2160 1129 nummtietur.

586 1145 749 1207 Stella
763 1168 875 1220 qua:
898 1153 1057 1222 magis
1082 1151 1342 1221 apparuit,
1360 1149 1480 1218 quid
1494 1156 1642 1201 esset.
1658 1146 1759 1201 Cur
1775 1144 1970 1199 Paulus
1982 1142 2160 1197 Timo-

582 1246 749 1297 theum
776 1242 1159 1297 circumciderit.
1187 1270 1257 1281 —
1284 1240 1328 1295 0
1350 1252 1435 1293 res
1456 1236 1726 1294 mirabiles
1748 1245 1802 1291 et
1823 1235 2158 1305 inexspecm-

583 1335 684 1388 tze!
710 1334 1092 1403 perbarbaram
1115 1345 1296 1385 vocem
1316 1331 1540 1399 primam
1569 1327 1873 1396 uuigenitus
1887 1324 2050 1378 Filius
2070 1324 2161 1379 ltci

583 1428 635 1481 iu
648 1425 830 1480 Judrt‘a
852 1422 1285 1494 pr:cdicatur,nbi
1304 1420 1598 1489 prophetat,
1615 1416 1947 1488 patriarchzc,
1963 1427 2011 1471 et
2031 1415 2173 1485 justi”

581 1527 634 1570 et
656 1518 759 1581 lex,
786 1531 927 1579 arca,
954 1523 1355 1576 testamentum,
1374 1510 1653 1581 templum.
1671 1509 2015 1572 sacriﬁcium,
2041 1510 2161 1560 enl-

581 1619 689 1663 tus:
719 1617 766 1659 et
786 1606 859 1659 illi
891 1605 1102 1675 quidem
1121 1604 1208 1673 qni
1238 1604 1291 1657 in
1311 1601 1652 1657 hisiuuutriti
1673 1591 1846 1664 erant,
1872 1614 1899 1652 a
1919 1597 2161 1652 barbaris

581 1697 753 1751 edocti
783 1696 1096 1752 erudiuntur
1125 1713 1137 1749 :
1170 1695 1259 1765 qui
1290 1708 1417 1749 vero
1443 1692 1643 1746 mdium
1671 1705 1856 1746 eorum
1891 1689 1976 1743 vel
2009 1688 2145 1757 cogis

581 1799 759 1845 taruut
782 1790 1017 1861 quidem,
1041 1789 1291 1845 doctores
1304 1788 1419 1844 h:ec
1437 1787 1801 1842 meditantium
1826 1784 2155 1840 efficiuntur.

580 1880 706 1935 ldco
733 1882 1013 1936 traducem
1056 1881 1175 1935 illos
1208 1880 1463 1950 propheta
1493 1878 1658 1933 David
1686 1876 1901 1932 dicebat
1934 1894 1947 1929 :
1985 1877 2160 1941 Quare

578 1974 887 2041 frenmeruut
907 1982 1094 2041 gentes,
1121 1979 1166 2024 et
1185 1970 1363 2041 pepuli
1392 1970 1615 2022 meditati
1642 1978 1755 2023 sunt
1782 1968 1957 2021 inania
1980 1965 2154 2038 (Psal.

576 2065 631 2117 2.
660 2065 711 2133 Ι)
734 2064 756 2116 ?
783 2064 1061 2132 Quomodo
1088 2065 1231 2120 enim
1264 2079 1395 2118 vana
1429 2073 1604 2118 mente
1628 2064 1741 2118 hzee
1766 2070 2156 2127 tractaverunt,

574 2157 665 2227 qui
697 2172 841 2221 eum,
869 2156 958 2226 qui
985 2171 1014 2210 a
1044 2155 1319 2226 prOphctis
1344 2156 1685 2210 annuntiatus
1730 2166 1841 2211 erat
1869 2196 1886 2223 ,
1917 2169 2024 2209 non
2074 2170 2160 2211 re-

575 2250 881 2316 ceperunt?
908 2251 977 2303 At
1004 2250 1072 2304 ita
1100 2265 1204 2303 non
1231 2250 1403 2319 magi;
1436 2247 1527 2303 sed
1560 2246 1654 2313 illi,
1686 2249 1870 2303 relicta
1907 2247 2076 2317 patn‘a
2103 2257 2161 2303 et

575 2344 737 2397 domo
757 2353 812 2398 et
850 2344 1036 2397 amicis
1066 2350 1119 2397 et
1147 2342 1405 2413 cognatis,
1439 2356 1500 2395 ac
1540 2341 1695 2409 longa
1727 2350 1973 2411 suscepta
2006 2353 2159 2410 pereo

574 2435 893 2503 grinatione,
923 2435 974 2487 in
996 2433 1229 2503 pericula
1254 2449 1312 2488 se
1338 2433 1705 2503 conjeeeruut.
1723 2432 1854 2487 Nam
1883 2432 1933 2485 in
1956 2433 2154 2503 regiam

576 2528 766 2581 urbem
799 2528 1082 2581 venientes
1106 2526 1501 2596 interrogabant
1535 2526 1623 2580 ubi
1667 2541 1761 2580 rex
1792 2535 1950 2593 natus
1977 2536 2152 2590 esset;

574 2632 682 2671 non
711 2617 850 2687 regis
878 2628 1003 2671 tunc
1033 2617 1303 2686 regnantis
1330 2617 1459 2670 iram
1482 2658 1496 2681 ,
1527 2631 1633 2671 non
1688 2616 1857 2685 plebis
1902 2616 2155 2671 insnltutn

575 2711 933 2781 suspicantes,
964 2727 1069 2765 non
1096 2710 1243 2765 urbis
1271 2709 1509 2764 insidias.
1556 2710 1688 2778 Quia
1722 2708 1865 2764 enim
1900 2708 2157 2778 prardica-

576 2804 777 2857 tionem
804 2810 1173 2871 susceperant,
1201 2808 1254 2855 ct
1272 2800 1575 2870 philosOpbi
1606 2808 1661 2855 et
1687 2810 1949 2871 martyres
1971 2800 2159 2854 viven-

575 2903 657 2947 tes
705 2894 882 2947 statim
936 2893 1097 2956 tiuut,
1150 2899 1375 2947 mortem
1423 2907 1528 2947 non
1584 2892 1869 2957 timentes,
1923 2891 2155 2959 pericula

576 2984 964 3053 despicientcs,
994 2994 1312 3053 prmsrntem
1338 2985 1495 3037 vitam
1519 2991 1854 3053 spernentes.
1885 2998 2003 3037 cum
2026 2982 2156 3038 tidu-

573 3078 654 3130 eia
689 3075 1035 3144 pnedicantes
1063 3090 1259 3145 caquu:
1289 3074 1602 3140 didicerant,
1634 3074 1685 3127 in
1710 3073 1886 3129 media
1921 3074 2071 3138 urbe,
2103 3074 2154 3128 in

575 3171 753 3226 medio
769 3170 961 3240 populo
985 3180 1166 3223 natum
1189 3170 1585 3223 annimtiantes.
1608 3166 1732 3222 Ideo
1755 3182 1981 3236 namque
2003 3166 2155 3220 stella

573 3266 891 3328 occultatur,
917 3274 973 3317 ut
993 3262 1215 3316 ductore
1242 3277 1345 3312 non
1375 3270 1738 3328 comparente,
1764 3273 1793 3311 a
1816 3257 2153 3317 Judaeisedi-

576 3375 729 3415 scere
756 3366 1093 3427 cogerentur;
1117 3355 1229 3409 imo
1248 3352 1423 3423 potius
1446 3350 1705 3405 discendo
1724 3338 2151 3405 docerent-illos:

576 3434 918 3506 locnm'enim
942 3448 1114 3503 solum
1137 3456 1417 3515 qumrunt;
1446 3442 1586 3515 quod
1614 3452 1791 3497 autem
1815 3452 1969 3497 natus
1990 3441 2155 3507 esset,

577 3546 726 3613 prius
750 3542 1069 3597 didicerant.
1099 3538 1201 3594 Sed
1234 3538 1356 3591 vide
1389 3536 1481 3591 Dei
1509 3536 1845 3603 sapientiam,
1885 3534 2157 3605 quomodo

587 3637 707 3689 illos
734 3635 1023 3687 vocaverit.
1054 3626 1167 3685 Non
1201 3628 1510 3699 propin-tam
1544 3628 1719 3691 misit,
1750 3642 1854 3681 non
1882 3626 2027 3681 enim
2056 3624 2156 3679 ad-

579 3726 883 3787 misissent;
928 3738 1032 3777 non
1064 3722 1361 3791 apostolum
1384 3762 1397 3783 ,
1426 3736 1530 3773 non
1569 3720 1712 3773 enim
1757 3718 2111 3773 attendissent
2138 3734 2155 3783 ;

578 3831 685 3869 non
714 3818 1026 3881 scripturas,
1057 3827 1161 3863 non
1186 3810 1328 3863 enim
1354 3808 1627 3861 sciebant:
1657 3804 1749 3859 scd
1779 3822 1809 3859 a
1839 3805 1999 3859 rebus
2023 3804 2152 3873 ipsis

576 3906 952 3966 familiaribus,
990 3906 1041 3957 in
1074 3902 1225 3971 queis
1256 3900 1495 3954 innutriti
1524 3907 1698 3960 erant,
1734 3899 1852 3952 illos
1878 3898 1945 3950 ab
1971 3912 2154 3952 errore

575 3997 813 4052 abducit.
853 3998 982 4063 Quia
1012 3996 1155 4051 enim
1206 3992 1341 4062 magi
1386 3999 1570 4057 erant,
1602 4000 1657 4045 et
1686 3992 1825 4045 circa
1869 3989 2047 4043 stellas
2071 4004 2157 4043 ars

576 4093 810 4157 ipsorum
855 4088 1186 4159 versabatur,
1219 4084 1372 4139 stella
1416 4090 1673 4153 apparet,
1717 4083 1861 4151 ipsos
1906 4096 1935 4134 a
1966 4080 2157 4134 tinilms

576 4183 687 4235 suis
716 4179 1064 4242 abstrabeus;
1095 4177 1244 4230 stella
1272 4191 1375 4229 non
1399 4190 1501 4227 una
1533 4189 1599 4228 ex
1637 4174 1699 4227 iis
1729 4187 1861 4241 quas
1891 4172 2152 4235 videmus,

575 4276 668 4328 sed
700 4275 878 4326 divina
917 4271 1157 4340 quardam
1190 4280 1243 4323 ct
1272 4268 1549 4323 invisibilis
1574 4267 1747 4319 virtus
1774 4267 1825 4318 in
1851 4266 2017 4319 stella:
2040 4280 2160 4333 spe-

574 4367 711 4419 ciem
745 4361 1113 4416 transformata
1145 4379 1157 4413 :
1193 4360 1353 4414 trahit
1385 4368 1561 4413 autem
1594 4358 1711 4411 illo;
1741 4358 1891 4408 stella
1928 4395 1941 4421 ,
1976 4365 2029 4407 ut
2061 4355 2155 4406 ab-

574 4457 735 4509 ducat
784 4454 901 4506 illos
954 4453 1207 4519 deinceps
1248 4467 1277 4505 a
1326 4451 1600 4504 Stellarum
1648 4447 2052 4515 SpCt'lllnllOllC,
2106 4456 2152 4499 et

575 4547 877 4615 astrologim
910 4543 1245 4615 tyrannidem
1275 4542 1467 4596 solvat.
1512 4541 1600 4595 Sic
1644 4549 1697 4593 et
1753 4538 1945 4592 Paulus
1994 4536 2163 4598 fet-it,

576 4636 859 4692 Dominum
908 4652 1060 4689 suum
1110 4635 1356 4697 imitans;
1403 4650 1522 4687 nam
1563 4632 1668 4692 ait,
1720 4631 2010 4683 lmitalores
2060 4630 2156 4682 mei

576 4740 751 4789 estote,
780 4730 905 4781 sicut
933 4737 977 4780 ct
1004 4744 1094 4798 ego
1122 4722 1313 4780 Christi
1342 4726 1433 4795 (1.
1466 4724 1585 4777 Cor.
1616 4725 1665 4777 4.
1703 4724 1735 4777 6
1760 4726 1796 4789 ).
1829 4723 1977 4777 Sicut
2007 4722 2152 4775 enim

578 4821 835 4874 Dominus
856 4821 973 4887 ejus
996 4833 1177 4885 magos
1199 4832 1418 4879 vocans,
1444 4816 1613 4869 stella:
1640 4815 1869 4883 speciem
1905 4814 2067 4874 misit,
2098 4823 2153 4865 ιιι

576 4930 687 4968 rem
718 4921 1026 4968 consuetam
1055 4919 1427 4980 agnoscentes,
1452 4908 1605 4961 facile
1633 4909 2075 4976 obsequerentur,
2105 4916 2157 4961 ct

577 5005 856 5060 venientes
901 5003 1174 5057 stellarum
1222 5002 1505 5055 Dominum
1552 4999 1814 5060 viderent,
1867 5009 1919 5052 et
1971 4999 2155 5052 relicta

578 5098 667 5150 illa
700 5097 952 5149 servitute
976 5135 990 5159 ,
1020 5109 1078 5147 se
1110 5093 1233 5145 huic
1260 5090 1495 5144 dominio
1522 5089 1812 5145 subderent
1840 5106 1851 5141 :
1878 5090 1953 5142 sic
1986 5099 2038 5143 et
2070 5089 2159 5143 ille

579 5189 1043 5244 circutucisinnem
1090 5186 1426 5250 sublaturus,
1456 5198 1572 5236 cum
1623 5184 2029 5235 circumcisione
2062 5182 2157 5234 Ti-

581 5280 854 5334 motheum
907 5280 1068 5331 misit.
1114 5278 1245 5345 Quia
1288 5278 1430 5331 enim
1473 5276 1638 5331 Judmi
1689 5277 1832 5328 illum
1882 5277 2150 5343 excepturi

591 5382 743 5425 erant
762 5413 774 5434 ,
807 5372 916 5440 ipse
945 5386 1070 5423 vero
1099 5371 1234 5422 [ilius
1261 5378 1373 5422 erat
1400 5367 1595 5422 Jndma:
1625 5366 1791 5420 ﬁdelis
1814 5408 1827 5429 ,
1865 5369 2027 5434 patris
2060 5385 2157 5421 au-

593 5474 701 5515 tem
731 5462 963 5531 gentilis,
998 5461 1217 5529 ideoque
1250 5460 1617 5529 prcepittiatns,
1655 5459 1983 5511 circumcidit
2014 5474 2153 5521 eum,

585 5554 906 5619 piscatorum
938 5566 1086 5604 more
1111 5566 1271 5617 agens
1297 5570 1308 5604 :
1336 5551 1387 5605 iti
1415 5552 1555 5603 enim
1584 5566 1795 5619 quoque
1820 5552 2031 5631 hamum
2066 5568 2163 5604 nu-

587 5646 711 5696 dum
743 5660 844 5696 non
881 5642 1119 5711 injiciunt
1146 5644 1195 5694 in
1232 5658 1373 5696 turre
1403 5642 1496 5695 sed
1546 5656 1703 5695 carne
1734 5643 1907 5709 ipsum
1937 5642 2163 5694 circum-

584 5736 731 5788 dant.
766 5738 843 5787 Sit
869 5753 994 5805 ergo
1036 5752 1179 5789 mare
1212 5740 1483 5806 Symgnga
1508 5776 1522 5798 ,
1550 5734 1715 5789 Jud.ei
1765 5749 1893 5787 vero
1940 5734 2114 5802 pisces
2146 5776 2159 5795 ,

588 5827 773 5881 bamus
804 5829 1129 5893 Timotheus,
1166 5828 1501 5882 circumcisio
1530 5844 1653 5881 caro
1685 5826 1901 5879 hamum
1930 5828 2155 5881 circum-

1296 392 1352 450 S.
1392 388 1669 448 JOANNIS
1705 380 2180 447 CURYSOSTOMI
2223 376 2540 446 ARCIHEP.
2576 379 3111 450 CONSTAXIINOP.

3762 394 3870 452 505

2277 499 2436 569 dans,
2470 504 2705 574 piscator
2748 515 2926 561 autem
2972 506 3168 563 Paulus
3198 525 3210 563 :
3241 507 3463 562 hamum
3493 520 3625 580 ergo
3651 506 3783 577 jaeit
3816 512 3873 565 in

2273 606 2423 648 mare
2446 636 2461 660 ,
2495 594 2591 650 scd
2621 610 2728 651 non
2759 598 2991 662 nudum;
3025 597 3392 664 ‘l‘imotheum,
3426 615 3548 655 cum
3578 602 3877 655 circumci-

2272 684 2450 751 sione,
2481 694 2534 740 et
2584 700 2689 741 non
2742 688 3138 759 prmputiatum.
3185 690 3241 745 Si
3288 688 3431 746 enim
3483 692 3872 762 pra‘putiatum

2270 775 2523 839 misisset,
2551 778 2723 847 pisces
2744 779 3092 850 aufugisscut.
3116 778 3333 835 hamum
3358 782 3602 839 videntes
3623 783 3829 838 nudum
3853 797 3868 835 :

2272 864 2392 920 ideo
2433 866 2580 922 illum
2626 870 2795 923 munit
2839 871 3272 939 circumcisione,
3307 882 3501 929 utrem
3544 884 3871 931 consuetam

2270 959 2535 1026 videntes,
2573 974 2919 1019 accurrerent
2971 964 3037 1018 ad
3090 965 3324 1035 prmdam
3346 1008 3361 1031 ,
3390 976 3445 1020 et
3475 982 3543 1022 ne
3575 967 3664 1022 ille
3707 982 3871 1023 accc-

2268 1052 2458 1108 dentes
2484 1069 2591 1124 prce
2613 1064 2759 1110 metu
2782 1055 3018 1126 fugaret;
3050 1057 3142 1111 sed
3166 1073 3266 1128 per
3288 1058 3757 1114 circnmcisionem
3786 1060 3867 1113 illi

2267 1144 2680 1213 attraherentur,
2731 1157 2785 1201 et
2837 1146 3101 1215 doctrina:
3147 1150 3314 1204 verbo
3358 1150 3771 1205 retinerentur:
3810 1162 3871 1207 ιιι

2268 1237 2428 1291 etiam
2479 1236 2677 1293 factum
2710 1249 2812 1293 est.
2870 1239 3145 1310 Ingressus
3192 1242 3335 1295 cnim
3383 1251 3439 1296 et
3482 1243 3865 1310 circumcisus,

2265 1329 2730 1385 circumcisiouem
2764 1332 2946 1385 solvit.
2982 1332 3043 1387 lli
3075 1341 3200 1386 sttnt
3222 1334 3366 1387 enim
3393 1335 3713 1389 meonomiar
3745 1351 3869 1389 mo-

2265 1423 2315 1480 di
2344 1440 2356 1474 :
2387 1423 2557 1492 primo
2581 1423 2666 1477 illa
2693 1438 2814 1479 sese
2837 1434 3179 1494 attemperat,
3223 1436 3278 1480 et
3305 1434 3429 1481 tunc
3457 1425 3642 1481 trahit.
3694 1426 3788 1482 Sic
3810 1436 3869 1481 ct

2264 1515 2510 1569 Christus
2555 1515 2677 1590 fecit
2728 1517 2987 1571 barbaros
3034 1532 3251 1571 vocans.
3302 1517 3437 1573 Nam
3490 1529 3548 1573 ut
3608 1520 3869 1575 homines

2266 1620 2463 1659 vorans
2500 1606 2771 1661 hominem
2805 1607 2977 1661 induit
3003 1619 3053 1661 et
3082 1608 3382 1663 secundum
3413 1610 3649 1678 speciem
3683 1620 3740 1664 ct
3765 1626 3863 1665 sc-

2265 1697 2497 1751 cundum
2525 1682 2768 1752 naturam
2793 1716 2806 1751 :
2832 1699 2909 1753 sic
2939 1714 3126 1769 magos
3150 1714 3369 1764 vocans,
3401 1698 3724 1754 invisibilem
3752 1701 3865 1754 vir-

2266 1797 2430 1845 tutetu
2456 1789 2506 1843 in
2525 1788 2694 1843 stella:
2715 1790 2950 1858 speciem
2972 1792 3212 1845 mutavit.
3233 1790 3386 1857 Quod
3405 1791 3548 1846 enim
3572 1808 3677 1844 non
3697 1791 3864 1847 stella

2264 1880 2725 1935 essetexaliarum
2753 1881 3027 1935 stellarum
3074 1897 3301 1935 numero
3324 1922 3339 1946 ,
3384 1896 3449 1936 ex
3494 1896 3654 1936 cursu
3682 1882 3861 1936 disce.

2262 1968 2377 2024 Non
2400 1970 2543 2025 enim
2572 1970 2641 2024 ab
2659 1970 2868 2026 oriente
2893 1970 2958 2025 ad
2988 1971 3325 2026 occidentem
3344 1972 3625 2047 currebat,
3660 1973 3756 2026 sed
3788 1974 3863 2025 ab

2262 2063 2627 2132 septentrione
2672 2062 2737 2116 ad
2782 2062 3097 2129 meridiem;
3132 2063 3202 2117 ita
3233 2064 3375 2118 enim
3409 2064 3692 2119 Palmstina
3725 2082 3862 2134 erga

2264 2152 2536 2209 Persidem
2562 2153 2663 2208 sita
2692 2162 2777 2209 est
2802 2172 2815 2209 :
2844 2163 2901 2209 et
2929 2164 3153 2224 apparet
3181 2155 3269 2210 illa
3298 2170 3404 2211 non
3433 2167 3614 2219 noctu,
3644 2157 3741 2213 sed
3772 2159 3863 2212 in—

2263 2246 2438 2301 terdiu
2458 2288 2473 2309 ,
2502 2245 2645 2315 quod
2675 2246 2827 2302 stella
2862 2263 2966 2301 non
2994 2247 3121 2302 facit
3149 2264 3164 2302 :
3197 2247 3425 2317 ideoque
3455 2258 3507 2303 et
3542 2262 3772 2319 apparet
3803 2260 3864 2306 et

2261 2339 2580 2403 occultatur,
2603 2338 2743 2408 quod
2761 2339 2919 2393 etiam
2942 2339 3115 2394 stella:
3142 2356 3245 2393 non
3273 2339 3434 2395 fuerit
3460 2361 3473 2396 :
3499 2342 3863 2397 absconditur

2260 2442 2380 2482 cum
2408 2426 2800 2498 Jerosolymam
2826 2444 2886 2483 se
2913 2429 3255 2483 contulerunt
3277 2471 3291 2490 .
3323 2439 3377 2483 et
3422 2441 3649 2500 apparet
3694 2442 3855 2502 post-

2261 2516 2418 2586 quam
2446 2534 2474 2572 a
2506 2533 2633 2589 rege
2657 2517 3039 2575 discesserant.
3060 2519 3211 2575 Unde
3240 2518 3412 2589 palam
3436 2530 3519 2575 est
3546 2522 3862 2593 intelligen-

2263 2617 2370 2664 tem
2400 2608 2563 2664 fuisse
2593 2609 2869 2676 virtutem,
2902 2627 3021 2680 qua:
3046 2610 3112 2665 ad
3140 2612 3289 2680 jussa
3322 2613 3641 2681 enniplenda
3669 2618 3858 2669 omnia

2260 2701 2598 2757 observaret.
2625 2701 2809 2770 Neque
2833 2716 2961 2757 vero
2987 2703 3111 2757 inde
3134 2705 3307 2758 solum
3335 2704 3383 2757 id
3414 2705 3586 2774 palam
3618 2718 3733 2772 cst;
3758 2710 3855 2763 sed

2260 2796 2421 2851 etiam
2446 2795 2587 2865 quod
2608 2836 2625 2861 ,
2663 2810 2785 2851 cum
2817 2796 3058 2851 duvisset
3087 2796 3152 2850 ad
3187 2813 3427 2866 przesepe
3448 2841 3461 2861 ,
3496 2814 3609 2853 non
3640 2815 3707 2855 ex
3742 2802 3861 2857 alto

2259 2884 2561 2941 ostenditur
2580 2886 2676 2951 eis,
2701 2886 2795 2941 sed
2825 2885 2959 2941 infra
2986 2886 3321 2942 descendens
3347 2890 3577 2954 steterit,
3606 2892 3696 2945 ubi
3737 2903 3859 2947 erat

2260 2992 2415 3048 puer,
2455 2992 2613 3047 supra
2643 2978 2758 3047 ejus
2779 2989 2961 3048 caput,
3006 2989 3061 3031 ut
3095 2979 3163 3032 ita
3193 2979 3370 3034 dicam
3396 2999 3409 3034 :
3432 2981 3476 3033 si
3518 2981 3665 3036 enim
3693 2984 3855 3037 stella

2260 3067 2473 3133 fuisset,
2499 3082 2604 3122 non
2635 3068 2810 3122 locum
2845 3078 2949 3122 tam
2977 3078 3261 3139 angustum
3291 3076 3347 3124 et
3385 3069 3856 3142 circumscriptum

2258 3160 2602 3215 ostendisset.
2628 3160 2787 3215 Scitis
2817 3161 2958 3215 enim
2989 3162 3156 3230 probe
3184 3161 3324 3232 quod
3367 3162 3438 3216 ob
3470 3163 3692 3218 nimiam
3726 3166 3856 3218 alti-

2262 3253 2498 3309 tudinem
2517 3270 2583 3309 ne
2605 3253 2751 3308 urbis
2768 3253 2980 3322 quidem
2999 3254 3174 3309 locum
3192 3250 3468 3325 assignare
3481 3256 3633 3310 stella
3659 3258 3857 3324 possit,

2262 3360 2435 3415 neque
2456 3345 2599 3399 clare
2628 3352 2805 3415 potest
2823 3344 2888 3398 ad
2920 3345 3363 3413 perpendiculum
3392 3345 3570 3416 dirigi,
3602 3356 3712 3399 tam
3742 3349 3856 3403 alte

2262 3436 2453 3505 pesita.
2486 3435 2578 3489 Illa
2610 3450 2737 3488 vero
2769 3450 2991 3503 parvmn
3020 3436 3198 3489 locum
3228 3444 3282 3490 et
3310 3450 3553 3506 prmsepe
3577 3450 3857 3492 monstra-

2262 3526 2337 3579 vit
2356 3567 2369 3589 ,
2400 3541 2565 3595 prope
2591 3534 2748 3593 caput
2774 3528 2981 3595 posita;
3013 3536 3066 3580 et
3096 3541 3219 3579 cum
3244 3526 3609 3591 ostendisset,
3658 3530 3847 3583 statim

2260 3619 2519 3673 abscessit
2548 3636 2561 3671 :
2597 3617 2647 3672 id
2679 3617 2821 3687 quod
2853 3617 3023 3672 stella:
3051 3631 3155 3671 non
3182 3626 3315 3671 erat.

2332 3707 2384 3763 ϐ.
2404 3708 2556 3777 Quod
2578 3709 2622 3762 si
2645 3709 2781 3778 magi
2800 3708 3002 3775 dicant,
3028 3707 3259 3763 Vidimus
3274 3709 3473 3762 stellam
3491 3710 3599 3775 eius
3628 3709 3855 3779 (Matth.

2258 3800 2311 3855 2.
2341 3800 2378 3855 2
2397 3802 2437 3871 ),
2467 3817 2531 3855 ex
2560 3810 2676 3857 arte
2700 3816 2793 3855 sua
2828 3802 3110 3870 loquentes
3132 3800 3183 3853 id
3212 3801 3416 3864 dicunt,
3448 3810 3634 3867 postea
3670 3811 3855 3856 tamen

2261 3895 2385 3950 illuc
2410 3895 2643 3961 deducti,
2672 3894 2739 3948 ab
2765 3909 2950 3948 errore
2974 3894 3184 3948 liberati
3212 3903 3356 3947 sunt.
3389 3892 3541 3961 Quod
3566 3893 3713 3947 enim
3738 3903 3857 3947 sta-

2262 3988 2355 4042 tim
2386 3997 2545 4058 atque
2571 3986 2782 4041 stellam
2810 3985 3062 4040 viderunt
3102 3984 3172 4038 ah
3216 3999 3401 4038 errore
3444 3983 3651 4038 liberati
3696 3984 3856 4051 sint,

2263 4082 2436 4151 palam
2465 4089 2548 4136 est
2575 4096 2641 4135 ex
2674 4095 2741 4135 eo
2769 4078 2911 4149 quod
2940 4077 3287 4131 adoraverint
3319 4092 3542 4146 puerum
3577 4092 3592 4129 :
3625 4076 3669 4129 si
3702 4078 3855 4131 enim

2262 4176 2534 4242 vulgarem
2566 4172 2800 4242 aliquam
2830 4170 3040 4226 stellam
3069 4185 3189 4223 esse
3218 4170 3581 4238 putavisseut,
3610 4183 3716 4221 non
3748 4170 3854 4223 ad-

2262 4274 2523 4321 orassent.
2574 4265 2708 4330 Quid
2752 4264 2894 4317 enim
2936 4261 3225 4331 sperabant
3256 4276 3283 4313 a
3317 4260 3540 4329 puerulo
3582 4263 3854 4325 extranei,

2263 4360 2480 4413 advena:
2525 4367 2577 4412 et
2606 4357 2854 4411 barbari?
2885 4354 3026 4409 unde
3068 4356 3208 4408 SCilC
3238 4361 3486 4421 poterant
3517 4354 3691 4422 ipsum
3727 4368 3859 4408 esse

2263 4452 2545 4513 victurum,
2575 4458 2627 4503 et
2653 4448 2913 4503 donorum
2950 4448 3118 4501 vicem
3156 4446 3488 4505 relaturum,
3534 4459 3655 4498 cum
3700 4456 3858 4500 tanto

2262 4544 2432 4611 Spatia
2476 4538 2771 4595 distarent?
2816 4539 3085 4611 quomodo
3132 4539 3426 4609 pericuhun
3475 4553 3711 4607 prarscns
3741 4554 3854 4591 non

2266 4634 2652 4704 pra-mvcriut?
2682 4632 2951 4701 quomodo
3005 4648 3108 4684 nou
3158 4630 3508 4699 cogitaveriul
3549 4630 3853 4699 periculum

2262 4742 2382 4781 esse
2432 4743 2496 4779 ne
2546 4727 2659 4793 ipse
2699 4740 2763 4777 ex
2813 4726 2909 4777 bac
2940 4724 3043 4776 vita
3084 4722 3444 4791 ahriperetur,
3497 4736 3631 4775 neve
3673 4721 3715 4775 is
3760 4724 3857 4790 qui

2264 4822 2513 4890 regnabat
2565 4820 2709 4870 illum
2766 4817 3076 4871 occideret?
3122 4816 3261 4882 quod
3316 4816 3527 4868 tandem
3586 4815 3726 4883 regis
3780 4818 3858 4867 si-

2265 4928 2423 4979 gnum
2484 4910 2764 4965 videbant?
2819 4925 2937 4977 qum
2978 4909 3144 4960 atria?
3185 4922 3319 4976 quos
3362 4907 3657 4961 satellites?
3712 4924 3857 4975 quius

2264 5003 2539 5058 sentatos?
2584 5017 2741 5070 quem
2794 4998 3141 5052 famulatum?
3168 5014 3306 5067 quos
3353 4999 3571 5067 clypeos
3615 5001 3859 5052 aureus?

2264 5110 2395 5165 quas
2413 5094 2588 5147 aulas?
2604 5109 2760 5160 quem
2786 5094 3157 5143 cunuchmum
3183 5098 3437 5159 gregem?
3464 5090 3604 5143 Nihil
3630 5090 3853 5155 horum,

2264 5187 2355 5243 sed
2404 5186 2669 5241 contraria
2719 5185 2897 5239 omnia
2924 5228 2933 5243 ,
2966 5198 3231 5251 prwsctte,
3260 5182 3525 5250 tugurium
3553 5224 3568 5246 ,
3599 5181 3853 5237 diverso-

2265 5282 2424 5342 rium,
2446 5288 2665 5331 matri-m
2691 5277 2923 5346 inopem,
2948 5284 3308 5343 paupertatem
3337 5291 3602 5342 magnam,
3620 5290 3853 5341 pannos.

2264 5372 2488 5427 Cuiuam
2534 5370 2689 5439 igitur
2719 5368 3013 5421 olli-vellant
3047 5383 3270 5430 aurum,
3306 5368 3424 5418 thus
3452 5378 3504 5418 et
3534 5366 3861 5435 myrrham?

2266 5478 2443 5516 annon
2476 5460 2813 5514 manifestum
2837 5470 2917 5511 est
2946 5458 3091 5526 ipsos
3128 5459 3235 5527 jam
3271 5458 3391 5510 fidei
3434 5460 3533 5510 alis
3563 5458 3861 5511 instrui-tos

2270 5556 2469 5611 fuisse?
2498 5556 2563 5609 Et
2593 5554 2755 5607 multa
2787 5562 2868 5605 est
2899 5551 3161 5605 donorum
3196 5551 3532 5606 excellentia,
3566 5566 3684 5616 qua!
3717 5566 3861 5615 pra:-

2271 5648 2556 5703 dicationis
2578 5646 2736 5699 etiam
2762 5642 2995 5711 speciem
3025 5642 3240 5695 referat.
3266 5642 3376 5694 Νιιιι
3400 5643 3540 5692 enim
3566 5639 3683 5706 rejit
3704 5640 3861 5693 ienda

2267 5738 2553 5806 illaopinio
2572 5746 2671 5799 est,
2695 5753 2811 5804 quas
2833 5751 2925 5803 per
2940 5734 3153 5802 vulgum
3176 5733 3605 5802 spargitur,qnod
3630 5748 3723 5795 per
3741 5733 3864 5785 thus

2280 5834 2441 5885 Deum
2470 5830 2850 5885 confiterentur
2870 5869 2883 5893 ,
2915 5842 3010 5893 per
3038 5841 3226 5879 aurum
3259 5841 3457 5893 regem,
3492 5836 3541 5876 ι·ι
3565 5828 3865 5887 patientem
