  <div class='ocr_page' id='page_1' title='image "/cluster/home/n/w/nwhite01/storage/ocr_20150623/63/ien.35556001660919/404.png"; bbox 0 0 4034 6406; ppageno 0'>
   <div class='ocr_carea' id='block_1_1' title="bbox 187 375 287 434">
    <p class='ocr_par' dir='ltr' id='par_1_1' title="bbox 187 375 287 434">
     <span class='ocr_line' id='line_1_1' title="bbox 187 375 287 434; baseline 0 -8"><span class='ocrx_word' id='word_1_1' title='bbox 187 375 287 434; x_wconf 77' lang='lat'><strong>507</strong></span> 
     </span>
    </p>
   </div>
   <div class='ocr_carea' id='block_1_2' title="bbox 184 494 1876 570">
    <p class='ocr_par' dir='ltr' id='par_1_2' title="bbox 184 494 1876 570">
     <span class='ocr_line' id='line_1_2' title="bbox 184 494 1876 570; baseline 0 -18"><span class='ocrx_word' id='word_1_2' title='bbox 184 495 358 552; x_wconf 81' lang='grc' dir='ltr'><strong>ἀλλων</strong></span> <span class='ocrx_word' id='word_1_3' title='bbox 389 495 585 567; x_wconf 74' lang='grc' dir='ltr'><strong>μηδεὶς</strong></span> <span class='ocrx_word' id='word_1_4' title='bbox 620 494 996 568; x_wconf 79' lang='grc' dir='ltr'><strong>ἀπογινώσκῃ.</strong></span> <span class='ocrx_word' id='word_1_5' title='bbox 1031 495 1242 561; x_wconf 69' lang='grc' dir='ltr'><strong>Ἄλλως</strong></span> <span class='ocrx_word' id='word_1_6' title='bbox 1278 495 1337 550; x_wconf 73' lang='grc' dir='ltr'><strong>δὲ</strong></span> <span class='ocrx_word' id='word_1_7' title='bbox 1368 497 1464 552; x_wconf 80' lang='grc' dir='ltr'><strong>καὶ</strong></span> <span class='ocrx_word' id='word_1_8' title='bbox 1501 499 1582 563; x_wconf 92' lang='grc' dir='ltr'><strong>εἰς</strong></span> <span class='ocrx_word' id='word_1_9' title='bbox 1611 498 1876 570; x_wconf 73' lang='grc' dir='ltr'><strong>αἰσχύνην</strong></span> 
     </span>
    </p>
   </div>
   <div class='ocr_carea' id='block_1_3' title="bbox 197 585 1879 656">
    <p class='ocr_par' dir='ltr' id='par_1_3' title="bbox 197 585 1879 656">
     <span class='ocr_line' id='line_1_3' title="bbox 197 585 1879 656; baseline 0.001 -17"><span class='ocrx_word' id='word_1_10' title='bbox 197 585 468 639; x_wconf 87' lang='grc' dir='ltr'><strong>Ἰουδαίων</strong></span> <span class='ocrx_word' id='word_1_11' title='bbox 518 585 679 639; x_wconf 87' lang='grc' dir='ltr'><strong>τοῦτο</strong></span> <span class='ocrx_word' id='word_1_12' title='bbox 730 585 963 654; x_wconf 88' lang='grc' dir='ltr'><strong>γίνεται,</strong></span> <span class='ocrx_word' id='word_1_13' title='bbox 1016 586 1099 638; x_wconf 81' lang='grc' dir='ltr'><strong>ὅτι</strong></span> <span class='ocrx_word' id='word_1_14' title='bbox 1144 586 1341 639; x_wconf 69' lang='grc' dir='ltr'><strong>ἐκείνοι</strong></span> <span class='ocrx_word' id='word_1_15' title='bbox 1399 585 1499 656; x_wconf 85' lang='grc' dir='ltr'><strong>μὲν</strong></span> <span class='ocrx_word' id='word_1_16' title='bbox 1559 587 1879 652; x_wconf 70' lang='grc' dir='ltr'><strong>ἐστασίαζον</strong></span> 
     </span>
    </p>
   </div>
   <div class='ocr_carea' id='block_1_4' title="bbox 183 665 1879 744">
    <p class='ocr_par' dir='ltr' id='par_1_4' title="bbox 183 665 1879 744">
     <span class='ocr_line' id='line_1_4' title="bbox 183 665 1879 744; baseline 0.002 -20"><span class='ocrx_word' id='word_1_17' title='bbox 183 669 512 744; x_wconf 72' lang='grc' dir='ltr'><strong>ίὲδίσταζον]</strong></span> <span class='ocrx_word' id='word_1_18' title='bbox 542 670 880 743; x_wconf 75' lang='grc' dir='ltr'><strong>προσελθεῖν,</strong></span> <span class='ocrx_word' id='word_1_19' title='bbox 915 665 1059 726; x_wconf 78' lang='grc' dir='ltr'><strong>οῦτοι</strong></span> <span class='ocrx_word' id='word_1_20' title='bbox 1091 671 1150 725; x_wconf 77' lang='grc' dir='ltr'><strong>δὲ</strong></span> <span class='ocrx_word' id='word_1_21' title='bbox 1183 665 1276 726; x_wconf 77' lang='grc' dir='ltr'><strong>καὶ</strong></span> <span class='ocrx_word' id='word_1_22' title='bbox 1318 672 1539 743; x_wconf 79' lang='grc' dir='ltr'><strong>μακράν</strong></span> <span class='ocrx_word' id='word_1_23' title='bbox 1567 673 1879 743; x_wconf 73' lang='grc' dir='ltr'><strong>ἀποδημίαν</strong></span> 
     </span>
    </p>
   </div>
   <div class='ocr_carea' id='block_1_5' title="bbox 181 757 1878 830">
    <p class='ocr_par' dir='ltr' id='par_1_5' title="bbox 181 757 1878 830">
     <span class='ocr_line' id='line_1_5' title="bbox 181 757 1878 830; baseline -0.002 -17"><span class='ocrx_word' id='word_1_24' title='bbox 181 758 515 823; x_wconf 77' lang='grc' dir='ltr'><strong>ἐστείλαντο,</strong></span> <span class='ocrx_word' id='word_1_25' title='bbox 539 757 681 812; x_wconf 88' lang='grc' dir='ltr'><strong>ῶστε</strong></span> <span class='ocrx_word' id='word_1_26' title='bbox 710 757 874 811; x_wconf 78' lang='grc' dir='ltr'><strong>αὑτὸν</strong></span> <span class='ocrx_word' id='word_1_27' title='bbox 905 758 1032 812; x_wconf 81' lang='grc' dir='ltr'><strong>ἰδεῖν</strong></span> <span class='ocrx_word' id='word_1_28' title='bbox 1063 759 1155 812; x_wconf 78' lang='grc' dir='ltr'><strong>καὶ</strong></span> <span class='ocrx_word' id='word_1_29' title='bbox 1179 758 1582 829; x_wconf 81' lang='grc' dir='ltr'><strong>προσκυνῆσαι,</strong></span> <span class='ocrx_word' id='word_1_30' title='bbox 1610 759 1704 812; x_wconf 77' lang='grc' dir='ltr'><strong>καὶ</strong></span> <span class='ocrx_word' id='word_1_31' title='bbox 1724 757 1878 830; x_wconf 75' lang='lat'><strong>[378]</strong></span> 
     </span>
    </p>
   </div>
   <div class='ocr_carea' id='block_1_6' title="bbox 183 845 1880 919">
    <p class='ocr_par' dir='ltr' id='par_1_6' title="bbox 183 845 1880 919">
     <span class='ocr_line' id='line_1_6' title="bbox 183 845 1880 919; baseline -0.001 -19"><span class='ocrx_word' id='word_1_32' title='bbox 183 847 490 919; x_wconf 87' lang='grc' dir='ltr'><strong>περιιόντες</strong></span> <span class='ocrx_word' id='word_1_33' title='bbox 537 846 776 916; x_wconf 87' lang='grc' dir='ltr'><strong>λέγουσι·</strong></span> <span class='ocrx_word' id='word_1_34' title='bbox 827 845 954 900; x_wconf 88' lang='grc' dir='ltr'><strong>Ποῦ</strong></span> <span class='ocrx_word' id='word_1_35' title='bbox 1001 846 1175 900; x_wconf 78' lang='grc' dir='ltr'><strong>ἐστιν</strong></span> <span class='ocrx_word' id='word_1_36' title='bbox 1219 848 1254 900; x_wconf 85' lang='grc' dir='ltr'><strong>ό</strong></span> <span class='ocrx_word' id='word_1_37' title='bbox 1297 846 1530 916; x_wconf 73' lang='grc' dir='ltr'><strong>τεχθεὶς</strong></span> <span class='ocrx_word' id='word_1_38' title='bbox 1575 845 1880 913; x_wconf 65' lang='grc' dir='ltr'><strong>,βασιλεὺς</strong></span> 
     </span>
    </p>
   </div>
   <div class='ocr_carea' id='block_1_7' title="bbox 181 923 978 1000">
    <p class='ocr_par' dir='ltr' id='par_1_7' title="bbox 181 923 978 1000">
     <span class='ocr_line' id='line_1_7' title="bbox 181 923 978 1000; baseline -0.003 -8"><span class='ocrx_word' id='word_1_39' title='bbox 181 937 300 992; x_wconf 77' lang='grc' dir='ltr'><strong>τῶν</strong></span> <span class='ocrx_word' id='word_1_40' title='bbox 329 936 666 1000; x_wconf 79' lang='grc' dir='ltr'><strong>Ἰουδαίωνς</strong></span> <span class='ocrx_word' id='word_1_41' title='bbox 975 923 978 926; x_wconf 10' lang='grc' dir='ltr'><strong><em>Α</em></strong></span> 
     </span>
    </p>
   </div>
   <div class='ocr_carea' id='block_1_8' title="bbox 252 1021 1879 1096">
    <p class='ocr_par' dir='ltr' id='par_1_8' title="bbox 252 1021 1879 1096">
     <span class='ocr_line' id='line_1_8' title="bbox 252 1021 1879 1096; baseline -0.002 -16"><span class='ocrx_word' id='word_1_42' title='bbox 252 1032 316 1080; x_wconf 88' lang='grc' dir='ltr'><strong>ε’.</strong></span> <span class='ocrx_word' id='word_1_43' title='bbox 351 1026 417 1079; x_wconf 82' lang='grc' dir='ltr'><strong><em>Ὠ</em></strong></span> <span class='ocrx_word' id='word_1_44' title='bbox 451 1023 782 1096; x_wconf 74' lang='grc' dir='ltr'><strong>θαυμαστῶν</strong></span> <span class='ocrx_word' id='word_1_45' title='bbox 815 1024 912 1078; x_wconf 75' lang='grc' dir='ltr'><strong>καὶ</strong></span> <span class='ocrx_word' id='word_1_46' title='bbox 943 1021 1265 1095; x_wconf 80' lang='grc' dir='ltr'><strong>παραδόξων</strong></span> <span class='ocrx_word' id='word_1_47' title='bbox 1301 1021 1645 1095; x_wconf 78' lang='grc' dir='ltr'><strong>πραγμάτων</strong></span> <span class='ocrx_word' id='word_1_48' title='bbox 1663 1038 1678 1051; x_wconf 86' lang='grc'><strong>·</strong></span> <span class='ocrx_word' id='word_1_49' title='bbox 1726 1021 1879 1094; x_wconf 90' lang='grc' dir='ltr'><strong>παρά</strong></span> 
     </span>
    </p>
   </div>
   <div class='ocr_carea' id='block_1_9' title="bbox 184 1106 1879 1185">
    <p class='ocr_par' dir='ltr' id='par_1_9' title="bbox 184 1106 1879 1185">
     <span class='ocr_line' id='line_1_9' title="bbox 184 1106 1879 1185; baseline -0.003 -19"><span class='ocrx_word' id='word_1_50' title='bbox 184 1111 535 1185; x_wconf 77' lang='grc' dir='ltr'><strong>βαρδαρικῆς</strong></span> <span class='ocrx_word' id='word_1_51' title='bbox 567 1109 795 1183; x_wconf 80' lang='grc' dir='ltr'><strong>πρώτης</strong></span> <span class='ocrx_word' id='word_1_52' title='bbox 836 1110 1024 1180; x_wconf 83' lang='grc' dir='ltr'><strong>φωνῆς</strong></span> <span class='ocrx_word' id='word_1_53' title='bbox 1067 1110 1098 1164; x_wconf 87' lang='lat'><strong>6</strong></span> <span class='ocrx_word' id='word_1_54' title='bbox 1128 1108 1424 1181; x_wconf 79' lang='grc' dir='ltr'><strong>μονογενής</strong></span> <span class='ocrx_word' id='word_1_55' title='bbox 1454 1108 1584 1172; x_wconf 83' lang='grc' dir='ltr'><strong>Υίὸς</strong></span> <span class='ocrx_word' id='word_1_56' title='bbox 1614 1106 1710 1162; x_wconf 90' lang='grc' dir='ltr'><strong>τοῦ</strong></span> <span class='ocrx_word' id='word_1_57' title='bbox 1741 1107 1879 1161; x_wconf 83' lang='grc' dir='ltr'><strong>Θεοῦ</strong></span> 
     </span>
    </p>
   </div>
   <div class='ocr_carea' id='block_1_10' title="bbox 181 1195 1880 1271">
    <p class='ocr_par' dir='ltr' id='par_1_10' title="bbox 181 1195 1880 1271">
     <span class='ocr_line' id='line_1_10' title="bbox 181 1195 1880 1271; baseline -0.001 -17"><span class='ocrx_word' id='word_1_58' title='bbox 181 1204 243 1254; x_wconf 76' lang='grc' dir='ltr'><strong>ἐν</strong></span> <span class='ocrx_word' id='word_1_59' title='bbox 287 1198 522 1271; x_wconf 78' lang='grc' dir='ltr'><strong>Ἰουδαίᾳ</strong></span> <span class='ocrx_word' id='word_1_60' title='bbox 550 1198 878 1269; x_wconf 84' lang='grc' dir='ltr'><strong>κηρύττεται</strong></span> <span class='ocrx_word' id='word_1_61' title='bbox 898 1238 912 1261; x_wconf 85' lang='grc'><strong>,</strong></span> <span class='ocrx_word' id='word_1_62' title='bbox 945 1196 1073 1251; x_wconf 70' lang='grc' dir='ltr'><strong>ἐνθα</strong></span> <span class='ocrx_word' id='word_1_63' title='bbox 1106 1195 1387 1269; x_wconf 82' lang='grc' dir='ltr'><strong>προφῆται</strong></span> <span class='ocrx_word' id='word_1_64' title='bbox 1415 1197 1510 1250; x_wconf 78' lang='grc' dir='ltr'><strong>καὶ</strong></span> <span class='ocrx_word' id='word_1_65' title='bbox 1539 1196 1880 1269; x_wconf 80' lang='grc' dir='ltr'><strong>πατριάρχαι</strong></span> 
     </span>
    </p>
   </div>
   <div class='ocr_carea' id='block_1_11' title="bbox 183 1282 1882 1357">
    <p class='ocr_par' dir='ltr' id='par_1_11' title="bbox 183 1282 1882 1357">
     <span class='ocr_line' id='line_1_11' title="bbox 183 1282 1882 1357; baseline -0.002 -16"><span class='ocrx_word' id='word_1_66' title='bbox 183 1289 280 1342; x_wconf 75' lang='grc' dir='ltr'><strong>καὶ</strong></span> <span class='ocrx_word' id='word_1_67' title='bbox 308 1288 509 1341; x_wconf 88' lang='grc' dir='ltr'><strong>δίκαιοι</strong></span> <span class='ocrx_word' id='word_1_68' title='bbox 538 1288 633 1340; x_wconf 72' lang='grc' dir='ltr'><strong>καὶ</strong></span> <span class='ocrx_word' id='word_1_69' title='bbox 657 1287 820 1357; x_wconf 90' lang='grc' dir='ltr'><strong>νόμος</strong></span> <span class='ocrx_word' id='word_1_70' title='bbox 849 1290 944 1339; x_wconf 80' lang='grc' dir='ltr'><strong>καί</strong></span> <span class='ocrx_word' id='word_1_71' title='bbox 972 1284 1206 1349; x_wconf 73' lang='grc' dir='ltr'><strong>κιϐωτὸς</strong></span> <span class='ocrx_word' id='word_1_72' title='bbox 1233 1284 1328 1338; x_wconf 80' lang='grc' dir='ltr'><strong>καὶ</strong></span> <span class='ocrx_word' id='word_1_73' title='bbox 1357 1282 1592 1356; x_wconf 78' lang='grc' dir='ltr'><strong>διαθήκη</strong></span> <span class='ocrx_word' id='word_1_74' title='bbox 1627 1284 1722 1338; x_wconf 77' lang='grc' dir='ltr'><strong>καὶ</strong></span> <span class='ocrx_word' id='word_1_75' title='bbox 1753 1285 1882 1349; x_wconf 72' lang='grc' dir='ltr'><strong>ναὸς</strong></span> 
     </span>
    </p>
   </div>
   <div class='ocr_carea' id='block_1_12' title="bbox 183 1371 1880 1445">
    <p class='ocr_par' dir='ltr' id='par_1_12' title="bbox 183 1371 1880 1445">
     <span class='ocr_line' id='line_1_12' title="bbox 183 1371 1880 1445; baseline -0.004 -15"><span class='ocrx_word' id='word_1_76' title='bbox 183 1378 280 1431; x_wconf 74' lang='grc' dir='ltr'><strong>καὶ</strong></span> <span class='ocrx_word' id='word_1_77' title='bbox 315 1375 499 1430; x_wconf 80' lang='grc' dir='ltr'><strong>θυσίαι</strong></span> <span class='ocrx_word' id='word_1_78' title='bbox 523 1376 618 1429; x_wconf 76' lang='grc' dir='ltr'><strong>καὶ</strong></span> <span class='ocrx_word' id='word_1_79' title='bbox 643 1374 888 1445; x_wconf 82' lang='grc' dir='ltr'><strong>λατρείαι</strong></span> <span class='ocrx_word' id='word_1_80' title='bbox 909 1392 922 1406; x_wconf 93' lang='grc'><strong>·</strong></span> <span class='ocrx_word' id='word_1_81' title='bbox 958 1374 1054 1427; x_wconf 81' lang='grc' dir='ltr'><strong>καὶ</strong></span> <span class='ocrx_word' id='word_1_82' title='bbox 1077 1373 1128 1426; x_wconf 88' lang='grc' dir='ltr'><strong>οἰ</strong></span> <span class='ocrx_word' id='word_1_83' title='bbox 1157 1371 1258 1442; x_wconf 80' lang='grc' dir='ltr'><strong>μὲν</strong></span> <span class='ocrx_word' id='word_1_84' title='bbox 1282 1371 1493 1435; x_wconf 83' lang='grc' dir='ltr'><strong>τούτοις</strong></span> <span class='ocrx_word' id='word_1_85' title='bbox 1520 1371 1880 1443; x_wconf 74' lang='grc' dir='ltr'><strong>ἐντραφέντες</strong></span> 
     </span>
    </p>
   </div>
   <div class='ocr_carea' id='block_1_13' title="bbox 183 1455 1878 1539">
    <p class='ocr_par' dir='ltr' id='par_1_13' title="bbox 183 1455 1878 1539">
     <span class='ocr_line' id='line_1_13' title="bbox 183 1455 1878 1539; baseline -0.002 -21"><span class='ocrx_word' id='word_1_86' title='bbox 183 1465 307 1520; x_wconf 72' lang='grc' dir='ltr'><strong>οὐδὲ</strong></span> <span class='ocrx_word' id='word_1_87' title='bbox 338 1465 491 1539; x_wconf 84' lang='grc' dir='ltr'><strong>παρά</strong></span> <span class='ocrx_word' id='word_1_88' title='bbox 533 1455 826 1537; x_wconf 71' lang='grc' dir='ltr'><strong>βαρϐάρων</strong></span> <span class='ocrx_word' id='word_1_89' title='bbox 872 1463 1139 1534; x_wconf 80' lang='grc' dir='ltr'><strong>μαθόντες</strong></span> <span class='ocrx_word' id='word_1_90' title='bbox 1185 1461 1568 1516; x_wconf 80' lang='grc' dir='ltr'><strong>παιδεύονται·</strong></span> <span class='ocrx_word' id='word_1_91' title='bbox 1603 1463 1654 1515; x_wconf 94' lang='grc' dir='ltr'><strong>οἰ</strong></span> <span class='ocrx_word' id='word_1_92' title='bbox 1681 1461 1738 1514; x_wconf 72' lang='grc' dir='ltr'><strong>δὲ</strong></span> <span class='ocrx_word' id='word_1_93' title='bbox 1769 1478 1878 1533; x_wconf 84' lang='grc' dir='ltr'><strong>μη-</strong></span> 
     </span>
    </p>
   </div>
   <div class='ocr_carea' id='block_1_14' title="bbox 183 1548 1882 1622">
    <p class='ocr_par' dir='ltr' id='par_1_14' title="bbox 183 1548 1882 1622">
     <span class='ocr_line' id='line_1_14' title="bbox 183 1548 1882 1622; baseline -0.004 -16"><span class='ocrx_word' id='word_1_94' title='bbox 183 1551 339 1616; x_wconf 72' lang='grc' dir='ltr'><strong>δενὸς</strong></span> <span class='ocrx_word' id='word_1_95' title='bbox 395 1551 672 1622; x_wconf 82' lang='grc' dir='ltr'><strong>μηδέποτε</strong></span> <span class='ocrx_word' id='word_1_96' title='bbox 725 1551 969 1604; x_wconf 89' lang='grc' dir='ltr'><strong>τοιούτου</strong></span> <span class='ocrx_word' id='word_1_97' title='bbox 1021 1548 1358 1614; x_wconf 85' lang='grc' dir='ltr'><strong>ἀκούσαντες</strong></span> <span class='ocrx_word' id='word_1_98' title='bbox 1413 1548 1725 1604; x_wconf 85' lang='grc' dir='ltr'><strong>διδάσκαλοι</strong></span> <span class='ocrx_word' id='word_1_99' title='bbox 1771 1548 1882 1601; x_wconf 89' lang='grc' dir='ltr'><strong>τῶν</strong></span> 
     </span>
    </p>
   </div>
   <div class='ocr_carea' id='block_1_15' title="bbox 183 1635 1881 1711">
    <p class='ocr_par' dir='ltr' id='par_1_15' title="bbox 183 1635 1881 1711">
     <span class='ocr_line' id='line_1_15' title="bbox 183 1635 1881 1711; baseline -0.002 -17"><span class='ocrx_word' id='word_1_100' title='bbox 183 1641 362 1694; x_wconf 87' lang='grc' dir='ltr'><strong>ταῦτα</strong></span> <span class='ocrx_word' id='word_1_101' title='bbox 405 1639 820 1711; x_wconf 84' lang='grc' dir='ltr'><strong>μελετησάντων</strong></span> <span class='ocrx_word' id='word_1_102' title='bbox 857 1638 1120 1706; x_wconf 85' lang='grc' dir='ltr'><strong>γίνονται.</strong></span> <span class='ocrx_word' id='word_1_103' title='bbox 1154 1637 1256 1691; x_wconf 81' lang='grc' dir='ltr'><strong>Διά</strong></span> <span class='ocrx_word' id='word_1_104' title='bbox 1298 1636 1364 1709; x_wconf 79' lang='grc' dir='ltr'><strong>δὴ</strong></span> <span class='ocrx_word' id='word_1_105' title='bbox 1395 1635 1554 1691; x_wconf 86' lang='grc' dir='ltr'><strong>τοῦτο</strong></span> <span class='ocrx_word' id='word_1_106' title='bbox 1601 1636 1881 1708; x_wconf 84' lang='grc' dir='ltr'><strong>κωμῳδῶν</strong></span> 
     </span>
    </p>
   </div>
   <div class='ocr_carea' id='block_1_16' title="bbox 187 1723 1884 1798">
    <p class='ocr_par' dir='ltr' id='par_1_16' title="bbox 187 1723 1884 1798">
     <span class='ocr_line' id='line_1_16' title="bbox 187 1723 1884 1798; baseline -0.001 -17"><span class='ocrx_word' id='word_1_107' title='bbox 187 1729 393 1791; x_wconf 73' lang='grc' dir='ltr'><strong>αὐτοὺς</strong></span> <span class='ocrx_word' id='word_1_108' title='bbox 429 1729 459 1780; x_wconf 92' lang='lat'><strong>6</strong></span> <span class='ocrx_word' id='word_1_109' title='bbox 489 1727 776 1798; x_wconf 79' lang='grc' dir='ltr'><strong>προφήτης</strong></span> <span class='ocrx_word' id='word_1_110' title='bbox 825 1723 992 1778; x_wconf 80' lang='grc' dir='ltr'><strong>Δαυίδ</strong></span> <span class='ocrx_word' id='word_1_111' title='bbox 1042 1724 1263 1794; x_wconf 78' lang='grc' dir='ltr'><strong>ἔλεγεν·</strong></span> <span class='ocrx_word' id='word_1_112' title='bbox 1329 1723 1516 1779; x_wconf 77' lang='grc' dir='ltr'><strong>’Ῑνατι</strong></span> <span class='ocrx_word' id='word_1_113' title='bbox 1570 1723 1884 1793; x_wconf 67' lang='grc' dir='ltr'><strong>ἐφρύαξαν</strong></span> 
     </span>
    </p>
   </div>
   <div class='ocr_carea' id='block_1_17' title="bbox 185 1810 1883 1882">
    <p class='ocr_par' dir='ltr' id='par_1_17' title="bbox 185 1810 1883 1882">
     <span class='ocr_line' id='line_1_17' title="bbox 185 1810 1883 1882; baseline -0.002 -13"><span class='ocrx_word' id='word_1_114' title='bbox 185 1815 358 1882; x_wconf 69' lang='grc' dir='ltr'><strong>ἔθνη,</strong></span> <span class='ocrx_word' id='word_1_115' title='bbox 391 1814 492 1868; x_wconf 78' lang='grc' dir='ltr'><strong>καί</strong></span> <span class='ocrx_word' id='word_1_116' title='bbox 529 1814 667 1869; x_wconf 75' lang='grc' dir='ltr'><strong>λαοί</strong></span> <span class='ocrx_word' id='word_1_117' title='bbox 708 1811 1085 1882; x_wconf 71' lang='grc' dir='ltr'><strong>ἐμελέτησαν</strong></span> <span class='ocrx_word' id='word_1_118' title='bbox 1124 1810 1309 1875; x_wconf 55' lang='lat' dir='ltr'><strong><em>ward;</em></strong></span> <span class='ocrx_word' id='word_1_119' title='bbox 1342 1810 1467 1875; x_wconf 93' lang='grc' dir='ltr'><strong>Πῶς</strong></span> <span class='ocrx_word' id='word_1_120' title='bbox 1497 1811 1606 1882; x_wconf 91' lang='lat'><strong>7&amp;9</strong></span> <span class='ocrx_word' id='word_1_121' title='bbox 1653 1811 1714 1864; x_wconf 85' lang='grc' dir='ltr'><strong>οὐ</strong></span> <span class='ocrx_word' id='word_1_122' title='bbox 1749 1812 1883 1866; x_wconf 86' lang='grc' dir='ltr'><strong>κενά</strong></span> 
     </span>
    </p>
   </div>
   <div class='ocr_carea' id='block_1_18' title="bbox 187 1897 1883 1973">
    <p class='ocr_par' dir='ltr' id='par_1_18' title="bbox 187 1897 1883 1973">
     <span class='ocr_line' id='line_1_18' title="bbox 187 1897 1883 1973; baseline -0.003 -18"><span class='ocrx_word' id='word_1_123' title='bbox 187 1901 530 1972; x_wconf 74' lang='grc' dir='ltr'><strong>ἐμελέτησαν</strong></span> <span class='ocrx_word' id='word_1_124' title='bbox 578 1900 653 1973; x_wconf 80' lang='grc' dir='ltr'><strong>μὴ</strong></span> <span class='ocrx_word' id='word_1_125' title='bbox 703 1900 990 1971; x_wconf 81' lang='grc' dir='ltr'><strong>δεξάμενοι</strong></span> <span class='ocrx_word' id='word_1_126' title='bbox 1035 1898 1127 1952; x_wconf 81' lang='grc' dir='ltr'><strong>τὸν</strong></span> <span class='ocrx_word' id='word_1_127' title='bbox 1191 1897 1672 1970; x_wconf 81' lang='grc' dir='ltr'><strong>προφητευθέντας</strong></span> <span class='ocrx_word' id='word_1_128' title='bbox 1742 1898 1883 1951; x_wconf 82' lang='grc' dir='ltr'><strong>Ἀλλ’</strong></span> 
     </span>
    </p>
   </div>
   <div class='ocr_carea' id='block_1_19' title="bbox 186 1986 1883 2061">
    <p class='ocr_par' dir='ltr' id='par_1_19' title="bbox 186 1986 1883 2061">
     <span class='ocr_line' id='line_1_19' title="bbox 186 1986 1883 2061; baseline -0.004 -17"><span class='ocrx_word' id='word_1_129' title='bbox 186 1991 288 2061; x_wconf 78' lang='grc' dir='ltr'><strong>οὐχ</strong></span> <span class='ocrx_word' id='word_1_130' title='bbox 319 1991 371 2044; x_wconf 93' lang='grc' dir='ltr'><strong>οἰ</strong></span> <span class='ocrx_word' id='word_1_131' title='bbox 405 1989 594 2060; x_wconf 90' lang='grc' dir='ltr'><strong>μάγοι,</strong></span> <span class='ocrx_word' id='word_1_132' title='bbox 623 1988 758 2042; x_wconf 80' lang='grc' dir='ltr'><strong>ἀλλά</strong></span> <span class='ocrx_word' id='word_1_133' title='bbox 779 1987 1012 2060; x_wconf 86' lang='grc' dir='ltr'><strong>πατρίδα</strong></span> <span class='ocrx_word' id='word_1_134' title='bbox 1040 1986 1433 2049; x_wconf 76' lang='grc' dir='ltr'><strong>καταλιπόντες</strong></span> <span class='ocrx_word' id='word_1_135' title='bbox 1458 1987 1553 2040; x_wconf 80' lang='grc' dir='ltr'><strong>καὶ</strong></span> <span class='ocrx_word' id='word_1_136' title='bbox 1573 1986 1755 2040; x_wconf 86' lang='grc' dir='ltr'><strong>οίκίαν</strong></span> <span class='ocrx_word' id='word_1_137' title='bbox 1785 2001 1883 2039; x_wconf 87' lang='grc' dir='ltr'><strong>και</strong></span> 
     </span>
    </p>
   </div>
   <div class='ocr_carea' id='block_1_20' title="bbox 188 2073 1880 2148">
    <p class='ocr_par' dir='ltr' id='par_1_20' title="bbox 188 2073 1880 2148">
     <span class='ocr_line' id='line_1_20' title="bbox 188 2073 1880 2148; baseline -0.003 -17"><span class='ocrx_word' id='word_1_138' title='bbox 188 2077 380 2148; x_wconf 87' lang='grc' dir='ltr'><strong>φίλους</strong></span> <span class='ocrx_word' id='word_1_139' title='bbox 427 2079 525 2131; x_wconf 79' lang='grc' dir='ltr'><strong>καὶ</strong></span> <span class='ocrx_word' id='word_1_140' title='bbox 564 2079 877 2146; x_wconf 77' lang='grc' dir='ltr'><strong>συγγενεῖς,</strong></span> <span class='ocrx_word' id='word_1_141' title='bbox 928 2076 1024 2129; x_wconf 74' lang='grc' dir='ltr'><strong>καὶ</strong></span> <span class='ocrx_word' id='word_1_142' title='bbox 1074 2074 1293 2147; x_wconf 72' lang='grc' dir='ltr'><strong>μακρὰν</strong></span> <span class='ocrx_word' id='word_1_143' title='bbox 1341 2073 1653 2145; x_wconf 82' lang='grc' dir='ltr'><strong>ἀποδημίαν</strong></span> <span class='ocrx_word' id='word_1_144' title='bbox 1710 2074 1880 2127; x_wconf 73' lang='grc' dir='ltr'><strong>ἐστείι</strong></span> 
     </span>
    </p>
   </div>
   <div class='ocr_carea' id='block_1_21' title="bbox 186 2160 1884 2236">
    <p class='ocr_par' dir='ltr' id='par_1_21' title="bbox 186 2160 1884 2236">
     <span class='ocr_line' id='line_1_21' title="bbox 186 2160 1884 2236; baseline -0.003 -15"><span class='ocrx_word' id='word_1_145' title='bbox 186 2165 372 2232; x_wconf 85' lang='grc' dir='ltr'><strong>λαντο,</strong></span> <span class='ocrx_word' id='word_1_146' title='bbox 401 2168 498 2220; x_wconf 78' lang='grc' dir='ltr'><strong>καὶ</strong></span> <span class='ocrx_word' id='word_1_147' title='bbox 527 2168 607 2230; x_wconf 89' lang='grc' dir='ltr'><strong>εἰς</strong></span> <span class='ocrx_word' id='word_1_148' title='bbox 644 2166 888 2221; x_wconf 88' lang='grc' dir='ltr'><strong>κίνδυνον</strong></span> <span class='ocrx_word' id='word_1_149' title='bbox 914 2166 1143 2228; x_wconf 80' lang='grc' dir='ltr'><strong>ἑαυτοὺς</strong></span> <span class='ocrx_word' id='word_1_150' title='bbox 1173 2163 1422 2236; x_wconf 75' lang='grc' dir='ltr'><strong>ἔρριψαν.</strong></span> <span class='ocrx_word' id='word_1_151' title='bbox 1457 2160 1553 2226; x_wconf 86' lang='grc' dir='ltr'><strong>Εἰς</strong></span> <span class='ocrx_word' id='word_1_152' title='bbox 1581 2163 1692 2233; x_wconf 80' lang='grc' dir='ltr'><strong>γάρ</strong></span> <span class='ocrx_word' id='word_1_153' title='bbox 1727 2161 1884 2232; x_wconf 89' lang='grc' dir='ltr'><strong>βασι-</strong></span> 
     </span>
    </p>
   </div>
   <div class='ocr_carea' id='block_1_22' title="bbox 188 2249 1885 2326">
    <p class='ocr_par' dir='ltr' id='par_1_22' title="bbox 188 2249 1885 2326">
     <span class='ocr_line' id='line_1_22' title="bbox 188 2249 1885 2326; baseline -0.005 -16"><span class='ocrx_word' id='word_1_154' title='bbox 188 2253 497 2326; x_wconf 84' lang='grc' dir='ltr'><strong>λευομένην</strong></span> <span class='ocrx_word' id='word_1_155' title='bbox 544 2254 698 2307; x_wconf 87' lang='grc' dir='ltr'><strong>πόλιν</strong></span> <span class='ocrx_word' id='word_1_156' title='bbox 748 2252 996 2316; x_wconf 75' lang='grc' dir='ltr'><strong>έλθόντες</strong></span> <span class='ocrx_word' id='word_1_157' title='bbox 1056 2250 1320 2324; x_wconf 71' lang='grc' dir='ltr'><strong>ἠρώτων,</strong></span> <span class='ocrx_word' id='word_1_158' title='bbox 1379 2249 1485 2304; x_wconf 83' lang='grc' dir='ltr'><strong>ποῦ</strong></span> <span class='ocrx_word' id='word_1_159' title='bbox 1542 2252 1572 2304; x_wconf 91' lang='lat'><strong>6</strong></span> <span class='ocrx_word' id='word_1_160' title='bbox 1629 2249 1885 2322; x_wconf 78' lang='grc' dir='ltr'><strong>βασιλεὺς</strong></span> 
     </span>
    </p>
   </div>
   <div class='ocr_carea' id='block_1_23' title="bbox 189 2337 1881 2416">
    <p class='ocr_par' dir='ltr' id='par_1_23' title="bbox 189 2337 1881 2416">
     <span class='ocr_line' id='line_1_23' title="bbox 189 2337 1881 2416; baseline -0.004 -18"><span class='ocrx_word' id='word_1_161' title='bbox 189 2343 421 2416; x_wconf 74' lang='grc' dir='ltr'><strong>έτέχθης</strong></span> <span class='ocrx_word' id='word_1_162' title='bbox 455 2345 519 2397; x_wconf 89' lang='grc' dir='ltr'><strong>ού</strong></span> <span class='ocrx_word' id='word_1_163' title='bbox 562 2342 656 2396; x_wconf 91' lang='grc' dir='ltr'><strong>τοῦ</strong></span> <span class='ocrx_word' id='word_1_164' title='bbox 697 2340 1074 2413; x_wconf 78' lang='grc' dir='ltr'><strong>βασιλεύοντος</strong></span> <span class='ocrx_word' id='word_1_165' title='bbox 1107 2340 1230 2394; x_wconf 87' lang='grc' dir='ltr'><strong>τότε</strong></span> <span class='ocrx_word' id='word_1_166' title='bbox 1263 2339 1354 2393; x_wconf 77' lang='grc' dir='ltr'><strong>τὸν</strong></span> <span class='ocrx_word' id='word_1_167' title='bbox 1388 2337 1560 2408; x_wconf 73' lang='grc' dir='ltr'><strong>θυμὸν</strong></span> <span class='ocrx_word' id='word_1_168' title='bbox 1587 2339 1881 2408; x_wconf 86' lang='grc' dir='ltr'><strong>ὑπειδόμε-</strong></span> 
     </span>
    </p>
   </div>
   <div class='ocr_carea' id='block_1_24' title="bbox 188 2425 1884 2501">
    <p class='ocr_par' dir='ltr' id='par_1_24' title="bbox 188 2425 1884 2501">
     <span class='ocr_line' id='line_1_24' title="bbox 188 2425 1884 2501; baseline -0.004 -16"><span class='ocrx_word' id='word_1_169' title='bbox 188 2449 304 2494; x_wconf 90' lang='grc' dir='ltr'><strong>νοι,</strong></span> <span class='ocrx_word' id='word_1_170' title='bbox 338 2433 399 2484; x_wconf 85' lang='grc' dir='ltr'><strong>ού</strong></span> <span class='ocrx_word' id='word_1_171' title='bbox 422 2428 521 2484; x_wconf 91' lang='grc' dir='ltr'><strong>τοῦ</strong></span> <span class='ocrx_word' id='word_1_172' title='bbox 563 2429 735 2501; x_wconf 78' lang='grc' dir='ltr'><strong>δήμου</strong></span> <span class='ocrx_word' id='word_1_173' title='bbox 771 2428 868 2501; x_wconf 75' lang='grc' dir='ltr'><strong>τὴν</strong></span> <span class='ocrx_word' id='word_1_174' title='bbox 901 2427 1302 2491; x_wconf 73' lang='grc' dir='ltr'><strong>ἐπανάστασιν,</strong></span> <span class='ocrx_word' id='word_1_175' title='bbox 1323 2427 1385 2480; x_wconf 82' lang='grc' dir='ltr'><strong>οὐ</strong></span> <span class='ocrx_word' id='word_1_176' title='bbox 1415 2425 1515 2497; x_wconf 89' lang='grc' dir='ltr'><strong>τῆς</strong></span> <span class='ocrx_word' id='word_1_177' title='bbox 1546 2426 1752 2490; x_wconf 82' lang='grc' dir='ltr'><strong>πόλεως</strong></span> <span class='ocrx_word' id='word_1_178' title='bbox 1785 2425 1884 2490; x_wconf 85' lang='grc' dir='ltr'><strong>τὰς</strong></span> 
     </span>
    </p>
   </div>
   <div class='ocr_carea' id='block_1_25' title="bbox 190 2513 1884 2588">
    <p class='ocr_par' dir='ltr' id='par_1_25' title="bbox 190 2513 1884 2588">
     <span class='ocr_line' id='line_1_25' title="bbox 190 2513 1884 2588; baseline -0.003 -16"><span class='ocrx_word' id='word_1_179' title='bbox 190 2516 511 2580; x_wconf 70' lang='grc' dir='ltr'><strong>ὶπιὸουλάς.</strong></span> <span class='ocrx_word' id='word_1_180' title='bbox 556 2515 777 2588; x_wconf 82' lang='grc' dir='ltr'><strong>Ἐπειδὴ</strong></span> <span class='ocrx_word' id='word_1_181' title='bbox 815 2515 928 2587; x_wconf 84' lang='grc' dir='ltr'><strong>γὰρ</strong></span> <span class='ocrx_word' id='word_1_182' title='bbox 963 2515 1210 2582; x_wconf 75' lang='grc' dir='ltr'><strong>ἐδέξαντο</strong></span> <span class='ocrx_word' id='word_1_183' title='bbox 1251 2514 1313 2570; x_wconf 71' lang='grc' dir='ltr'><strong>τὸ</strong></span> <span class='ocrx_word' id='word_1_184' title='bbox 1357 2515 1640 2586; x_wconf 86' lang='grc' dir='ltr'><strong>κήρυγμα,</strong></span> <span class='ocrx_word' id='word_1_185' title='bbox 1671 2513 1767 2568; x_wconf 78' lang='grc' dir='ltr'><strong>καὶ</strong></span> <span class='ocrx_word' id='word_1_186' title='bbox 1795 2530 1884 2583; x_wconf 81' lang='grc' dir='ltr'><strong>φι-</strong></span> 
     </span>
    </p>
   </div>
   <div class='ocr_carea' id='block_1_26' title="bbox 189 2603 1885 2677">
    <p class='ocr_par' dir='ltr' id='par_1_26' title="bbox 189 2603 1885 2677">
     <span class='ocr_line' id='line_1_26' title="bbox 189 2603 1885 2677; baseline -0.002 -17"><span class='ocrx_word' id='word_1_187' title='bbox 189 2605 409 2676; x_wconf 85' lang='grc' dir='ltr'><strong>λόσοφοι</strong></span> <span class='ocrx_word' id='word_1_188' title='bbox 445 2606 543 2659; x_wconf 72' lang='grc' dir='ltr'><strong>καὶ</strong></span> <span class='ocrx_word' id='word_1_189' title='bbox 575 2605 849 2677; x_wconf 87' lang='grc' dir='ltr'><strong>μάρτυρες</strong></span> <span class='ocrx_word' id='word_1_190' title='bbox 869 2604 1074 2670; x_wconf 77' lang='grc' dir='ltr'><strong>ζῶντες</strong></span> <span class='ocrx_word' id='word_1_191' title='bbox 1105 2603 1303 2676; x_wconf 88' lang='grc' dir='ltr'><strong>ἀθρόον</strong></span> <span class='ocrx_word' id='word_1_192' title='bbox 1327 2605 1589 2673; x_wconf 89' lang='grc' dir='ltr'><strong>γίνονται,</strong></span> <span class='ocrx_word' id='word_1_193' title='bbox 1617 2603 1885 2672; x_wconf 18' lang='grc' dir='ltr'><strong>,κατατολ-</strong></span> 
     </span>
    </p>
   </div>
   <div class='ocr_carea' id='block_1_27' title="bbox 191 2690 1886 2766">
    <p class='ocr_par' dir='ltr' id='par_1_27' title="bbox 191 2690 1886 2766">
     <span class='ocr_line' id='line_1_27' title="bbox 191 2690 1886 2766; baseline -0.002 -18"><span class='ocrx_word' id='word_1_194' title='bbox 191 2695 406 2766; x_wconf 89' lang='grc' dir='ltr'><strong>μῶντες</strong></span> <span class='ocrx_word' id='word_1_195' title='bbox 428 2693 687 2757; x_wconf 90' lang='grc' dir='ltr'><strong>θανάτου,</strong></span> <span class='ocrx_word' id='word_1_196' title='bbox 705 2691 1174 2764; x_wconf 80' lang='grc' dir='ltr'><strong>καταφρονοῦντες</strong></span> <span class='ocrx_word' id='word_1_197' title='bbox 1197 2692 1478 2757; x_wconf 86' lang='grc' dir='ltr'><strong>κινδύνων,</strong></span> <span class='ocrx_word' id='word_1_198' title='bbox 1502 2690 1886 2764; x_wconf 86' lang='grc' dir='ltr'><strong>ὑπερορῶντες</strong></span> 
     </span>
    </p>
   </div>
   <div class='ocr_carea' id='block_1_28' title="bbox 187 2779 1883 2854">
    <p class='ocr_par' dir='ltr' id='par_1_28' title="bbox 187 2779 1883 2854">
     <span class='ocr_line' id='line_1_28' title="bbox 187 2779 1883 2854; baseline -0.003 -17"><span class='ocrx_word' id='word_1_199' title='bbox 187 2784 287 2854; x_wconf 88' lang='grc' dir='ltr'><strong>τῆς</strong></span> <span class='ocrx_word' id='word_1_200' title='bbox 325 2781 617 2854; x_wconf 77' lang='grc' dir='ltr'><strong>παρούσης</strong></span> <span class='ocrx_word' id='word_1_201' title='bbox 651 2781 820 2852; x_wconf 77' lang='grc' dir='ltr'><strong>ζωῆς,</strong></span> <span class='ocrx_word' id='word_1_202' title='bbox 851 2783 909 2834; x_wconf 77' lang='grc' dir='ltr'><strong>έν</strong></span> <span class='ocrx_word' id='word_1_203' title='bbox 937 2780 1222 2852; x_wconf 74' lang='grc' dir='ltr'><strong>παρρησίᾳ</strong></span> <span class='ocrx_word' id='word_1_204' title='bbox 1251 2779 1719 2850; x_wconf 85' lang='grc' dir='ltr'><strong>ἀνακηρύττοντες</strong></span> <span class='ocrx_word' id='word_1_205' title='bbox 1743 2780 1883 2851; x_wconf 85' lang='grc' dir='ltr'><strong>ὅπερ</strong></span> 
     </span>
    </p>
   </div>
   <div class='ocr_carea' id='block_1_29' title="bbox 189 2865 1884 2943">
    <p class='ocr_par' dir='ltr' id='par_1_29' title="bbox 189 2865 1884 2943">
     <span class='ocr_line' id='line_1_29' title="bbox 189 2865 1884 2943; baseline -0.002 -18"><span class='ocrx_word' id='word_1_206' title='bbox 189 2871 432 2939; x_wconf 74' lang='grc' dir='ltr'><strong>ἔμαθον,</strong></span> <span class='ocrx_word' id='word_1_207' title='bbox 479 2873 540 2925; x_wconf 71' lang='grc' dir='ltr'><strong>ἐν</strong></span> <span class='ocrx_word' id='word_1_208' title='bbox 595 2871 746 2943; x_wconf 84' lang='grc' dir='ltr'><strong>μέσῳ</strong></span> <span class='ocrx_word' id='word_1_209' title='bbox 776 2869 934 2941; x_wconf 86' lang='grc' dir='ltr'><strong>δήμῳ</strong></span> <span class='ocrx_word' id='word_1_210' title='bbox 984 2871 1079 2922; x_wconf 76' lang='grc' dir='ltr'><strong>καὶ</strong></span> <span class='ocrx_word' id='word_1_211' title='bbox 1124 2868 1266 2940; x_wconf 82' lang='grc' dir='ltr'><strong>μέσῃ</strong></span> <span class='ocrx_word' id='word_1_212' title='bbox 1313 2866 1465 2921; x_wconf 88' lang='grc' dir='ltr'><strong>πόλει</strong></span> <span class='ocrx_word' id='word_1_213' title='bbox 1502 2865 1595 2920; x_wconf 74' lang='grc' dir='ltr'><strong>τὸν</strong></span> <span class='ocrx_word' id='word_1_214' title='bbox 1621 2867 1884 2938; x_wconf 83' lang='grc' dir='ltr'><strong>τεχθέντα</strong></span> 
     </span>
    </p>
   </div>
   <div class='ocr_carea' id='block_1_30' title="bbox 189 2954 1882 3032">
    <p class='ocr_par' dir='ltr' id='par_1_30' title="bbox 189 2954 1882 3032">
     <span class='ocr_line' id='line_1_30' title="bbox 189 2954 1882 3032; baseline -0.003 -19"><span class='ocrx_word' id='word_1_215' title='bbox 189 2958 645 3032; x_wconf 88' lang='grc' dir='ltr'><strong>ἀναγορεύοντες.</strong></span> <span class='ocrx_word' id='word_1_216' title='bbox 691 2957 791 3022; x_wconf 83' lang='grc' dir='ltr'><strong>ᾼιά</strong></span> <span class='ocrx_word' id='word_1_217' title='bbox 821 2957 931 3028; x_wconf 83' lang='grc' dir='ltr'><strong>γάρ</strong></span> <span class='ocrx_word' id='word_1_218' title='bbox 960 2955 1119 3010; x_wconf 90' lang='grc' dir='ltr'><strong>τοῦτο</strong></span> <span class='ocrx_word' id='word_1_219' title='bbox 1153 2956 1248 3009; x_wconf 76' lang='grc' dir='ltr'><strong>καὶ</strong></span> <span class='ocrx_word' id='word_1_220' title='bbox 1275 2957 1304 3008; x_wconf 86' lang='lat'><strong>6</strong></span> <span class='ocrx_word' id='word_1_221' title='bbox 1328 2955 1507 3026; x_wconf 79' lang='grc' dir='ltr'><strong>ἀστὴρ</strong></span> <span class='ocrx_word' id='word_1_222' title='bbox 1541 2954 1848 3025; x_wconf 89' lang='grc' dir='ltr'><strong>κρύπτεται</strong></span> <span class='ocrx_word' id='word_1_223' title='bbox 1867 2996 1882 3021; x_wconf 94' lang='grc'><strong>,</strong></span> 
     </span>
    </p>
   </div>
   <div class='ocr_carea' id='block_1_31' title="bbox 191 3041 1884 3116">
    <p class='ocr_par' dir='ltr' id='par_1_31' title="bbox 191 3041 1884 3116">
     <span class='ocr_line' id='line_1_31' title="bbox 191 3041 1884 3116; baseline -0.004 -13"><span class='ocrx_word' id='word_1_224' title='bbox 191 3049 279 3104; x_wconf 74' lang='grc' dir='ltr'><strong>ῐνα</strong></span> <span class='ocrx_word' id='word_1_225' title='bbox 312 3047 687 3110; x_wconf 84' lang='grc' dir='ltr'><strong>ἀπολέσαντες</strong></span> <span class='ocrx_word' id='word_1_226' title='bbox 713 3045 804 3100; x_wconf 83' lang='grc' dir='ltr'><strong>τὸν</strong></span> <span class='ocrx_word' id='word_1_227' title='bbox 838 3041 1284 3116; x_wconf 84' lang='grc' dir='ltr'><strong>χειραγωγοῦντα</strong></span> <span class='ocrx_word' id='word_1_228' title='bbox 1314 3042 1704 3111; x_wconf 83' lang='grc' dir='ltr'><strong>ἀναγκασθῶσι</strong></span> <span class='ocrx_word' id='word_1_229' title='bbox 1731 3043 1884 3116; x_wconf 81' lang='grc' dir='ltr'><strong>παρά</strong></span> 
     </span>
    </p>
   </div>
   <div class='ocr_carea' id='block_1_32' title="bbox 203 3130 1886 3206">
    <p class='ocr_par' dir='ltr' id='par_1_32' title="bbox 203 3130 1886 3206">
     <span class='ocr_line' id='line_1_32' title="bbox 203 3130 1886 3206; baseline -0.002 -15"><span class='ocrx_word' id='word_1_230' title='bbox 203 3137 480 3191; x_wconf 83' lang='grc' dir='ltr'><strong>Ἰουδαίων</strong></span> <span class='ocrx_word' id='word_1_231' title='bbox 528 3134 853 3206; x_wconf 87' lang='grc' dir='ltr'><strong>μανθάνειν,</strong></span> <span class='ocrx_word' id='word_1_232' title='bbox 902 3132 1102 3204; x_wconf 81' lang='grc' dir='ltr'><strong>μᾶλλον</strong></span> <span class='ocrx_word' id='word_1_233' title='bbox 1138 3131 1195 3185; x_wconf 78' lang='grc' dir='ltr'><strong>δὲ</strong></span> <span class='ocrx_word' id='word_1_234' title='bbox 1245 3133 1302 3185; x_wconf 79' lang='grc' dir='ltr'><strong>ἐν</strong></span> <span class='ocrx_word' id='word_1_235' title='bbox 1343 3130 1421 3203; x_wconf 80' lang='grc' dir='ltr'><strong>τῷ</strong></span> <span class='ocrx_word' id='word_1_236' title='bbox 1470 3131 1764 3202; x_wconf 82' lang='grc' dir='ltr'><strong>μανθάνειν</strong></span> <span class='ocrx_word' id='word_1_237' title='bbox 1806 3133 1886 3187; x_wconf 71' lang='grc' dir='ltr'><strong>διο</strong></span> 
     </span>
    </p>
   </div>
   <div class='ocr_carea' id='block_1_33' title="bbox 191 3219 1885 3292">
    <p class='ocr_par' dir='ltr' id='par_1_33' title="bbox 191 3219 1885 3292">
     <span class='ocr_line' id='line_1_33' title="bbox 191 3219 1885 3292; baseline -0.004 -12"><span class='ocrx_word' id='word_1_238' title='bbox 191 3225 414 3280; x_wconf 87' lang='grc' dir='ltr'><strong>δάσκειν</strong></span> <span class='ocrx_word' id='word_1_239' title='bbox 445 3224 718 3288; x_wconf 73' lang='grc' dir='ltr'><strong>ἐκείνους·</strong></span> <span class='ocrx_word' id='word_1_240' title='bbox 759 3221 851 3276; x_wconf 84' lang='grc' dir='ltr'><strong>τὸν</strong></span> <span class='ocrx_word' id='word_1_241' title='bbox 876 3221 985 3292; x_wconf 84' lang='lat'><strong>7&amp;9</strong></span> <span class='ocrx_word' id='word_1_242' title='bbox 1013 3221 1178 3274; x_wconf 79' lang='grc' dir='ltr'><strong>τόπον</strong></span> <span class='ocrx_word' id='word_1_243' title='bbox 1222 3219 1446 3291; x_wconf 78' lang='grc' dir='ltr'><strong>ζητοῦσι</strong></span> <span class='ocrx_word' id='word_1_244' title='bbox 1482 3220 1664 3290; x_wconf 88' lang='grc' dir='ltr'><strong>μόνον,</strong></span> <span class='ocrx_word' id='word_1_245' title='bbox 1700 3222 1783 3274; x_wconf 77' lang='grc' dir='ltr'><strong>δτι</strong></span> <span class='ocrx_word' id='word_1_246' title='bbox 1829 3220 1885 3274; x_wconf 72' lang='grc' dir='ltr'><strong>δὲ</strong></span> 
     </span>
    </p>
   </div>
   <div class='ocr_carea' id='block_1_34' title="bbox 191 3307 1883 3385">
    <p class='ocr_par' dir='ltr' id='par_1_34' title="bbox 191 3307 1883 3385">
     <span class='ocr_line' id='line_1_34' title="bbox 191 3307 1883 3385; baseline -0.004 -18"><span class='ocrx_word' id='word_1_247' title='bbox 191 3315 431 3385; x_wconf 71' lang='grc' dir='ltr'><strong>ἐτέχθη,</strong></span> <span class='ocrx_word' id='word_1_248' title='bbox 483 3311 850 3383; x_wconf 82' lang='grc' dir='ltr'><strong>προλαϐόντες</strong></span> <span class='ocrx_word' id='word_1_249' title='bbox 894 3309 1112 3381; x_wconf 68' lang='grc' dir='ltr'><strong>ᾔδεσαν.</strong></span> <span class='ocrx_word' id='word_1_250' title='bbox 1163 3307 1301 3361; x_wconf 77' lang='grc' dir='ltr'><strong>Ἀλλ’</strong></span> <span class='ocrx_word' id='word_1_251' title='bbox 1350 3308 1453 3378; x_wconf 81' lang='grc' dir='ltr'><strong>ὅρα</strong></span> <span class='ocrx_word' id='word_1_252' title='bbox 1485 3307 1619 3360; x_wconf 84' lang='grc' dir='ltr'><strong>Θεοῦ</strong></span> <span class='ocrx_word' id='word_1_253' title='bbox 1666 3309 1883 3378; x_wconf 86' lang='grc' dir='ltr'><strong>σοφίαν,</strong></span> 
     </span>
    </p>
   </div>
   <div class='ocr_carea' id='block_1_35' title="bbox 195 3395 1888 3469">
    <p class='ocr_par' dir='ltr' id='par_1_35' title="bbox 195 3395 1888 3469">
     <span class='ocr_line' id='line_1_35' title="bbox 195 3395 1888 3469; baseline -0.004 -13"><span class='ocrx_word' id='word_1_254' title='bbox 195 3403 314 3466; x_wconf 88' lang='grc' dir='ltr'><strong>πῶς</strong></span> <span class='ocrx_word' id='word_1_255' title='bbox 353 3403 554 3463; x_wconf 74' lang='grc' dir='ltr'><strong>αὐτοὺς</strong></span> <span class='ocrx_word' id='word_1_256' title='bbox 598 3399 877 3453; x_wconf 77' lang='grc' dir='ltr'><strong>ἐκάλεσεν.</strong></span> <span class='ocrx_word' id='word_1_257' title='bbox 925 3397 1000 3449; x_wconf 82' lang='grc' dir='ltr'><strong>(ὶὺ</strong></span> <span class='ocrx_word' id='word_1_258' title='bbox 1047 3397 1334 3467; x_wconf 77' lang='grc' dir='ltr'><strong>προφήτην</strong></span> <span class='ocrx_word' id='word_1_259' title='bbox 1383 3395 1651 3466; x_wconf 73' lang='grc' dir='ltr'><strong>ἔπεμψεν,</strong></span> <span class='ocrx_word' id='word_1_260' title='bbox 1685 3397 1743 3450; x_wconf 77' lang='grc' dir='ltr'><strong>οὐ</strong></span> <span class='ocrx_word' id='word_1_261' title='bbox 1775 3397 1888 3469; x_wconf 86' lang='grc' dir='ltr'><strong>γὰρ</strong></span> 
     </span>
    </p>
   </div>
   <div class='ocr_carea' id='block_1_36' title="bbox 194 3483 1886 3561">
    <p class='ocr_par' dir='ltr' id='par_1_36' title="bbox 194 3483 1886 3561">
     <span class='ocr_line' id='line_1_36' title="bbox 194 3483 1886 3561; baseline -0.003 -17"><span class='ocrx_word' id='word_1_262' title='bbox 194 3491 263 3545; x_wconf 80' lang='grc' dir='ltr'><strong>ἂν</strong></span> <span class='ocrx_word' id='word_1_263' title='bbox 301 3491 632 3561; x_wconf 66' lang='grc' dir='ltr'><strong>ἠνέσχοντο·</strong></span> <span class='ocrx_word' id='word_1_264' title='bbox 676 3488 776 3542; x_wconf 78' lang='grc' dir='ltr'><strong>οῦκ</strong></span> <span class='ocrx_word' id='word_1_265' title='bbox 814 3485 1112 3540; x_wconf 80' lang='grc' dir='ltr'><strong>ἀπόστολον</strong></span> <span class='ocrx_word' id='word_1_266' title='bbox 1139 3523 1154 3548; x_wconf 93' lang='grc'><strong>,</strong></span> <span class='ocrx_word' id='word_1_267' title='bbox 1189 3485 1252 3538; x_wconf 82' lang='grc' dir='ltr'><strong>οὐ</strong></span> <span class='ocrx_word' id='word_1_268' title='bbox 1297 3483 1405 3554; x_wconf 91' lang='lat'><strong>7&amp;9</strong></span> <span class='ocrx_word' id='word_1_269' title='bbox 1450 3487 1773 3556; x_wconf 83' lang='grc' dir='ltr'><strong>προσεῖχον·</strong></span> <span class='ocrx_word' id='word_1_270' title='bbox 1823 3487 1886 3539; x_wconf 83' lang='grc' dir='ltr'><strong>οὐ</strong></span> 
     </span>
    </p>
   </div>
   <div class='ocr_carea' id='block_1_37' title="bbox 195 3572 1889 3650">
    <p class='ocr_par' dir='ltr' id='par_1_37' title="bbox 195 3572 1889 3650">
     <span class='ocr_line' id='line_1_37' title="bbox 195 3572 1889 3650; baseline -0.003 -17"><span class='ocrx_word' id='word_1_271' title='bbox 195 3579 458 3650; x_wconf 69' lang='grc' dir='ltr'><strong>γραφάς,</strong></span> <span class='ocrx_word' id='word_1_272' title='bbox 515 3577 578 3633; x_wconf 80' lang='grc' dir='ltr'><strong>οὐ</strong></span> <span class='ocrx_word' id='word_1_273' title='bbox 619 3577 729 3649; x_wconf 82' lang='grc' dir='ltr'><strong>γὰρ</strong></span> <span class='ocrx_word' id='word_1_274' title='bbox 788 3575 1021 3646; x_wconf 63' lang='grc' dir='ltr'><strong>⁴ᾔδεσαν·</strong></span> <span class='ocrx_word' id='word_1_275' title='bbox 1071 3573 1188 3628; x_wconf 79' lang='grc' dir='ltr'><strong>ἀλλ’</strong></span> <span class='ocrx_word' id='word_1_276' title='bbox 1227 3572 1338 3629; x_wconf 78' lang='grc' dir='ltr'><strong>ἀπὸ</strong></span> <span class='ocrx_word' id='word_1_277' title='bbox 1382 3572 1489 3627; x_wconf 90' lang='grc' dir='ltr'><strong>τῶν</strong></span> <span class='ocrx_word' id='word_1_278' title='bbox 1531 3574 1749 3629; x_wconf 81' lang='grc' dir='ltr'><strong>οἰκείων</strong></span> <span class='ocrx_word' id='word_1_279' title='bbox 1793 3576 1889 3629; x_wconf 75' lang='grc' dir='ltr'><strong>καὶ</strong></span> 
     </span>
    </p>
   </div>
   <div class='ocr_carea' id='block_1_38' title="bbox 198 3661 1886 3739">
    <p class='ocr_par' dir='ltr' id='par_1_38' title="bbox 198 3661 1886 3739">
     <span class='ocr_line' id='line_1_38' title="bbox 198 3661 1886 3739; baseline -0.001 -19"><span class='ocrx_word' id='word_1_280' title='bbox 198 3667 521 3739; x_wconf 81' lang='grc' dir='ltr'><strong>συντρόφων</strong></span> <span class='ocrx_word' id='word_1_281' title='bbox 572 3665 915 3737; x_wconf 84' lang='grc' dir='ltr'><strong>πραγμάτων</strong></span> <span class='ocrx_word' id='word_1_282' title='bbox 957 3663 1223 3734; x_wconf 81' lang='grc' dir='ltr'><strong>ἀνιμᾶται</strong></span> <span class='ocrx_word' id='word_1_283' title='bbox 1268 3663 1369 3733; x_wconf 84' lang='grc' dir='ltr'><strong>τῆς</strong></span> <span class='ocrx_word' id='word_1_284' title='bbox 1421 3661 1631 3736; x_wconf 85' lang='grc' dir='ltr'><strong>πλάνης</strong></span> <span class='ocrx_word' id='word_1_285' title='bbox 1667 3662 1886 3728; x_wconf 82' lang='grc' dir='ltr'><strong>αὐτούς.</strong></span> 
     </span>
    </p>
   </div>
   <div class='ocr_carea' id='block_1_39' title="bbox 207 3747 1888 3826">
    <p class='ocr_par' dir='ltr' id='par_1_39' title="bbox 207 3747 1888 3826">
     <span class='ocr_line' id='line_1_39' title="bbox 207 3747 1888 3826; baseline 0.004 -26"><span class='ocrx_word' id='word_1_286' title='bbox 207 3756 432 3826; x_wconf 67' lang='grc' dir='ltr'><strong>Ἐπειδὴ</strong></span> <span class='ocrx_word' id='word_1_287' title='bbox 478 3754 590 3826; x_wconf 80' lang='grc' dir='ltr'><strong>γὰρ</strong></span> <span class='ocrx_word' id='word_1_288' title='bbox 635 3754 798 3825; x_wconf 82' lang='grc' dir='ltr'><strong>μάγοι</strong></span> <span class='ocrx_word' id='word_1_289' title='bbox 845 3747 1008 3824; x_wconf 77' lang='grc' dir='ltr'><strong>ἦσαν,</strong></span> <span class='ocrx_word' id='word_1_290' title='bbox 1047 3750 1142 3806; x_wconf 83' lang='grc' dir='ltr'><strong>καὶ</strong></span> <span class='ocrx_word' id='word_1_291' title='bbox 1194 3752 1323 3824; x_wconf 77' lang='grc' dir='ltr'><strong>περὶ</strong></span> <span class='ocrx_word' id='word_1_292' title='bbox 1370 3751 1607 3822; x_wconf 85' lang='grc' dir='ltr'><strong>ἀστέρας</strong></span> <span class='ocrx_word' id='word_1_293' title='bbox 1636 3753 1819 3817; x_wconf 78' lang='grc' dir='ltr'><strong>αὐτοῖς</strong></span> <span class='ocrx_word' id='word_1_294' title='bbox 1855 3756 1888 3826; x_wconf 81' lang='grc' dir='ltr'>ἡ</span> 
     </span>
    </p>
   </div>
   <div class='ocr_carea' id='block_1_40' title="bbox 193 3842 1894 3919">
    <p class='ocr_par' dir='ltr' id='par_1_40' title="bbox 193 3842 1894 3919">
     <span class='ocr_line' id='line_1_40' title="bbox 193 3842 1894 3919; baseline -0.002 -18"><span class='ocrx_word' id='word_1_295' title='bbox 193 3846 383 3919; x_wconf 82' lang='grc' dir='ltr'><strong>τέχνη,</strong></span> <span class='ocrx_word' id='word_1_296' title='bbox 405 3847 584 3918; x_wconf 73' lang='grc' dir='ltr'><strong>ἀστὴρ</strong></span> <span class='ocrx_word' id='word_1_297' title='bbox 597 3845 782 3908; x_wconf 75' lang='grc' dir='ltr'><strong>αὐτοῖς</strong></span> <span class='ocrx_word' id='word_1_298' title='bbox 798 3843 1068 3914; x_wconf 83' lang='grc' dir='ltr'><strong>φαίνεται,</strong></span> <span class='ocrx_word' id='word_1_299' title='bbox 1083 3842 1257 3897; x_wconf 66' lang='grc' dir='ltr'><strong>ἕλκων</strong></span> <span class='ocrx_word' id='word_1_300' title='bbox 1274 3844 1472 3908; x_wconf 76' lang='grc' dir='ltr'><strong>αὐτοὺς</strong></span> <span class='ocrx_word' id='word_1_301' title='bbox 1491 3845 1599 3898; x_wconf 78' lang='grc' dir='ltr'><strong>ἀπὸ</strong></span> <span class='ocrx_word' id='word_1_302' title='bbox 1611 3844 1710 3915; x_wconf 91' lang='grc' dir='ltr'><strong>τῆς</strong></span> <span class='ocrx_word' id='word_1_303' title='bbox 1729 3846 1894 3916; x_wconf 84' lang='grc' dir='ltr'><strong>ὑπερ-</strong></span> 
     </span>
    </p>
   </div>
   <div class='ocr_carea' id='block_1_41' title="bbox 195 3927 1892 4007">
    <p class='ocr_par' dir='ltr' id='par_1_41' title="bbox 195 3927 1892 4007">
     <span class='ocr_line' id='line_1_41' title="bbox 195 3927 1892 4007; baseline 0.003 -24"><span class='ocrx_word' id='word_1_304' title='bbox 195 3937 372 4007; x_wconf 62' lang='grc' dir='ltr'><strong>ορίας,</strong></span> <span class='ocrx_word' id='word_1_305' title='bbox 404 3936 583 4006; x_wconf 70' lang='grc' dir='ltr'><strong>ἀστὴρ</strong></span> <span class='ocrx_word' id='word_1_306' title='bbox 609 3934 708 4004; x_wconf 83' lang='grc' dir='ltr'><strong>ούχ</strong></span> <span class='ocrx_word' id='word_1_307' title='bbox 731 3927 811 3996; x_wconf 74' lang='grc' dir='ltr'><strong>εἷς</strong></span> <span class='ocrx_word' id='word_1_308' title='bbox 843 3932 952 3986; x_wconf 92' lang='grc' dir='ltr'><strong>τῶν</strong></span> <span class='ocrx_word' id='word_1_309' title='bbox 989 3932 1304 4006; x_wconf 81' lang='grc' dir='ltr'><strong>δρωμένων,</strong></span> <span class='ocrx_word' id='word_1_310' title='bbox 1340 3932 1478 3986; x_wconf 82' lang='grc' dir='ltr'><strong>ἀλλά</strong></span> <span class='ocrx_word' id='word_1_311' title='bbox 1511 3931 1631 3987; x_wconf 87' lang='grc' dir='ltr'><strong>θεία</strong></span> <span class='ocrx_word' id='word_1_312' title='bbox 1663 3951 1748 3995; x_wconf 87' lang='grc' dir='ltr'><strong>τις</strong></span> <span class='ocrx_word' id='word_1_313' title='bbox 1796 3934 1892 3988; x_wconf 73' lang='grc' dir='ltr'><strong>καὶ</strong></span> 
     </span>
    </p>
   </div>
   <div class='ocr_carea' id='block_1_42' title="bbox 195 4019 1891 4097">
    <p class='ocr_par' dir='ltr' id='par_1_42' title="bbox 195 4019 1891 4097">
     <span class='ocr_line' id='line_1_42' title="bbox 195 4019 1891 4097; baseline -0.002 -17"><span class='ocrx_word' id='word_1_314' title='bbox 195 4026 430 4097; x_wconf 86' lang='grc' dir='ltr'><strong>ἀόρατος</strong></span> <span class='ocrx_word' id='word_1_315' title='bbox 462 4021 690 4093; x_wconf 88' lang='grc' dir='ltr'><strong>δύναμις</strong></span> <span class='ocrx_word' id='word_1_316' title='bbox 717 4022 796 4084; x_wconf 89' lang='grc' dir='ltr'><strong>εἰς</strong></span> <span class='ocrx_word' id='word_1_317' title='bbox 823 4020 946 4090; x_wconf 64' lang='grc' dir='ltr'><strong>ὄψιν</strong></span> <span class='ocrx_word' id='word_1_318' title='bbox 975 4019 1207 4091; x_wconf 79' lang='grc' dir='ltr'><strong>ἀστέρος</strong></span> <span class='ocrx_word' id='word_1_319' title='bbox 1237 4020 1674 4093; x_wconf 81' lang='grc' dir='ltr'><strong>σχηματισθεῖσα</strong></span> <span class='ocrx_word' id='word_1_320' title='bbox 1697 4038 1710 4051; x_wconf 98' lang='grc'><strong>·</strong></span> <span class='ocrx_word' id='word_1_321' title='bbox 1740 4022 1891 4076; x_wconf 76' lang='grc' dir='ltr'><strong>ἕλκει</strong></span> 
     </span>
    </p>
   </div>
   <div class='ocr_carea' id='block_1_43' title="bbox 195 4107 1890 4182">
    <p class='ocr_par' dir='ltr' id='par_1_43' title="bbox 195 4107 1890 4182">
     <span class='ocr_line' id='line_1_43' title="bbox 195 4107 1890 4182; baseline -0.001 -14"><span class='ocrx_word' id='word_1_322' title='bbox 195 4115 251 4168; x_wconf 74' lang='grc' dir='ltr'><strong>δὲ</strong></span> <span class='ocrx_word' id='word_1_323' title='bbox 283 4112 486 4176; x_wconf 72' lang='grc' dir='ltr'><strong>αὐτοὺς</strong></span> <span class='ocrx_word' id='word_1_324' title='bbox 515 4109 716 4180; x_wconf 73' lang='grc' dir='ltr'><strong>ἀστὴρ,</strong></span> <span class='ocrx_word' id='word_1_325' title='bbox 746 4109 831 4162; x_wconf 85' lang='grc' dir='ltr'><strong>ίνα</strong></span> <span class='ocrx_word' id='word_1_326' title='bbox 855 4107 1140 4180; x_wconf 82' lang='grc' dir='ltr'><strong>ἀπαλλάξῃ</strong></span> <span class='ocrx_word' id='word_1_327' title='bbox 1170 4108 1261 4162; x_wconf 91' lang='grc' dir='ltr'><strong>τοῦ</strong></span> <span class='ocrx_word' id='word_1_328' title='bbox 1291 4110 1421 4182; x_wconf 77' lang='grc' dir='ltr'><strong>περὶ</strong></span> <span class='ocrx_word' id='word_1_329' title='bbox 1447 4110 1686 4181; x_wconf 83' lang='grc' dir='ltr'><strong>ἀστέρας</strong></span> <span class='ocrx_word' id='word_1_330' title='bbox 1706 4111 1890 4166; x_wconf 83' lang='grc' dir='ltr'><strong>λοιπὸν</strong></span> 
     </span>
    </p>
   </div>
   <div class='ocr_carea' id='block_1_44' title="bbox 197 4197 1890 4272">
    <p class='ocr_par' dir='ltr' id='par_1_44' title="bbox 197 4197 1890 4272">
     <span class='ocr_line' id='line_1_44' title="bbox 197 4197 1890 4272; baseline -0.001 -17"><span class='ocrx_word' id='word_1_331' title='bbox 197 4200 571 4272; x_wconf 70' lang='grc' dir='ltr'><strong>ἡσχολῆσθαι,</strong></span> <span class='ocrx_word' id='word_1_332' title='bbox 616 4198 713 4252; x_wconf 77' lang='grc' dir='ltr'><strong>καὶ</strong></span> <span class='ocrx_word' id='word_1_333' title='bbox 757 4198 858 4268; x_wconf 81' lang='grc' dir='ltr'><strong>τὴν</strong></span> <span class='ocrx_word' id='word_1_334' title='bbox 903 4197 1005 4268; x_wconf 87' lang='grc' dir='ltr'><strong>τῆς</strong></span> <span class='ocrx_word' id='word_1_335' title='bbox 1055 4198 1425 4270; x_wconf 82' lang='grc' dir='ltr'><strong>ἀστρονομίας</strong></span> <span class='ocrx_word' id='word_1_336' title='bbox 1458 4199 1739 4272; x_wconf 83' lang='grc' dir='ltr'><strong>καταλύσῃ</strong></span> <span class='ocrx_word' id='word_1_337' title='bbox 1793 4218 1890 4254; x_wconf 87' lang='grc' dir='ltr'><strong>τυ-</strong></span> 
     </span>
    </p>
   </div>
   <div class='ocr_carea' id='block_1_45' title="bbox 198 4284 1893 4362">
    <p class='ocr_par' dir='ltr' id='par_1_45' title="bbox 198 4284 1893 4362">
     <span class='ocr_line' id='line_1_45' title="bbox 198 4284 1893 4362; baseline 0.001 -20"><span class='ocrx_word' id='word_1_338' title='bbox 198 4289 439 4362; x_wconf 87' lang='grc' dir='ltr'><strong>ραννίδα.</strong></span> <span class='ocrx_word' id='word_1_339' title='bbox 491 4285 648 4339; x_wconf 84' lang='grc' dir='ltr'><strong>Οῦτω</strong></span> <span class='ocrx_word' id='word_1_340' title='bbox 692 4284 787 4339; x_wconf 79' lang='grc' dir='ltr'><strong>καὶ</strong></span> <span class='ocrx_word' id='word_1_341' title='bbox 840 4287 870 4338; x_wconf 96' lang='lat'><strong>6</strong></span> <span class='ocrx_word' id='word_1_342' title='bbox 910 4284 1123 4350; x_wconf 86' lang='grc' dir='ltr'><strong>Παῦλος</strong></span> <span class='ocrx_word' id='word_1_343' title='bbox 1167 4287 1423 4358; x_wconf 73' lang='grc' dir='ltr'><strong>ἐποίησε,</strong></span> <span class='ocrx_word' id='word_1_344' title='bbox 1472 4287 1565 4341; x_wconf 82' lang='grc' dir='ltr'><strong>τὸν</strong></span> <span class='ocrx_word' id='word_1_345' title='bbox 1611 4291 1893 4362; x_wconf 86' lang='grc' dir='ltr'><strong>Δεσπότην</strong></span> 
     </span>
    </p>
   </div>
   <div class='ocr_carea' id='block_1_46' title="bbox 195 4373 1889 4446">
    <p class='ocr_par' dir='ltr' id='par_1_46' title="bbox 195 4373 1889 4446">
     <span class='ocr_line' id='line_1_46' title="bbox 195 4373 1889 4446; baseline 0.001 -15"><span class='ocrx_word' id='word_1_346' title='bbox 195 4378 287 4431; x_wconf 78' lang='grc' dir='ltr'><strong>τὸν</strong></span> <span class='ocrx_word' id='word_1_347' title='bbox 331 4374 530 4431; x_wconf 77' lang='grc' dir='ltr'><strong>ἑαυτοῦ</strong></span> <span class='ocrx_word' id='word_1_348' title='bbox 578 4373 950 4446; x_wconf 87' lang='grc' dir='ltr'><strong>μιμούμενος·</strong></span> <span class='ocrx_word' id='word_1_349' title='bbox 998 4376 1256 4443; x_wconf 80' lang='grc' dir='ltr'><strong>Μιμηταί</strong></span> <span class='ocrx_word' id='word_1_350' title='bbox 1311 4376 1420 4444; x_wconf 90' lang='grc' dir='ltr'><strong>γάρ</strong></span> <span class='ocrx_word' id='word_1_351' title='bbox 1459 4393 1580 4445; x_wconf 80' lang='grc' dir='ltr'><strong>μου</strong></span> <span class='ocrx_word' id='word_1_352' title='bbox 1613 4378 1889 4446; x_wconf 75' lang='grc' dir='ltr'><strong>γίνεσθε,</strong></span> 
     </span>
    </p>
   </div>
   <div class='ocr_carea' id='block_1_47' title="bbox 197 4462 1891 4540">
    <p class='ocr_par' dir='ltr' id='par_1_47' title="bbox 197 4462 1891 4540">
     <span class='ocr_line' id='line_1_47' title="bbox 197 4462 1891 4540; baseline -0.001 -21"><span class='ocrx_word' id='word_1_353' title='bbox 197 4465 357 4540; x_wconf 75' lang='grc' dir='ltr'><strong>φησὶ,</strong></span> <span class='ocrx_word' id='word_1_354' title='bbox 391 4463 588 4529; x_wconf 83' lang='grc' dir='ltr'><strong>καθὼς</strong></span> <span class='ocrx_word' id='word_1_355' title='bbox 615 4462 778 4532; x_wconf 76' lang='grc' dir='ltr'><strong>κάγὼ</strong></span> <span class='ocrx_word' id='word_1_356' title='bbox 809 4462 1089 4531; x_wconf 82' lang='grc' dir='ltr'><strong>Χριστοῦ.</strong></span> <span class='ocrx_word' id='word_1_357' title='bbox 1120 4463 1388 4534; x_wconf 78' lang='grc' dir='ltr'><strong>Καθάπερ</strong></span> <span class='ocrx_word' id='word_1_358' title='bbox 1421 4463 1530 4534; x_wconf 86' lang='grc' dir='ltr'><strong>γάρ</strong></span> <span class='ocrx_word' id='word_1_359' title='bbox 1559 4465 1587 4516; x_wconf 92' lang='lat'><strong>6</strong></span> <span class='ocrx_word' id='word_1_360' title='bbox 1615 4467 1891 4536; x_wconf 77' lang='grc' dir='ltr'><strong>Δεσπότης</strong></span> 
     </span>
    </p>
   </div>
   <div class='ocr_carea' id='block_1_48' title="bbox 198 4549 1892 4623">
    <p class='ocr_par' dir='ltr' id='par_1_48' title="bbox 198 4549 1892 4623">
     <span class='ocr_line' id='line_1_48' title="bbox 198 4549 1892 4623; baseline -0.001 -15"><span class='ocrx_word' id='word_1_361' title='bbox 198 4555 366 4608; x_wconf 79' lang='grc' dir='ltr'><strong>αὑτοῦ</strong></span> <span class='ocrx_word' id='word_1_362' title='bbox 399 4554 610 4623; x_wconf 88' lang='grc' dir='ltr'><strong>μάγους</strong></span> <span class='ocrx_word' id='word_1_363' title='bbox 635 4549 819 4604; x_wconf 89' lang='grc' dir='ltr'><strong>καλῶν</strong></span> <span class='ocrx_word' id='word_1_364' title='bbox 852 4550 1080 4621; x_wconf 84' lang='grc' dir='ltr'><strong>ἀστέρος</strong></span> <span class='ocrx_word' id='word_1_365' title='bbox 1109 4549 1354 4621; x_wconf 77' lang='grc' dir='ltr'><strong>ἐπεμψεν</strong></span> <span class='ocrx_word' id='word_1_366' title='bbox 1383 4551 1528 4621; x_wconf 69' lang='grc' dir='ltr'><strong>ὄψιν,</strong></span> <span class='ocrx_word' id='word_1_367' title='bbox 1559 4552 1643 4604; x_wconf 81' lang='grc' dir='ltr'><strong>ἵνα</strong></span> <span class='ocrx_word' id='word_1_368' title='bbox 1680 4555 1740 4606; x_wconf 84' lang='grc' dir='ltr'><strong>τὸ</strong></span> <span class='ocrx_word' id='word_1_369' title='bbox 1763 4556 1892 4607; x_wconf 78' lang='grc' dir='ltr'><strong>σύν-</strong></span> 
     </span>
    </p>
   </div>
   <div class='ocr_carea' id='block_1_49' title="bbox 196 4635 1895 4712">
    <p class='ocr_par' dir='ltr' id='par_1_49' title="bbox 196 4635 1895 4712">
     <span class='ocr_line' id='line_1_49' title="bbox 196 4635 1895 4712; baseline -0.001 -19"><span class='ocrx_word' id='word_1_370' title='bbox 196 4641 328 4712; x_wconf 87' lang='grc' dir='ltr'><strong>ηθες</strong></span> <span class='ocrx_word' id='word_1_371' title='bbox 361 4640 677 4707; x_wconf 69' lang='grc' dir='ltr'><strong>ἐπιγνόντες</strong></span> <span class='ocrx_word' id='word_1_372' title='bbox 704 4635 942 4698; x_wconf 77' lang='grc' dir='ltr'><strong>εὐκόλως</strong></span> <span class='ocrx_word' id='word_1_373' title='bbox 991 4636 1366 4699; x_wconf 79' lang='grc' dir='ltr'><strong>ὑπακούσωσι,</strong></span> <span class='ocrx_word' id='word_1_374' title='bbox 1397 4637 1491 4689; x_wconf 71' lang='grc' dir='ltr'><strong>καὶ</strong></span> <span class='ocrx_word' id='word_1_375' title='bbox 1527 4637 1770 4703; x_wconf 74' lang='grc' dir='ltr'><strong>ὲλθὸιτες</strong></span> <span class='ocrx_word' id='word_1_376' title='bbox 1801 4640 1895 4692; x_wconf 76' lang='grc' dir='ltr'><strong>τὸν</strong></span> 
     </span>
    </p>
   </div>
   <div class='ocr_carea' id='block_1_50' title="bbox 195 4724 1891 4797">
    <p class='ocr_par' dir='ltr' id='par_1_50' title="bbox 195 4724 1891 4797">
     <span class='ocr_line' id='line_1_50' title="bbox 195 4724 1891 4797; baseline 0 -17"><span class='ocrx_word' id='word_1_377' title='bbox 195 4729 306 4782; x_wconf 84' lang='grc' dir='ltr'><strong>τῶν</strong></span> <span class='ocrx_word' id='word_1_378' title='bbox 340 4729 590 4797; x_wconf 85' lang='grc' dir='ltr'><strong>ἀστέρων</strong></span> <span class='ocrx_word' id='word_1_379' title='bbox 623 4725 774 4778; x_wconf 84' lang='grc' dir='ltr'><strong>ἴδωσι</strong></span> <span class='ocrx_word' id='word_1_380' title='bbox 795 4724 1094 4796; x_wconf 88' lang='grc' dir='ltr'><strong>Δεσπότην,</strong></span> <span class='ocrx_word' id='word_1_381' title='bbox 1123 4725 1219 4777; x_wconf 72' lang='grc' dir='ltr'><strong>καὶ</strong></span> <span class='ocrx_word' id='word_1_382' title='bbox 1251 4724 1348 4794; x_wconf 86' lang='grc' dir='ltr'><strong>τῆς</strong></span> <span class='ocrx_word' id='word_1_383' title='bbox 1371 4724 1613 4789; x_wconf 77' lang='grc' dir='ltr'><strong>δουλείας</strong></span> <span class='ocrx_word' id='word_1_384' title='bbox 1646 4727 1891 4780; x_wconf 87' lang='grc' dir='ltr'><strong>ἀπαλλα-</strong></span> 
     </span>
    </p>
   </div>
   <div class='ocr_carea' id='block_1_51' title="bbox 196 4812 1894 4886">
    <p class='ocr_par' dir='ltr' id='par_1_51' title="bbox 196 4812 1894 4886">
     <span class='ocr_line' id='line_1_51' title="bbox 196 4812 1894 4886; baseline -0.001 -16"><span class='ocrx_word' id='word_1_385' title='bbox 196 4817 390 4886; x_wconf 88' lang='grc' dir='ltr'><strong>γέντες</strong></span> <span class='ocrx_word' id='word_1_386' title='bbox 425 4816 644 4885; x_wconf 73' lang='grc' dir='ltr'><strong>ἐκείνης</strong></span> <span class='ocrx_word' id='word_1_387' title='bbox 664 4853 680 4873; x_wconf 98' lang='grc'><strong>,</strong></span> <span class='ocrx_word' id='word_1_388' title='bbox 707 4812 885 4886; x_wconf 78' lang='grc' dir='ltr'><strong>ταύτῃ</strong></span> <span class='ocrx_word' id='word_1_389' title='bbox 923 4812 1264 4884; x_wconf 88' lang='grc' dir='ltr'><strong>προσέλθωσι</strong></span> <span class='ocrx_word' id='word_1_390' title='bbox 1290 4816 1355 4884; x_wconf 76' lang='grc' dir='ltr'><strong>τῇ</strong></span> <span class='ocrx_word' id='word_1_391' title='bbox 1396 4813 1687 4886; x_wconf 72' lang='grc' dir='ltr'><strong>δεσποτεία</strong></span> <span class='ocrx_word' id='word_1_392' title='bbox 1706 4832 1718 4844; x_wconf 86' lang='lat'><strong><em>°</em></strong></span> <span class='ocrx_word' id='word_1_393' title='bbox 1751 4817 1894 4869; x_wconf 71' lang='grc' dir='ltr'><strong>οὕτω</strong></span> 
     </span>
    </p>
   </div>
   <div class='ocr_carea' id='block_1_52' title="bbox 195 4901 1894 4977">
    <p class='ocr_par' dir='ltr' id='par_1_52' title="bbox 195 4901 1894 4977">
     <span class='ocr_line' id='line_1_52' title="bbox 195 4901 1894 4977; baseline 0 -19"><span class='ocrx_word' id='word_1_394' title='bbox 195 4905 261 4977; x_wconf 82' lang='grc' dir='ltr'><strong>δὴ</strong></span> <span class='ocrx_word' id='word_1_395' title='bbox 291 4905 388 4957; x_wconf 78' lang='grc' dir='ltr'><strong>καὶ</strong></span> <span class='ocrx_word' id='word_1_396' title='bbox 421 4903 585 4966; x_wconf 70' lang='grc' dir='ltr'><strong>αὐτὸς</strong></span> <span class='ocrx_word' id='word_1_397' title='bbox 623 4901 833 4972; x_wconf 89' lang='grc' dir='ltr'><strong>μέλλων</strong></span> <span class='ocrx_word' id='word_1_398' title='bbox 874 4902 1179 4973; x_wconf 83' lang='grc' dir='ltr'><strong>περιτομὴν</strong></span> <span class='ocrx_word' id='word_1_399' title='bbox 1223 4901 1528 4974; x_wconf 81' lang='grc' dir='ltr'><strong>καθαιρεῖν,</strong></span> <span class='ocrx_word' id='word_1_400' title='bbox 1568 4905 1704 4972; x_wconf 85' lang='grc' dir='ltr'><strong>μετά</strong></span> <span class='ocrx_word' id='word_1_401' title='bbox 1739 4922 1894 4974; x_wconf 72' lang='grc' dir='ltr'><strong>περι-</strong></span> 
     </span>
    </p>
   </div>
   <div class='ocr_carea' id='block_1_53' title="bbox 195 4989 1893 5064">
    <p class='ocr_par' dir='ltr' id='par_1_53' title="bbox 195 4989 1893 5064">
     <span class='ocr_line' id='line_1_53' title="bbox 195 4989 1893 5064; baseline 0.001 -18"><span class='ocrx_word' id='word_1_402' title='bbox 195 4993 371 5064; x_wconf 83' lang='grc' dir='ltr'><strong>τομῆς</strong></span> <span class='ocrx_word' id='word_1_403' title='bbox 396 4992 614 5062; x_wconf 62' lang='grc' dir='ltr'><strong>έπεμψε</strong></span> <span class='ocrx_word' id='word_1_404' title='bbox 635 4990 728 5044; x_wconf 82' lang='grc' dir='ltr'><strong>τδν</strong></span> <span class='ocrx_word' id='word_1_405' title='bbox 751 4990 1035 5060; x_wconf 86' lang='grc' dir='ltr'><strong>Τιμόθεον.</strong></span> <span class='ocrx_word' id='word_1_406' title='bbox 1091 4989 1306 5061; x_wconf 79' lang='grc' dir='ltr'><strong>Ἐπειδὴ</strong></span> <span class='ocrx_word' id='word_1_407' title='bbox 1333 4991 1464 5062; x_wconf 86' lang='grc' dir='ltr'><strong>γὰρ·</strong></span> <span class='ocrx_word' id='word_1_408' title='bbox 1487 4992 1727 5045; x_wconf 84' lang='grc' dir='ltr'><strong>Ἰουδαῖοι</strong></span> <span class='ocrx_word' id='word_1_409' title='bbox 1751 4989 1893 5064; x_wconf 82' lang='grc' dir='ltr'><strong>ἦσαν</strong></span> 
     </span>
    </p>
   </div>
   <div class='ocr_carea' id='block_1_54' title="bbox 196 5076 1894 5152">
    <p class='ocr_par' dir='ltr' id='par_1_54' title="bbox 196 5076 1894 5152">
     <span class='ocr_line' id='line_1_54' title="bbox 196 5076 1894 5152; baseline 0.001 -17"><span class='ocrx_word' id='word_1_410' title='bbox 196 5084 248 5136; x_wconf 84' lang='grc' dir='ltr'><strong>οἱ</strong></span> <span class='ocrx_word' id='word_1_411' title='bbox 277 5081 566 5152; x_wconf 82' lang='grc' dir='ltr'><strong>μέλλοντες</strong></span> <span class='ocrx_word' id='word_1_412' title='bbox 590 5079 754 5134; x_wconf 80' lang='grc' dir='ltr'><strong>αὑτὸν</strong></span> <span class='ocrx_word' id='word_1_413' title='bbox 784 5078 1067 5149; x_wconf 84' lang='grc' dir='ltr'><strong>δέχεσθαι,</strong></span> <span class='ocrx_word' id='word_1_414' title='bbox 1099 5079 1260 5142; x_wconf 79' lang='grc' dir='ltr'><strong>αύτδς</strong></span> <span class='ocrx_word' id='word_1_415' title='bbox 1283 5080 1341 5132; x_wconf 83' lang='grc' dir='ltr'><strong>δὲ</strong></span> <span class='ocrx_word' id='word_1_416' title='bbox 1369 5076 1438 5151; x_wconf 87' lang='grc' dir='ltr'><strong>ῆν</strong></span> <span class='ocrx_word' id='word_1_417' title='bbox 1466 5083 1725 5149; x_wconf 69' lang='grc' dir='ltr'><strong>γυναικὸς</strong></span> <span class='ocrx_word' id='word_1_418' title='bbox 1765 5083 1894 5136; x_wconf 84' lang='grc' dir='ltr'><strong>Ἰου-</strong></span> 
     </span>
    </p>
   </div>
   <div class='ocr_carea' id='block_1_55' title="bbox 194 5166 1895 5239">
    <p class='ocr_par' dir='ltr' id='par_1_55' title="bbox 194 5166 1895 5239">
     <span class='ocr_line' id='line_1_55' title="bbox 194 5166 1895 5239; baseline -0.004 -14"><span class='ocrx_word' id='word_1_419' title='bbox 194 5171 355 5234; x_wconf 83' lang='grc' dir='ltr'><strong>δαίας</strong></span> <span class='ocrx_word' id='word_1_420' title='bbox 387 5169 589 5238; x_wconf 82' lang='grc' dir='ltr'><strong>πιστῆς</strong></span> <span class='ocrx_word' id='word_1_421' title='bbox 625 5167 764 5232; x_wconf 80' lang='grc' dir='ltr'><strong>υίὸς,</strong></span> <span class='ocrx_word' id='word_1_422' title='bbox 792 5167 999 5239; x_wconf 68' lang='grc' dir='ltr'><strong>πατρὸς</strong></span> <span class='ocrx_word' id='word_1_423' title='bbox 1037 5166 1094 5220; x_wconf 80' lang='grc' dir='ltr'><strong>δὲ</strong></span> <span class='ocrx_word' id='word_1_424' title='bbox 1134 5167 1558 5238; x_wconf 79' lang='grc' dir='ltr'><strong>Ἕλληνος,.καὶ</strong></span> <span class='ocrx_word' id='word_1_425' title='bbox 1603 5170 1692 5222; x_wconf 77' lang='grc' dir='ltr'><strong>διὰ</strong></span> <span class='ocrx_word' id='word_1_426' title='bbox 1736 5170 1895 5219; x_wconf 75' lang='grc' dir='ltr'><strong>τοῦτο</strong></span> 
     </span>
    </p>
   </div>
   <div class='ocr_carea' id='block_1_56' title="bbox 197 5255 1894 5329">
    <p class='ocr_par' dir='ltr' id='par_1_56' title="bbox 197 5255 1894 5329">
     <span class='ocr_line' id='line_1_56' title="bbox 197 5255 1894 5329; baseline 0.001 -16"><span class='ocrx_word' id='word_1_427' title='bbox 197 5259 538 5329; x_wconf 74' lang='grc' dir='ltr'><strong>ἀκρόὸυστος</strong></span> <span class='ocrx_word' id='word_1_428' title='bbox 560 5298 576 5323; x_wconf 91' lang='grc'><strong>,</strong></span> <span class='ocrx_word' id='word_1_429' title='bbox 619 5255 917 5327; x_wconf 86' lang='grc' dir='ltr'><strong>περιέθηκε</strong></span> <span class='ocrx_word' id='word_1_430' title='bbox 953 5255 1052 5326; x_wconf 80' lang='grc' dir='ltr'><strong>τὴν</strong></span> <span class='ocrx_word' id='word_1_431' title='bbox 1085 5255 1407 5326; x_wconf 80' lang='grc' dir='ltr'><strong>περιτομὴν,</strong></span> <span class='ocrx_word' id='word_1_432' title='bbox 1447 5257 1514 5309; x_wconf 85' lang='grc' dir='ltr'><strong>τά</strong></span> <span class='ocrx_word' id='word_1_433' title='bbox 1550 5258 1657 5310; x_wconf 88' lang='grc' dir='ltr'><strong>τῶν</strong></span> <span class='ocrx_word' id='word_1_434' title='bbox 1697 5259 1894 5313; x_wconf 88' lang='grc' dir='ltr'><strong>ἀλιέων</strong></span> 
     </span>
    </p>
   </div>
   <div class='ocr_carea' id='block_1_57' title="bbox 198 5341 1894 5416">
    <p class='ocr_par' dir='ltr' id='par_1_57' title="bbox 198 5341 1894 5416">
     <span class='ocr_line' id='line_1_57' title="bbox 198 5341 1894 5416; baseline 0.001 -17"><span class='ocrx_word' id='word_1_435' title='bbox 198 5345 603 5416; x_wconf 75' lang='grc' dir='ltr'><strong>ἐργαζόμενος·</strong></span> <span class='ocrx_word' id='word_1_436' title='bbox 639 5345 736 5396; x_wconf 72' lang='grc' dir='ltr'><strong>καὶ</strong></span> <span class='ocrx_word' id='word_1_437' title='bbox 766 5341 877 5414; x_wconf 78' lang='grc' dir='ltr'><strong>γὰρ</strong></span> <span class='ocrx_word' id='word_1_438' title='bbox 906 5345 1106 5396; x_wconf 78' lang='grc' dir='ltr'><strong>ἐκείνοι</strong></span> <span class='ocrx_word' id='word_1_439' title='bbox 1136 5342 1197 5396; x_wconf 85' lang='grc' dir='ltr'><strong>τὸ</strong></span> <span class='ocrx_word' id='word_1_440' title='bbox 1230 5342 1525 5414; x_wconf 80' lang='grc' dir='ltr'><strong>ἄγκιστρον</strong></span> <span class='ocrx_word' id='word_1_441' title='bbox 1552 5345 1759 5414; x_wconf 82' lang='grc' dir='ltr'><strong>γυμνὸν</strong></span> <span class='ocrx_word' id='word_1_442' title='bbox 1794 5348 1894 5401; x_wconf 83' lang='grc' dir='ltr'><strong>οὐκ</strong></span> 
     </span>
    </p>
   </div>
   <div class='ocr_carea' id='block_1_58' title="bbox 197 5429 1891 5503">
    <p class='ocr_par' dir='ltr' id='par_1_58' title="bbox 197 5429 1891 5503">
     <span class='ocr_line' id='line_1_58' title="bbox 197 5429 1891 5503; baseline 0.001 -16"><span class='ocrx_word' id='word_1_443' title='bbox 197 5436 428 5503; x_wconf 77' lang='grc' dir='ltr'><strong>ἀφιᾶσιν</strong></span> <span class='ocrx_word' id='word_1_444' title='bbox 461 5433 542 5496; x_wconf 88' lang='grc' dir='ltr'><strong>εἰς</strong></span> <span class='ocrx_word' id='word_1_445' title='bbox 573 5431 632 5484; x_wconf 75' lang='grc' dir='ltr'><strong>τὸ</strong></span> <span class='ocrx_word' id='word_1_446' title='bbox 659 5430 917 5499; x_wconf 87' lang='grc' dir='ltr'><strong>πέλαγος,</strong></span> <span class='ocrx_word' id='word_1_447' title='bbox 951 5429 1087 5484; x_wconf 71' lang='grc' dir='ltr'><strong>ἀλλὰ</strong></span> <span class='ocrx_word' id='word_1_448' title='bbox 1116 5431 1284 5501; x_wconf 84' lang='grc' dir='ltr'><strong>κρέας</strong></span> <span class='ocrx_word' id='word_1_449' title='bbox 1318 5430 1468 5502; x_wconf 79' lang='grc' dir='ltr'><strong>αύτῷ</strong></span> <span class='ocrx_word' id='word_1_450' title='bbox 1501 5433 1891 5502; x_wconf 80' lang='grc' dir='ltr'><strong>περιτιθέντες.</strong></span> 
     </span>
    </p>
   </div>
   <div class='ocr_carea' id='block_1_59' title="bbox 203 5519 1896 5588">
    <p class='ocr_par' dir='ltr' id='par_1_59' title="bbox 203 5519 1896 5588">
     <span class='ocr_line' id='line_1_59' title="bbox 203 5519 1896 5588; baseline 0.001 -13"><span class='ocrx_word' id='word_1_451' title='bbox 203 5523 388 5575; x_wconf 82' lang='grc' dir='ltr'><strong>Ἔστω</strong></span> <span class='ocrx_word' id='word_1_452' title='bbox 441 5520 624 5574; x_wconf 79' lang='grc' dir='ltr'><strong>τοίνυν</strong></span> <span class='ocrx_word' id='word_1_453' title='bbox 674 5520 708 5588; x_wconf 85' lang='grc' dir='ltr'><strong>ή</strong></span> <span class='ocrx_word' id='word_1_454' title='bbox 763 5520 1055 5588; x_wconf 84' lang='grc' dir='ltr'><strong>συναγωγὴ</strong></span> <span class='ocrx_word' id='word_1_455' title='bbox 1108 5520 1373 5586; x_wconf 78' lang='grc' dir='ltr'><strong>πέλαγος.</strong></span> <span class='ocrx_word' id='word_1_456' title='bbox 1428 5519 1476 5572; x_wconf 90' lang='grc' dir='ltr'><strong>οἰ</strong></span> <span class='ocrx_word' id='word_1_457' title='bbox 1523 5520 1581 5572; x_wconf 84' lang='grc' dir='ltr'><strong>δὲ</strong></span> <span class='ocrx_word' id='word_1_458' title='bbox 1650 5522 1896 5578; x_wconf 80' lang='grc' dir='ltr'><strong>Ἰουδαῖοι</strong></span> 
     </span>
    </p>
   </div>
   <div class='ocr_carea' id='block_1_60' title="bbox 204 5606 1896 5681">
    <p class='ocr_par' dir='ltr' id='par_1_60' title="bbox 204 5606 1896 5681">
     <span class='ocr_line' id='line_1_60' title="bbox 204 5606 1896 5681; baseline 0.002 -19"><span class='ocrx_word' id='word_1_459' title='bbox 204 5610 406 5680; x_wconf 78' lang='grc' dir='ltr'><strong>ἰχθύες,</strong></span> <span class='ocrx_word' id='word_1_460' title='bbox 436 5607 498 5660; x_wconf 68' lang='grc' dir='ltr'><strong>τὸ</strong></span> <span class='ocrx_word' id='word_1_461' title='bbox 546 5606 602 5659; x_wconf 78' lang='grc' dir='ltr'><strong>δὲ</strong></span> <span class='ocrx_word' id='word_1_462' title='bbox 639 5607 934 5676; x_wconf 76' lang='grc' dir='ltr'><strong>ἄγκιστρον</strong></span> <span class='ocrx_word' id='word_1_463' title='bbox 975 5609 1004 5659; x_wconf 89' lang='lat'><strong>6</strong></span> <span class='ocrx_word' id='word_1_464' title='bbox 1037 5606 1331 5677; x_wconf 83' lang='grc' dir='ltr'><strong>Τιμόθεος,</strong></span> <span class='ocrx_word' id='word_1_465' title='bbox 1375 5609 1407 5677; x_wconf 81' lang='grc' dir='ltr'><strong>ή</strong></span> <span class='ocrx_word' id='word_1_466' title='bbox 1447 5607 1503 5659; x_wconf 86' lang='grc' dir='ltr'><strong>δὲ</strong></span> <span class='ocrx_word' id='word_1_467' title='bbox 1537 5611 1808 5681; x_wconf 78' lang='grc' dir='ltr'><strong>περιτομὴ</strong></span> <span class='ocrx_word' id='word_1_468' title='bbox 1836 5613 1896 5666; x_wconf 87' lang='grc' dir='ltr'><strong>τὸ</strong></span> 
     </span>
    </p>
   </div>
   <div class='ocr_carea' id='block_1_61' title="bbox 202 5693 1897 5768">
    <p class='ocr_par' dir='ltr' id='par_1_61' title="bbox 202 5693 1897 5768">
     <span class='ocr_line' id='line_1_61' title="bbox 202 5693 1897 5768; baseline 0.001 -19"><span class='ocrx_word' id='word_1_469' title='bbox 202 5697 371 5768; x_wconf 76' lang='grc' dir='ltr'><strong>κρέας</strong></span> <span class='ocrx_word' id='word_1_470' title='bbox 415 5695 477 5748; x_wconf 69' lang='grc' dir='ltr'><strong>τὸ</strong></span> <span class='ocrx_word' id='word_1_471' title='bbox 527 5693 605 5764; x_wconf 83' lang='grc' dir='ltr'><strong>τῷ</strong></span> <span class='ocrx_word' id='word_1_472' title='bbox 643 5694 926 5765; x_wconf 81' lang='grc' dir='ltr'><strong>ἀγκίστρῳ</strong></span> <span class='ocrx_word' id='word_1_473' title='bbox 972 5695 1415 5764; x_wconf 81' lang='grc' dir='ltr'><strong>περιτιθέμενον,</strong></span> <span class='ocrx_word' id='word_1_474' title='bbox 1472 5696 1501 5748; x_wconf 87' lang='lat'><strong>6</strong></span> <span class='ocrx_word' id='word_1_475' title='bbox 1547 5695 1603 5748; x_wconf 83' lang='grc' dir='ltr'><strong>δὲ</strong></span> <span class='ocrx_word' id='word_1_476' title='bbox 1647 5697 1830 5762; x_wconf 82' lang='grc' dir='ltr'><strong>ἁλιεὺς</strong></span> <span class='ocrx_word' id='word_1_477' title='bbox 1868 5705 1897 5755; x_wconf 82' lang='grc' dir='ltr'>ὁ</span> 
     </span>
    </p>
   </div>
   <div class='ocr_carea' id='block_1_62' title="bbox 203 5779 1895 5855">
    <p class='ocr_par' dir='ltr' id='par_1_62' title="bbox 203 5779 1895 5855">
     <span class='ocr_line' id='line_1_62' title="bbox 203 5779 1895 5855; baseline 0 -14"><span class='ocrx_word' id='word_1_478' title='bbox 203 5785 447 5846; x_wconf 78' lang='grc' dir='ltr'><strong>Παῦλος·</strong></span> <span class='ocrx_word' id='word_1_479' title='bbox 501 5783 683 5852; x_wconf 80' lang='grc' dir='ltr'><strong>ῥίπτει</strong></span> <span class='ocrx_word' id='word_1_480' title='bbox 723 5784 901 5836; x_wconf 87' lang='grc' dir='ltr'><strong>τοίνυν</strong></span> <span class='ocrx_word' id='word_1_481' title='bbox 938 5783 1000 5835; x_wconf 82' lang='grc' dir='ltr'><strong>τὸ</strong></span> <span class='ocrx_word' id='word_1_482' title='bbox 1029 5784 1322 5853; x_wconf 81' lang='grc' dir='ltr'><strong>ἄγκιστρον</strong></span> <span class='ocrx_word' id='word_1_483' title='bbox 1352 5787 1430 5847; x_wconf 76' lang='grc' dir='ltr'><strong>εἰς</strong></span> <span class='ocrx_word' id='word_1_484' title='bbox 1458 5779 1558 5851; x_wconf 75' lang='grc' dir='ltr'><strong>τὴν</strong></span> <span class='ocrx_word' id='word_1_485' title='bbox 1584 5786 1857 5841; x_wconf 85' lang='grc' dir='ltr'><strong>θάλατταν</strong></span> <span class='ocrx_word' id='word_1_486' title='bbox 1879 5831 1895 5855; x_wconf 93' lang='grc'><strong>,</strong></span> 
     </span>
    </p>
   </div>
   <div class='ocr_carea' id='block_1_63' title="bbox 206 5872 1891 5949">
    <p class='ocr_par' dir='ltr' id='par_1_63' title="bbox 206 5872 1891 5949">
     <span class='ocr_line' id='line_1_63' title="bbox 206 5872 1891 5949; baseline 0.003 -21"><span class='ocrx_word' id='word_1_487' title='bbox 206 5873 356 5948; x_wconf 61' lang='grc' dir='ltr'><strong>[πο]</strong></span> <span class='ocrx_word' id='word_1_488' title='bbox 372 5874 488 5927; x_wconf 80' lang='grc' dir='ltr'><strong>ἀλλ’</strong></span> <span class='ocrx_word' id='word_1_489' title='bbox 512 5874 572 5928; x_wconf 68' lang='grc' dir='ltr'><strong>οὐ</strong></span> <span class='ocrx_word' id='word_1_490' title='bbox 599 5872 822 5943; x_wconf 72' lang='grc' dir='ltr'><strong>γυμνὸν,</strong></span> <span class='ocrx_word' id='word_1_491' title='bbox 844 5872 934 5927; x_wconf 76' lang='grc' dir='ltr'><strong>τὸν</strong></span> <span class='ocrx_word' id='word_1_492' title='bbox 955 5873 1239 5946; x_wconf 72' lang='grc' dir='ltr'><strong>Τιμόθεον,</strong></span> <span class='ocrx_word' id='word_1_493' title='bbox 1264 5876 1400 5944; x_wconf 73' lang='grc' dir='ltr'><strong>μετὰ</strong></span> <span class='ocrx_word' id='word_1_494' title='bbox 1426 5893 1485 5928; x_wconf 71' lang='grc' dir='ltr'><strong>πῖ</strong></span> <span class='ocrx_word' id='word_1_495' title='bbox 1502 5877 1746 5949; x_wconf 75' lang='grc' dir='ltr'><strong>ριτομῆς,</strong></span> <span class='ocrx_word' id='word_1_496' title='bbox 1778 5880 1891 5933; x_wconf 78' lang='grc' dir='ltr'><strong>ἀλλ’</strong></span> 
     </span>
    </p>
   </div>
   <div class='ocr_carea' id='block_1_64' title="bbox 896 372 3062 447">
    <p class='ocr_par' dir='ltr' id='par_1_64' title="bbox 896 372 3062 447">
     <span class='ocr_line' id='line_1_64' title="bbox 896 372 3062 447; baseline 0.002 -17"><span class='ocrx_word' id='word_1_497' title='bbox 896 372 1013 442; x_wconf 73' lang='lat' dir='ltr'>VIII</span> <span class='ocrx_word' id='word_1_498' title='bbox 1050 372 1355 442; x_wconf 71' lang='lat' dir='ltr'><strong>HOMILIA,</strong></span> <span class='ocrx_word' id='word_1_499' title='bbox 1396 372 1652 432; x_wconf 74' lang='lat' dir='ltr'><strong>HABITA</strong></span> <span class='ocrx_word' id='word_1_500' title='bbox 1690 375 2071 447; x_wconf 69' lang='lat' dir='ltr'><strong>POSTQUAM</strong></span> <span class='ocrx_word' id='word_1_501' title='bbox 2112 377 2526 437; x_wconf 66' lang='lat' dir='ltr'><strong>PRESBYTER</strong></span> <span class='ocrx_word' id='word_1_502' title='bbox 2559 375 2864 444; x_wconf 76' lang='lat' dir='ltr'><strong>GOTHUS,</strong></span> <span class='ocrx_word' id='word_1_503' title='bbox 2905 376 3062 434; x_wconf 81' lang='lat' dir='ltr'><strong>ETC.</strong></span> 
     </span>
    </p>
   </div>
   <div class='ocr_carea' id='block_1_65' title="bbox 3578 374 3683 430">
    <p class='ocr_par' dir='ltr' id='par_1_65' title="bbox 3578 374 3683 430">
     <span class='ocr_line' id='line_1_65' title="bbox 3578 374 3683 430; baseline -0.019 0"><span class='ocrx_word' id='word_1_504' title='bbox 3578 374 3683 430; x_wconf 69' lang='grc'><strong>608</strong></span> 
     </span>
    </p>
   </div>
   <div class='ocr_carea' id='block_1_66' title="bbox 1983 491 3686 573">
    <p class='ocr_par' dir='ltr' id='par_1_66' title="bbox 1983 491 3686 573">
     <span class='ocr_line' id='line_1_66' title="bbox 1983 491 3686 573; baseline -0.001 -20"><span class='ocrx_word' id='word_1_505' title='bbox 1983 501 2084 554; x_wconf 72' lang='grc' dir='ltr'><strong>οὐκ</strong></span> <span class='ocrx_word' id='word_1_506' title='bbox 2113 499 2455 573; x_wconf 82' lang='grc' dir='ltr'><strong>ἀκρόδυστον</strong></span> <span class='ocrx_word' id='word_1_507' title='bbox 2479 491 2492 532; x_wconf 77' lang='grc'><strong>·</strong></span> <span class='ocrx_word' id='word_1_508' title='bbox 2525 501 2576 554; x_wconf 88' lang='grc' dir='ltr'><strong>εἰ</strong></span> <span class='ocrx_word' id='word_1_509' title='bbox 2606 501 2717 572; x_wconf 80' lang='lat'><strong>7&amp;9</strong></span> <span class='ocrx_word' id='word_1_510' title='bbox 2735 498 3077 571; x_wconf 80' lang='grc' dir='ltr'><strong>ἀκρόδυστον</strong></span> <span class='ocrx_word' id='word_1_511' title='bbox 3100 495 3368 567; x_wconf 74' lang='grc' dir='ltr'><strong>ἐπεμψεν,</strong></span> <span class='ocrx_word' id='word_1_512' title='bbox 3396 494 3599 566; x_wconf 72' lang='grc' dir='ltr'><strong>ἔφυγον</strong></span> <span class='ocrx_word' id='word_1_513' title='bbox 3619 497 3686 552; x_wconf 80' lang='grc' dir='ltr'><strong>ἀν</strong></span> 
     </span>
    </p>
   </div>
   <div class='ocr_carea' id='block_1_67' title="bbox 1979 583 3687 660">
    <p class='ocr_par' dir='ltr' id='par_1_67' title="bbox 1979 583 3687 660">
     <span class='ocr_line' id='line_1_67' title="bbox 1979 583 3687 660; baseline -0.002 -19"><span class='ocrx_word' id='word_1_514' title='bbox 1979 589 2028 641; x_wconf 92' lang='grc' dir='ltr'><strong>οἰ</strong></span> <span class='ocrx_word' id='word_1_515' title='bbox 2060 587 2276 659; x_wconf 86' lang='grc' dir='ltr'><strong>ἰχθύες,</strong></span> <span class='ocrx_word' id='word_1_516' title='bbox 2299 589 2509 660; x_wconf 74' lang='grc' dir='ltr'><strong>γυμνὸν</strong></span> <span class='ocrx_word' id='word_1_517' title='bbox 2549 588 2613 642; x_wconf 81' lang='grc' dir='ltr'><strong>τὸ</strong></span> <span class='ocrx_word' id='word_1_518' title='bbox 2651 589 2950 658; x_wconf 79' lang='grc' dir='ltr'><strong>ἄγκιστρον</strong></span> <span class='ocrx_word' id='word_1_519' title='bbox 2997 584 3326 660; x_wconf 89' lang='grc' dir='ltr'><strong>θεασάμενοι</strong></span> <span class='ocrx_word' id='word_1_520' title='bbox 3348 601 3364 618; x_wconf 82' lang='grc' dir='ltr'><strong>ο</strong></span> <span class='ocrx_word' id='word_1_521' title='bbox 3399 585 3488 638; x_wconf 78' lang='grc' dir='ltr'><strong>διὰ</strong></span> <span class='ocrx_word' id='word_1_522' title='bbox 3529 583 3687 640; x_wconf 88' lang='grc' dir='ltr'><strong>τοῦτο</strong></span> 
     </span>
    </p>
   </div>
   <div class='ocr_carea' id='block_1_68' title="bbox 1979 659 3681 748">
    <p class='ocr_par' dir='ltr' id='par_1_68' title="bbox 1979 659 3681 748">
     <span class='ocr_line' id='line_1_68' title="bbox 1979 659 3681 748; baseline -0.001 -21"><span class='ocrx_word' id='word_1_523' title='bbox 1979 675 2113 728; x_wconf 81' lang='grc' dir='ltr'><strong>αὐτὸ</strong></span> <span class='ocrx_word' id='word_1_524' title='bbox 2136 659 2480 745; x_wconf 80' lang='grc' dir='ltr'><strong>περιστέλλει</strong></span> <span class='ocrx_word' id='word_1_525' title='bbox 2500 678 2568 748; x_wconf 74' lang='grc' dir='ltr'><strong>τῇ</strong></span> <span class='ocrx_word' id='word_1_526' title='bbox 2591 677 2884 748; x_wconf 78' lang='grc' dir='ltr'><strong>περιτομῇ,</strong></span> <span class='ocrx_word' id='word_1_527' title='bbox 2905 673 2993 727; x_wconf 81' lang='grc' dir='ltr'><strong>ἵνα</strong></span> <span class='ocrx_word' id='word_1_528' title='bbox 3006 673 3068 727; x_wconf 77' lang='grc' dir='ltr'><strong>τὺ</strong></span> <span class='ocrx_word' id='word_1_529' title='bbox 3085 659 3316 743; x_wconf 78' lang='grc' dir='ltr'><strong>σύνηθες</strong></span> <span class='ocrx_word' id='word_1_530' title='bbox 3342 671 3681 742; x_wconf 72' lang='grc' dir='ltr'><strong>ἱπιγνόιτες,</strong></span> 
     </span>
    </p>
   </div>
   <div class='ocr_carea' id='block_1_69' title="bbox 1979 761 3687 836">
    <p class='ocr_par' dir='ltr' id='par_1_69' title="bbox 1979 761 3687 836">
     <span class='ocr_line' id='line_1_69' title="bbox 1979 761 3687 836; baseline -0.002 -20"><span class='ocrx_word' id='word_1_531' title='bbox 1979 761 2265 834; x_wconf 79' lang='grc' dir='ltr'><strong>δράμωσιν</strong></span> <span class='ocrx_word' id='word_1_532' title='bbox 2291 765 2387 818; x_wconf 69' lang='grc' dir='ltr'><strong>ἐπὶ</strong></span> <span class='ocrx_word' id='word_1_533' title='bbox 2414 764 2756 836; x_wconf 77' lang='grc' dir='ltr'><strong>τὴνθήραν,</strong></span> <span class='ocrx_word' id='word_1_534' title='bbox 2786 764 2880 816; x_wconf 72' lang='grc' dir='ltr'><strong>καὶ</strong></span> <span class='ocrx_word' id='word_1_535' title='bbox 2909 761 2985 834; x_wconf 78' lang='grc' dir='ltr'><strong>μὴ</strong></span> <span class='ocrx_word' id='word_1_536' title='bbox 3009 761 3221 834; x_wconf 73' lang='grc' dir='ltr'><strong>σοϐήσῃ</strong></span> <span class='ocrx_word' id='word_1_537' title='bbox 3241 761 3338 833; x_wconf 74' lang='grc' dir='ltr'><strong>τὴν</strong></span> <span class='ocrx_word' id='word_1_538' title='bbox 3354 762 3532 833; x_wconf 82' lang='grc' dir='ltr'><strong>ἀγραν</strong></span> <span class='ocrx_word' id='word_1_539' title='bbox 3556 761 3687 833; x_wconf 86' lang='grc' dir='ltr'><strong>δρα-</strong></span> 
     </span>
    </p>
   </div>
   <div class='ocr_carea' id='block_1_70' title="bbox 1982 846 3690 923">
    <p class='ocr_par' dir='ltr' id='par_1_70' title="bbox 1982 846 3690 923">
     <span class='ocr_line' id='line_1_70' title="bbox 1982 846 3690 923; baseline 0.001 -22"><span class='ocrx_word' id='word_1_540' title='bbox 1982 848 2192 918; x_wconf 86' lang='grc' dir='ltr'><strong>μόντων</strong></span> <span class='ocrx_word' id='word_1_541' title='bbox 2232 851 2326 904; x_wconf 73' lang='grc' dir='ltr'><strong>ἐπὶ</strong></span> <span class='ocrx_word' id='word_1_542' title='bbox 2367 851 2470 922; x_wconf 71' lang='grc' dir='ltr'><strong>τὴν</strong></span> <span class='ocrx_word' id='word_1_543' title='bbox 2511 846 2722 923; x_wconf 68' lang='grc' dir='ltr'><strong>θήραν·</strong></span> <span class='ocrx_word' id='word_1_544' title='bbox 2747 851 2898 915; x_wconf 75' lang='grc' dir='ltr'><strong>ὅπως</strong></span> <span class='ocrx_word' id='word_1_545' title='bbox 2930 847 3238 904; x_wconf 82' lang='grc' dir='ltr'><strong>έλκυσθῶσι</strong></span> <span class='ocrx_word' id='word_1_546' title='bbox 3272 849 3373 919; x_wconf 83' lang='grc' dir='ltr'><strong>μὲν</strong></span> <span class='ocrx_word' id='word_1_547' title='bbox 3404 849 3494 903; x_wconf 76' lang='grc' dir='ltr'><strong>διὰ</strong></span> <span class='ocrx_word' id='word_1_548' title='bbox 3531 864 3690 921; x_wconf 78' lang='grc' dir='ltr'><strong>περι-</strong></span> 
     </span>
    </p>
   </div>
   <div class='ocr_carea' id='block_1_71' title="bbox 1977 935 3689 1010">
    <p class='ocr_par' dir='ltr' id='par_1_71' title="bbox 1977 935 3689 1010">
     <span class='ocr_line' id='line_1_71' title="bbox 1977 935 3689 1010; baseline -0.001 -20"><span class='ocrx_word' id='word_1_549' title='bbox 1977 940 2179 1009; x_wconf 79' lang='grc' dir='ltr'><strong>τομῆς,</strong></span> <span class='ocrx_word' id='word_1_550' title='bbox 2226 937 2611 1010; x_wconf 87' lang='grc' dir='ltr'><strong>κατασχεθῶσι</strong></span> <span class='ocrx_word' id='word_1_551' title='bbox 2669 937 2727 992; x_wconf 70' lang='grc' dir='ltr'><strong>δὲ</strong></span> <span class='ocrx_word' id='word_1_552' title='bbox 2764 937 2844 1010; x_wconf 83' lang='grc' dir='ltr'><strong>τῷ</strong></span> <span class='ocrx_word' id='word_1_553' title='bbox 2894 937 3041 1008; x_wconf 80' lang='grc' dir='ltr'><strong>λόγῳ</strong></span> <span class='ocrx_word' id='word_1_554' title='bbox 3089 936 3189 1008; x_wconf 85' lang='grc' dir='ltr'><strong>τῆς</strong></span> <span class='ocrx_word' id='word_1_555' title='bbox 3234 935 3617 1000; x_wconf 80' lang='grc' dir='ltr'><strong>διδασκαλίας·</strong></span> <span class='ocrx_word' id='word_1_556' title='bbox 3658 935 3689 989; x_wconf 86' lang='lat'><strong>6</strong></span> 
     </span>
    </p>
   </div>
   <div class='ocr_carea' id='block_1_72' title="bbox 1980 1023 3686 1098">
    <p class='ocr_par' dir='ltr' id='par_1_72' title="bbox 1980 1023 3686 1098">
     <span class='ocr_line' id='line_1_72' title="bbox 1980 1023 3686 1098; baseline -0.001 -18"><span class='ocrx_word' id='word_1_557' title='bbox 1980 1024 2045 1098; x_wconf 82' lang='grc' dir='ltr'><strong>δὴ</strong></span> <span class='ocrx_word' id='word_1_558' title='bbox 2075 1025 2173 1080; x_wconf 68' lang='grc' dir='ltr'><strong>καὶ</strong></span> <span class='ocrx_word' id='word_1_559' title='bbox 2217 1025 2467 1094; x_wconf 77' lang='grc' dir='ltr'><strong>γέγονεν.</strong></span> <span class='ocrx_word' id='word_1_560' title='bbox 2512 1025 2786 1080; x_wconf 83' lang='grc' dir='ltr'><strong>Εἰσελθὼν</strong></span> <span class='ocrx_word' id='word_1_561' title='bbox 2831 1026 2944 1096; x_wconf 79' lang='lat'><strong>7&amp;9</strong></span> <span class='ocrx_word' id='word_1_562' title='bbox 2999 1025 3098 1079; x_wconf 81' lang='grc' dir='ltr'><strong>καὶ</strong></span> <span class='ocrx_word' id='word_1_563' title='bbox 3143 1024 3455 1095; x_wconf 80' lang='grc' dir='ltr'><strong>περιτομὴν</strong></span> <span class='ocrx_word' id='word_1_564' title='bbox 3508 1023 3686 1095; x_wconf 70' lang='grc' dir='ltr'><strong>έχων,</strong></span> 
     </span>
    </p>
   </div>
   <div class='ocr_carea' id='block_1_73' title="bbox 1980 1112 3688 1190">
    <p class='ocr_par' dir='ltr' id='par_1_73' title="bbox 1980 1112 3688 1190">
     <span class='ocr_line' id='line_1_73' title="bbox 1980 1112 3688 1190; baseline -0.002 -22"><span class='ocrx_word' id='word_1_565' title='bbox 1980 1112 2247 1168; x_wconf 85' lang='grc' dir='ltr'><strong>κατέλυσε</strong></span> <span class='ocrx_word' id='word_1_566' title='bbox 2283 1114 2383 1187; x_wconf 81' lang='grc' dir='ltr'><strong>τὴν</strong></span> <span class='ocrx_word' id='word_1_567' title='bbox 2430 1117 2757 1187; x_wconf 86' lang='grc' dir='ltr'><strong>περιτομήν.</strong></span> <span class='ocrx_word' id='word_1_568' title='bbox 2803 1115 3045 1169; x_wconf 90' lang='grc' dir='ltr'><strong>Τοιαῦτα</strong></span> <span class='ocrx_word' id='word_1_569' title='bbox 3089 1117 3199 1187; x_wconf 88' lang='lat'><strong>7&amp;9</strong></span> <span class='ocrx_word' id='word_1_570' title='bbox 3232 1113 3302 1190; x_wconf 68' lang='grc' dir='ltr'><strong>τά</strong></span> <span class='ocrx_word' id='word_1_571' title='bbox 3330 1113 3430 1184; x_wconf 82' lang='grc' dir='ltr'><strong>τῆς</strong></span> <span class='ocrx_word' id='word_1_572' title='bbox 3472 1115 3688 1166; x_wconf 88' lang='grc' dir='ltr'><strong>οἰκονο-</strong></span> 
     </span>
    </p>
   </div>
   <div class='ocr_carea' id='block_1_74' title="bbox 1983 1199 3687 1273">
    <p class='ocr_par' dir='ltr' id='par_1_74' title="bbox 1983 1199 3687 1273">
     <span class='ocr_line' id='line_1_74' title="bbox 1983 1199 3687 1273; baseline -0.001 -19"><span class='ocrx_word' id='word_1_573' title='bbox 1983 1200 2147 1273; x_wconf 86' lang='grc' dir='ltr'><strong>μίας·</strong></span> <span class='ocrx_word' id='word_1_574' title='bbox 2177 1201 2603 1272; x_wconf 75' lang='grc' dir='ltr'><strong>συγκαταδαίνει</strong></span> <span class='ocrx_word' id='word_1_575' title='bbox 2628 1202 2914 1273; x_wconf 85' lang='grc' dir='ltr'><strong>πρότερον,</strong></span> <span class='ocrx_word' id='word_1_576' title='bbox 2957 1202 3052 1256; x_wconf 75' lang='grc' dir='ltr'><strong>καὶ</strong></span> <span class='ocrx_word' id='word_1_577' title='bbox 3083 1201 3206 1256; x_wconf 85' lang='grc' dir='ltr'><strong>τότε</strong></span> <span class='ocrx_word' id='word_1_578' title='bbox 3242 1201 3486 1272; x_wconf 73' lang='grc' dir='ltr'><strong>ἀνασπᾷ.</strong></span> <span class='ocrx_word' id='word_1_579' title='bbox 3527 1199 3687 1253; x_wconf 80' lang='grc' dir='ltr'><strong>Οὕτω</strong></span> 
     </span>
    </p>
   </div>
   <div class='ocr_carea' id='block_1_75' title="bbox 1982 1287 3687 1362">
    <p class='ocr_par' dir='ltr' id='par_1_75' title="bbox 1982 1287 3687 1362">
     <span class='ocr_line' id='line_1_75' title="bbox 1982 1287 3687 1362; baseline -0.002 -18"><span class='ocrx_word' id='word_1_580' title='bbox 1982 1289 2077 1344; x_wconf 75' lang='grc' dir='ltr'><strong>καὶ</strong></span> <span class='ocrx_word' id='word_1_581' title='bbox 2115 1291 2145 1344; x_wconf 90' lang='lat'><strong>6</strong></span> <span class='ocrx_word' id='word_1_582' title='bbox 2179 1290 2416 1361; x_wconf 78' lang='grc' dir='ltr'><strong>Χριστὸς</strong></span> <span class='ocrx_word' id='word_1_583' title='bbox 2455 1291 2682 1362; x_wconf 72' lang='grc' dir='ltr'><strong>εποίησε</strong></span> <span class='ocrx_word' id='word_1_584' title='bbox 2725 1289 3039 1362; x_wconf 76' lang='grc' dir='ltr'><strong>βαρϐάρους</strong></span> <span class='ocrx_word' id='word_1_585' title='bbox 3087 1288 3294 1346; x_wconf 88' lang='grc' dir='ltr'><strong>καλῶν.</strong></span> <span class='ocrx_word' id='word_1_586' title='bbox 3330 1289 3547 1360; x_wconf 84' lang='grc' dir='ltr'><strong>Ὠσπερ</strong></span> <span class='ocrx_word' id='word_1_587' title='bbox 3576 1287 3687 1358; x_wconf 85' lang='grc' dir='ltr'><strong>γὰρ</strong></span> 
     </span>
    </p>
   </div>
   <div class='ocr_carea' id='block_1_76' title="bbox 1979 1374 3688 1453">
    <p class='ocr_par' dir='ltr' id='par_1_76' title="bbox 1979 1374 3688 1453">
     <span class='ocr_line' id='line_1_76' title="bbox 1979 1374 3688 1453; baseline -0.002 -23"><span class='ocrx_word' id='word_1_588' title='bbox 1979 1376 2302 1449; x_wconf 76' lang='grc' dir='ltr'><strong>ἀνθρώπους</strong></span> <span class='ocrx_word' id='word_1_589' title='bbox 2341 1378 2556 1439; x_wconf 89' lang='grc' dir='ltr'><strong>καλῶν,</strong></span> <span class='ocrx_word' id='word_1_590' title='bbox 2595 1378 2884 1453; x_wconf 89' lang='grc' dir='ltr'><strong>ἀνθρωπον</strong></span> <span class='ocrx_word' id='word_1_591' title='bbox 2914 1374 3317 1452; x_wconf 69' lang='grc' dir='ltr'><strong>[ἀνθρώπουῖ]</strong></span> <span class='ocrx_word' id='word_1_592' title='bbox 3352 1375 3688 1446; x_wconf 81' lang='grc' dir='ltr'><strong>περιέθηκεν</strong></span> 
     </span>
    </p>
   </div>
   <div class='ocr_carea' id='block_1_77' title="bbox 1980 1461 3689 1537">
    <p class='ocr_par' dir='ltr' id='par_1_77' title="bbox 1980 1461 3689 1537">
     <span class='ocr_line' id='line_1_77' title="bbox 1980 1461 3689 1537; baseline -0.002 -20"><span class='ocrx_word' id='word_1_593' title='bbox 1980 1464 2163 1536; x_wconf 81' lang='grc' dir='ltr'><strong>ἑαυτῴ</strong></span> <span class='ocrx_word' id='word_1_594' title='bbox 2190 1467 2288 1520; x_wconf 80' lang='grc' dir='ltr'><strong>καὶ</strong></span> <span class='ocrx_word' id='word_1_595' title='bbox 2311 1465 2438 1537; x_wconf 74' lang='grc' dir='ltr'><strong>ὕψιν</strong></span> <span class='ocrx_word' id='word_1_596' title='bbox 2465 1466 2562 1520; x_wconf 75' lang='grc' dir='ltr'><strong>καὶ</strong></span> <span class='ocrx_word' id='word_1_597' title='bbox 2585 1466 2750 1536; x_wconf 88' lang='grc' dir='ltr'><strong>φύσιν</strong></span> <span class='ocrx_word' id='word_1_598' title='bbox 2767 1481 2784 1496; x_wconf 87' lang='grc'><strong>·</strong></span> <span class='ocrx_word' id='word_1_599' title='bbox 2812 1464 2958 1521; x_wconf 87' lang='grc' dir='ltr'><strong>οῦτω</strong></span> <span class='ocrx_word' id='word_1_600' title='bbox 2989 1467 3081 1520; x_wconf 79' lang='grc' dir='ltr'><strong>καὶ</strong></span> <span class='ocrx_word' id='word_1_601' title='bbox 3117 1464 3326 1535; x_wconf 86' lang='grc' dir='ltr'><strong>μάγους</strong></span> <span class='ocrx_word' id='word_1_602' title='bbox 3351 1461 3554 1527; x_wconf 88' lang='grc' dir='ltr'><strong>καλῶν,</strong></span> <span class='ocrx_word' id='word_1_603' title='bbox 3587 1462 3689 1534; x_wconf 82' lang='grc' dir='ltr'><strong>τὴν</strong></span> 
     </span>
    </p>
   </div>
   <div class='ocr_carea' id='block_1_78' title="bbox 1982 1551 3688 1626">
    <p class='ocr_par' dir='ltr' id='par_1_78' title="bbox 1982 1551 3688 1626">
     <span class='ocr_line' id='line_1_78' title="bbox 1982 1551 3688 1626; baseline 0 -22"><span class='ocrx_word' id='word_1_604' title='bbox 1982 1552 2214 1624; x_wconf 84' lang='grc' dir='ltr'><strong>ἀόρατον</strong></span> <span class='ocrx_word' id='word_1_605' title='bbox 2256 1552 2490 1625; x_wconf 91' lang='grc' dir='ltr'><strong>δύναμιν</strong></span> <span class='ocrx_word' id='word_1_606' title='bbox 2536 1555 2618 1618; x_wconf 88' lang='grc' dir='ltr'><strong>εἰς</strong></span> <span class='ocrx_word' id='word_1_607' title='bbox 2669 1553 2904 1626; x_wconf 86' lang='grc' dir='ltr'><strong>ἀστέρος</strong></span> <span class='ocrx_word' id='word_1_608' title='bbox 2951 1552 3078 1622; x_wconf 72' lang='grc' dir='ltr'><strong>δψιν</strong></span> <span class='ocrx_word' id='word_1_609' title='bbox 3123 1551 3515 1623; x_wconf 75' lang='grc' dir='ltr'><strong>ἐσχημάτισεν.</strong></span> <span class='ocrx_word' id='word_1_610' title='bbox 3563 1551 3688 1604; x_wconf 83' lang='grc' dir='ltr'><strong>Ὅτι</strong></span> 
     </span>
    </p>
   </div>
   <div class='ocr_carea' id='block_1_79' title="bbox 1981 1635 3690 1713">
    <p class='ocr_par' dir='ltr' id='par_1_79' title="bbox 1981 1635 3690 1713">
     <span class='ocr_line' id='line_1_79' title="bbox 1981 1635 3690 1713; baseline -0.001 -21"><span class='ocrx_word' id='word_1_611' title='bbox 1981 1640 2089 1713; x_wconf 90' lang='lat'><strong>7&amp;9</strong></span> <span class='ocrx_word' id='word_1_612' title='bbox 2118 1641 2220 1694; x_wconf 83' lang='grc' dir='ltr'><strong>οὐκ</strong></span> <span class='ocrx_word' id='word_1_613' title='bbox 2247 1640 2424 1712; x_wconf 78' lang='grc' dir='ltr'><strong>ἀστήρ</strong></span> <span class='ocrx_word' id='word_1_614' title='bbox 2451 1635 2521 1712; x_wconf 77' lang='grc' dir='ltr'><strong>ἦν</strong></span> <span class='ocrx_word' id='word_1_615' title='bbox 2551 1635 2634 1708; x_wconf 73' lang='grc' dir='ltr'><strong>εἰς</strong></span> <span class='ocrx_word' id='word_1_616' title='bbox 2655 1639 2766 1693; x_wconf 87' lang='grc' dir='ltr'><strong>τῶν</strong></span> <span class='ocrx_word' id='word_1_617' title='bbox 2795 1639 3009 1694; x_wconf 79' lang='grc' dir='ltr'><strong>πολλῶν</strong></span> <span class='ocrx_word' id='word_1_618' title='bbox 3037 1640 3068 1692; x_wconf 89' lang='lat'><strong>6</strong></span> <span class='ocrx_word' id='word_1_619' title='bbox 3095 1639 3274 1710; x_wconf 79' lang='grc' dir='ltr'><strong>ἀστὴρ</strong></span> <span class='ocrx_word' id='word_1_620' title='bbox 3309 1640 3540 1703; x_wconf 74' lang='grc' dir='ltr'><strong>ἐκεῖνος,</strong></span> <span class='ocrx_word' id='word_1_621' title='bbox 3576 1637 3690 1691; x_wconf 79' lang='grc' dir='ltr'><strong>ἀπὸ</strong></span> 
     </span>
    </p>
   </div>
   <div class='ocr_carea' id='block_1_80' title="bbox 1981 1725 3690 1800">
    <p class='ocr_par' dir='ltr' id='par_1_80' title="bbox 1981 1725 3690 1800">
     <span class='ocr_line' id='line_1_80' title="bbox 1981 1725 3690 1800; baseline -0.002 -18"><span class='ocrx_word' id='word_1_622' title='bbox 1981 1726 2077 1782; x_wconf 89' lang='grc' dir='ltr'><strong>τοῦ</strong></span> <span class='ocrx_word' id='word_1_623' title='bbox 2110 1726 2315 1800; x_wconf 86' lang='grc' dir='ltr'><strong>δρόμου</strong></span> <span class='ocrx_word' id='word_1_624' title='bbox 2361 1727 2626 1800; x_wconf 90' lang='grc' dir='ltr'><strong>μάνθανε.</strong></span> <span class='ocrx_word' id='word_1_625' title='bbox 2681 1727 2758 1782; x_wconf 84' lang='grc' dir='ltr'><strong>υύ</strong></span> <span class='ocrx_word' id='word_1_626' title='bbox 2804 1727 2915 1800; x_wconf 90' lang='lat'><strong>7&amp;9</strong></span> <span class='ocrx_word' id='word_1_627' title='bbox 2956 1726 3068 1781; x_wconf 79' lang='grc' dir='ltr'><strong>ἀπὸ</strong></span> <span class='ocrx_word' id='word_1_628' title='bbox 3099 1725 3368 1796; x_wconf 88' lang='grc' dir='ltr'><strong>ἀνατολῆς</strong></span> <span class='ocrx_word' id='word_1_629' title='bbox 3413 1727 3495 1790; x_wconf 90' lang='grc' dir='ltr'><strong>εἰς</strong></span> <span class='ocrx_word' id='word_1_630' title='bbox 3533 1725 3690 1779; x_wconf 89' lang='grc' dir='ltr'><strong>δύσιν</strong></span> 
     </span>
    </p>
   </div>
   <div class='ocr_carea' id='block_1_81' title="bbox 1983 1813 3686 1888">
    <p class='ocr_par' dir='ltr' id='par_1_81' title="bbox 1983 1813 3686 1888">
     <span class='ocr_line' id='line_1_81' title="bbox 1983 1813 3686 1888; baseline 0 -20"><span class='ocrx_word' id='word_1_631' title='bbox 1983 1815 2205 1886; x_wconf 75' lang='grc' dir='ltr'><strong>ετρεχεν</strong></span> <span class='ocrx_word' id='word_1_632' title='bbox 2227 1857 2242 1882; x_wconf 94' lang='grc'><strong>,</strong></span> <span class='ocrx_word' id='word_1_633' title='bbox 2277 1815 2392 1870; x_wconf 84' lang='grc' dir='ltr'><strong>ἀλλ’</strong></span> <span class='ocrx_word' id='word_1_634' title='bbox 2430 1817 2542 1872; x_wconf 81' lang='grc' dir='ltr'><strong>ἀπὸ</strong></span> <span class='ocrx_word' id='word_1_635' title='bbox 2568 1816 2774 1887; x_wconf 83' lang='grc' dir='ltr'><strong>ἀρκτου</strong></span> <span class='ocrx_word' id='word_1_636' title='bbox 2818 1817 2900 1880; x_wconf 89' lang='grc' dir='ltr'><strong>εἰς</strong></span> <span class='ocrx_word' id='word_1_637' title='bbox 2948 1815 3137 1870; x_wconf 87' lang='grc' dir='ltr'><strong>νότον·</strong></span> <span class='ocrx_word' id='word_1_638' title='bbox 3166 1813 3313 1870; x_wconf 75' lang='grc' dir='ltr'><strong>οὕτω</strong></span> <span class='ocrx_word' id='word_1_639' title='bbox 3346 1815 3456 1888; x_wconf 89' lang='grc' dir='ltr'><strong>γάρ</strong></span> <span class='ocrx_word' id='word_1_640' title='bbox 3497 1816 3530 1886; x_wconf 84' lang='grc' dir='ltr'>ἡ</span> <span class='ocrx_word' id='word_1_641' title='bbox 3571 1814 3686 1868; x_wconf 92' lang='grc' dir='ltr'><strong>Πα-</strong></span> 
     </span>
    </p>
   </div>
   <div class='ocr_carea' id='block_1_82' title="bbox 1982 1900 3689 1975">
    <p class='ocr_par' dir='ltr' id='par_1_82' title="bbox 1982 1900 3689 1975">
     <span class='ocr_line' id='line_1_82' title="bbox 1982 1900 3689 1975; baseline 0.001 -22"><span class='ocrx_word' id='word_1_642' title='bbox 1982 1900 2232 1973; x_wconf 89' lang='grc' dir='ltr'><strong>λαιστίνη</strong></span> <span class='ocrx_word' id='word_1_643' title='bbox 2271 1902 2410 1974; x_wconf 67' lang='grc' dir='ltr'><strong>προς</strong></span> <span class='ocrx_word' id='word_1_644' title='bbox 2445 1904 2546 1975; x_wconf 76' lang='grc' dir='ltr'><strong>τὴν</strong></span> <span class='ocrx_word' id='word_1_645' title='bbox 2576 1903 2816 1974; x_wconf 85' lang='grc' dir='ltr'><strong>Περσίδα</strong></span> <span class='ocrx_word' id='word_1_646' title='bbox 2841 1905 3022 1958; x_wconf 86' lang='grc' dir='ltr'><strong>κείται</strong></span> <span class='ocrx_word' id='word_1_647' title='bbox 3043 1917 3060 1934; x_wconf 87' lang='grc'><strong>·</strong></span> <span class='ocrx_word' id='word_1_648' title='bbox 3088 1903 3183 1958; x_wconf 75' lang='grc' dir='ltr'><strong>καὶ</strong></span> <span class='ocrx_word' id='word_1_649' title='bbox 3216 1901 3471 1973; x_wconf 88' lang='grc' dir='ltr'><strong>φαίνεται</strong></span> <span class='ocrx_word' id='word_1_650' title='bbox 3503 1902 3603 1956; x_wconf 86' lang='grc' dir='ltr'><strong>ούκ</strong></span> <span class='ocrx_word' id='word_1_651' title='bbox 3630 1903 3689 1955; x_wconf 82' lang='grc' dir='ltr'><strong>ὲν</strong></span> 
     </span>
    </p>
   </div>
   <div class='ocr_carea' id='block_1_83' title="bbox 1983 1988 3692 2063">
    <p class='ocr_par' dir='ltr' id='par_1_83' title="bbox 1983 1988 3692 2063">
     <span class='ocr_line' id='line_1_83' title="bbox 1983 1988 3692 2063; baseline 0.002 -23"><span class='ocrx_word' id='word_1_652' title='bbox 1983 1989 2164 2054; x_wconf 73' lang='grc' dir='ltr'><strong>νυκτὶ,</strong></span> <span class='ocrx_word' id='word_1_653' title='bbox 2195 1988 2312 2043; x_wconf 86' lang='grc' dir='ltr'><strong>ἀλλ’</strong></span> <span class='ocrx_word' id='word_1_654' title='bbox 2334 1991 2393 2044; x_wconf 75' lang='grc' dir='ltr'><strong>ἑν</strong></span> <span class='ocrx_word' id='word_1_655' title='bbox 2419 1989 2629 2063; x_wconf 68' lang='grc' dir='ltr'><strong>ἡμέρα,</strong></span> <span class='ocrx_word' id='word_1_656' title='bbox 2655 1991 2794 2063; x_wconf 85' lang='grc' dir='ltr'><strong>ὅπερ</strong></span> <span class='ocrx_word' id='word_1_657' title='bbox 2823 1989 2924 2044; x_wconf 83' lang='grc' dir='ltr'><strong>ούκ</strong></span> <span class='ocrx_word' id='word_1_658' title='bbox 2956 1989 3104 2045; x_wconf 75' lang='grc' dir='ltr'><strong>εστιν</strong></span> <span class='ocrx_word' id='word_1_659' title='bbox 3127 1990 3358 2062; x_wconf 81' lang='grc' dir='ltr'><strong>ἀστέρος</strong></span> <span class='ocrx_word' id='word_1_660' title='bbox 3378 2005 3390 2019; x_wconf 92' lang='grc'><strong>·</strong></span> <span class='ocrx_word' id='word_1_661' title='bbox 3421 1989 3510 2043; x_wconf 72' lang='grc' dir='ltr'><strong>διὰ</strong></span> <span class='ocrx_word' id='word_1_662' title='bbox 3529 1990 3692 2045; x_wconf 82' lang='grc' dir='ltr'><strong>τοῦτο</strong></span> 
     </span>
    </p>
   </div>
   <div class='ocr_carea' id='block_1_84' title="bbox 1985 2075 3690 2155">
    <p class='ocr_par' dir='ltr' id='par_1_84' title="bbox 1985 2075 3690 2155">
     <span class='ocr_line' id='line_1_84' title="bbox 1985 2075 3690 2155; baseline 0.002 -25"><span class='ocrx_word' id='word_1_663' title='bbox 1985 2077 2080 2130; x_wconf 79' lang='grc' dir='ltr'><strong>καὶ</strong></span> <span class='ocrx_word' id='word_1_664' title='bbox 2119 2078 2371 2147; x_wconf 82' lang='grc' dir='ltr'><strong>φαίνεται</strong></span> <span class='ocrx_word' id='word_1_665' title='bbox 2411 2081 2506 2132; x_wconf 82' lang='grc' dir='ltr'><strong>καὶ</strong></span> <span class='ocrx_word' id='word_1_666' title='bbox 2542 2077 2878 2155; x_wconf 79' lang='grc' dir='ltr'><strong>κρύπτεται,</strong></span> <span class='ocrx_word' id='word_1_667' title='bbox 2917 2078 3057 2152; x_wconf 84' lang='grc' dir='ltr'><strong>ὅπερ</strong></span> <span class='ocrx_word' id='word_1_668' title='bbox 3089 2078 3212 2132; x_wconf 68' lang='grc' dir='ltr'><strong>οὐδὲ</strong></span> <span class='ocrx_word' id='word_1_669' title='bbox 3244 2080 3377 2133; x_wconf 76' lang='grc' dir='ltr'><strong>αὐτὸ</strong></span> <span class='ocrx_word' id='word_1_670' title='bbox 3417 2075 3647 2148; x_wconf 83' lang='grc' dir='ltr'><strong>ἀστέρος</strong></span> <span class='ocrx_word' id='word_1_671' title='bbox 3669 2093 3690 2113; x_wconf 78' lang='grc' dir='ltr'><strong>ο</strong></span> 
     </span>
    </p>
   </div>
   <div class='ocr_carea' id='block_1_85' title="bbox 1986 2165 3692 2239">
    <p class='ocr_par' dir='ltr' id='par_1_85' title="bbox 1986 2165 3692 2239">
     <span class='ocr_line' id='line_1_85' title="bbox 1986 2165 3692 2239; baseline 0 -19"><span class='ocrx_word' id='word_1_672' title='bbox 1986 2166 2078 2220; x_wconf 80' lang='grc' dir='ltr'><strong>καὶ</strong></span> <span class='ocrx_word' id='word_1_673' title='bbox 2103 2165 2427 2238; x_wconf 83' lang='grc' dir='ltr'><strong>κρύπτεται,</strong></span> <span class='ocrx_word' id='word_1_674' title='bbox 2447 2167 2535 2220; x_wconf 80' lang='grc' dir='ltr'><strong>ὅτε</strong></span> <span class='ocrx_word' id='word_1_675' title='bbox 2559 2167 2838 2238; x_wconf 69' lang='grc' dir='ltr'><strong>ἐπέδησαν</strong></span> <span class='ocrx_word' id='word_1_676' title='bbox 2872 2165 3140 2239; x_wconf 80' lang='grc' dir='ltr'><strong>ἰεροσολύ</strong></span> <span class='ocrx_word' id='word_1_677' title='bbox 3150 2184 3289 2239; x_wconf 89' lang='grc' dir='ltr'><strong>μων,</strong></span> <span class='ocrx_word' id='word_1_678' title='bbox 3321 2167 3415 2220; x_wconf 76' lang='grc' dir='ltr'><strong>καὶ</strong></span> <span class='ocrx_word' id='word_1_679' title='bbox 3436 2168 3692 2236; x_wconf 83' lang='grc' dir='ltr'><strong>φαίνεται</strong></span> 
     </span>
    </p>
   </div>
   <div class='ocr_carea' id='block_1_86' title="bbox 1983 2253 3689 2327">
    <p class='ocr_par' dir='ltr' id='par_1_86' title="bbox 1983 2253 3689 2327">
     <span class='ocr_line' id='line_1_86' title="bbox 1983 2253 3689 2327; baseline 0 -19"><span class='ocrx_word' id='word_1_680' title='bbox 1983 2254 2074 2308; x_wconf 80' lang='grc' dir='ltr'><strong>ὅτε</strong></span> <span class='ocrx_word' id='word_1_681' title='bbox 2103 2255 2504 2326; x_wconf 84' lang='grc' dir='ltr'><strong>ἀπηλλάγησαν</strong></span> <span class='ocrx_word' id='word_1_682' title='bbox 2533 2255 2630 2308; x_wconf 88' lang='grc' dir='ltr'><strong>τοῦ</strong></span> <span class='ocrx_word' id='word_1_683' title='bbox 2663 2253 2944 2326; x_wconf 81' lang='grc' dir='ltr'><strong>βασιλέως.</strong></span> <span class='ocrx_word' id='word_1_684' title='bbox 2980 2255 3144 2310; x_wconf 82' lang='grc' dir='ltr'><strong>Ὅθεν</strong></span> <span class='ocrx_word' id='word_1_685' title='bbox 3173 2254 3336 2326; x_wconf 87' lang='grc' dir='ltr'><strong>δῆλον</strong></span> <span class='ocrx_word' id='word_1_686' title='bbox 3381 2254 3460 2309; x_wconf 78' lang='grc' dir='ltr'><strong>δτι</strong></span> <span class='ocrx_word' id='word_1_687' title='bbox 3488 2255 3689 2327; x_wconf 80' lang='grc' dir='ltr'><strong>λογική</strong></span> 
     </span>
    </p>
   </div>
   <div class='ocr_carea' id='block_1_87' title="bbox 1983 2337 3688 2416">
    <p class='ocr_par' dir='ltr' id='par_1_87' title="bbox 1983 2337 3688 2416">
     <span class='ocr_line' id='line_1_87' title="bbox 1983 2337 3688 2416; baseline -0.001 -19"><span class='ocrx_word' id='word_1_688' title='bbox 1983 2359 2067 2406; x_wconf 88' lang='grc' dir='ltr'><strong>τις</strong></span> <span class='ocrx_word' id='word_1_689' title='bbox 2093 2337 2163 2416; x_wconf 81' lang='grc' dir='ltr'><strong>ῆν</strong></span> <span class='ocrx_word' id='word_1_690' title='bbox 2200 2343 2432 2416; x_wconf 89' lang='grc' dir='ltr'><strong>δύναμις</strong></span> <span class='ocrx_word' id='word_1_691' title='bbox 2479 2343 2617 2416; x_wconf 74' lang='grc' dir='ltr'><strong>πρὸς</strong></span> <span class='ocrx_word' id='word_1_692' title='bbox 2646 2344 2708 2398; x_wconf 85' lang='lat'><strong>1:6</strong></span> <span class='ocrx_word' id='word_1_693' title='bbox 2752 2343 3049 2414; x_wconf 67' lang='grc' dir='ltr'><strong>ἐπιταχθὲν</strong></span> <span class='ocrx_word' id='word_1_694' title='bbox 3088 2344 3270 2398; x_wconf 88' lang='grc' dir='ltr'><strong>πάντα</strong></span> <span class='ocrx_word' id='word_1_695' title='bbox 3302 2341 3688 2414; x_wconf 88' lang='grc' dir='ltr'><strong>οἰκονομοῦσα.</strong></span> 
     </span>
    </p>
   </div>
   <div class='ocr_carea' id='block_1_88' title="bbox 1985 2429 3691 2502">
    <p class='ocr_par' dir='ltr' id='par_1_88' title="bbox 1985 2429 3691 2502">
     <span class='ocr_line' id='line_1_88' title="bbox 1985 2429 3691 2502; baseline -0.001 -19"><span class='ocrx_word' id='word_1_696' title='bbox 1985 2431 2101 2484; x_wconf 89' lang='grc' dir='ltr'><strong>Ούκ</strong></span> <span class='ocrx_word' id='word_1_697' title='bbox 2138 2430 2388 2485; x_wconf 78' lang='grc' dir='ltr'><strong>ἐντεῦθεν</strong></span> <span class='ocrx_word' id='word_1_698' title='bbox 2416 2431 2475 2485; x_wconf 80' lang='grc' dir='ltr'><strong>δὲ</strong></span> <span class='ocrx_word' id='word_1_699' title='bbox 2519 2430 2682 2502; x_wconf 82' lang='grc' dir='ltr'><strong>μόνον</strong></span> <span class='ocrx_word' id='word_1_700' title='bbox 2712 2430 2873 2484; x_wconf 91' lang='grc' dir='ltr'><strong>τοῦτο</strong></span> <span class='ocrx_word' id='word_1_701' title='bbox 2911 2429 3248 2502; x_wconf 47' lang='grc' dir='ltr'><strong>δῆλονμάλῖ</strong></span> <span class='ocrx_word' id='word_1_702' title='bbox 3289 2430 3372 2484; x_wconf 85' lang='grc' dir='ltr'><strong>δτι</strong></span> <span class='ocrx_word' id='word_1_703' title='bbox 3418 2430 3513 2484; x_wconf 75' lang='grc' dir='ltr'><strong>καὶ</strong></span> <span class='ocrx_word' id='word_1_704' title='bbox 3537 2445 3691 2500; x_wconf 85' lang='grc' dir='ltr'><strong>χειρ-</strong></span> 
     </span>
    </p>
   </div>
   <div class='ocr_carea' id='block_1_89' title="bbox 1985 2517 3690 2591">
    <p class='ocr_par' dir='ltr' id='par_1_89' title="bbox 1985 2517 3690 2591">
     <span class='ocr_line' id='line_1_89' title="bbox 1985 2517 3690 2591; baseline -0.001 -19"><span class='ocrx_word' id='word_1_705' title='bbox 1985 2519 2285 2589; x_wconf 90' lang='grc' dir='ltr'><strong>αγωγήσας</strong></span> <span class='ocrx_word' id='word_1_706' title='bbox 2323 2519 2461 2591; x_wconf 60' lang='grc' dir='ltr'><strong>πρὸς</strong></span> <span class='ocrx_word' id='word_1_707' title='bbox 2493 2519 2592 2591; x_wconf 84' lang='grc' dir='ltr'><strong>τῆν</strong></span> <span class='ocrx_word' id='word_1_708' title='bbox 2627 2519 2860 2590; x_wconf 88' lang='grc' dir='ltr'><strong>φάτνην,</strong></span> <span class='ocrx_word' id='word_1_709' title='bbox 2889 2519 2992 2572; x_wconf 84' lang='grc' dir='ltr'><strong>ούκ</strong></span> <span class='ocrx_word' id='word_1_710' title='bbox 3012 2518 3222 2572; x_wconf 83' lang='grc' dir='ltr'><strong>ἀνωθεν</strong></span> <span class='ocrx_word' id='word_1_711' title='bbox 3254 2518 3440 2582; x_wconf 78' lang='grc' dir='ltr'><strong>αὐτοῖς</strong></span> <span class='ocrx_word' id='word_1_712' title='bbox 3477 2517 3690 2571; x_wconf 88' lang='grc' dir='ltr'><strong>δείκνυ-</strong></span> 
     </span>
    </p>
   </div>
   <div class='ocr_carea' id='block_1_90' title="bbox 1984 2601 3695 2678">
    <p class='ocr_par' dir='ltr' id='par_1_90' title="bbox 1984 2601 3695 2678">
     <span class='ocr_line' id='line_1_90' title="bbox 1984 2601 3695 2678; baseline -0.002 -19"><span class='ocrx_word' id='word_1_713' title='bbox 1984 2623 2118 2671; x_wconf 86' lang='grc' dir='ltr'><strong>ται,</strong></span> <span class='ocrx_word' id='word_1_714' title='bbox 2181 2605 2320 2660; x_wconf 77' lang='grc' dir='ltr'><strong>ἀλλὰ</strong></span> <span class='ocrx_word' id='word_1_715' title='bbox 2357 2607 2513 2661; x_wconf 90' lang='grc' dir='ltr'><strong>κάτω</strong></span> <span class='ocrx_word' id='word_1_716' title='bbox 2561 2606 2840 2661; x_wconf 86' lang='grc' dir='ltr'><strong>κατελθὼν</strong></span> <span class='ocrx_word' id='word_1_717' title='bbox 2897 2605 3063 2678; x_wconf 76' lang='grc' dir='ltr'><strong>ἔστη,</strong></span> <span class='ocrx_word' id='word_1_718' title='bbox 3107 2601 3182 2660; x_wconf 67' lang='grc' dir='ltr'><strong>οῦ</strong></span> <span class='ocrx_word' id='word_1_719' title='bbox 3222 2601 3291 2678; x_wconf 85' lang='grc' dir='ltr'><strong>ῆν</strong></span> <span class='ocrx_word' id='word_1_720' title='bbox 3328 2606 3391 2660; x_wconf 75' lang='grc' dir='ltr'><strong>τὸ</strong></span> <span class='ocrx_word' id='word_1_721' title='bbox 3439 2605 3695 2670; x_wconf 84' lang='grc' dir='ltr'><strong>παιδίον,</strong></span> 
     </span>
    </p>
   </div>
   <div class='ocr_carea' id='block_1_91' title="bbox 1986 2693 3694 2767">
    <p class='ocr_par' dir='ltr' id='par_1_91' title="bbox 1986 2693 3694 2767">
     <span class='ocr_line' id='line_1_91' title="bbox 1986 2693 3694 2767; baseline 0.001 -21"><span class='ocrx_word' id='word_1_722' title='bbox 1986 2694 2174 2749; x_wconf 79' lang='grc' dir='ltr'><strong>ἐπάνω</strong></span> <span class='ocrx_word' id='word_1_723' title='bbox 2203 2695 2345 2767; x_wconf 83' lang='grc' dir='ltr'><strong>ὑπὲρ</strong></span> <span class='ocrx_word' id='word_1_724' title='bbox 2374 2695 2546 2767; x_wconf 76' lang='grc' dir='ltr'><strong>αὐτῆς</strong></span> <span class='ocrx_word' id='word_1_725' title='bbox 2567 2695 2644 2755; x_wconf 80' lang='grc' dir='ltr'><strong>ὡς</strong></span> <span class='ocrx_word' id='word_1_726' title='bbox 2666 2696 2840 2748; x_wconf 77' lang='grc' dir='ltr'><strong>εἰπεῖν</strong></span> <span class='ocrx_word' id='word_1_727' title='bbox 2874 2694 2973 2765; x_wconf 83' lang='grc' dir='ltr'><strong>τῆς</strong></span> <span class='ocrx_word' id='word_1_728' title='bbox 2997 2694 3271 2765; x_wconf 76' lang='grc' dir='ltr'><strong>κεφαλῆς·</strong></span> <span class='ocrx_word' id='word_1_729' title='bbox 3305 2694 3354 2746; x_wconf 91' lang='grc' dir='ltr'><strong>εἰ</strong></span> <span class='ocrx_word' id='word_1_730' title='bbox 3381 2693 3491 2764; x_wconf 90' lang='grc' dir='ltr'><strong>γάρ</strong></span> <span class='ocrx_word' id='word_1_731' title='bbox 3513 2693 3694 2766; x_wconf 71' lang='grc' dir='ltr'><strong>ἀστὴρ</strong></span> 
     </span>
    </p>
   </div>
   <div class='ocr_carea' id='block_1_92' title="bbox 1983 2775 3691 2852">
    <p class='ocr_par' dir='ltr' id='par_1_92' title="bbox 1983 2775 3691 2852">
     <span class='ocr_line' id='line_1_92' title="bbox 1983 2775 3691 2852; baseline -0.001 -18"><span class='ocrx_word' id='word_1_732' title='bbox 1983 2775 2074 2852; x_wconf 82' lang='grc' dir='ltr'><strong>ῆν,</strong></span> <span class='ocrx_word' id='word_1_733' title='bbox 2101 2781 2201 2836; x_wconf 82' lang='grc' dir='ltr'><strong>οὐκ</strong></span> <span class='ocrx_word' id='word_1_734' title='bbox 2232 2781 2298 2836; x_wconf 81' lang='grc' dir='ltr'><strong>ἂν</strong></span> <span class='ocrx_word' id='word_1_735' title='bbox 2336 2782 2582 2836; x_wconf 88' lang='grc' dir='ltr'><strong>τοιοῦτον</strong></span> <span class='ocrx_word' id='word_1_736' title='bbox 2630 2782 2797 2847; x_wconf 75' lang='grc' dir='ltr'><strong>ἔδειξε</strong></span> <span class='ocrx_word' id='word_1_737' title='bbox 2844 2782 3032 2846; x_wconf 85' lang='grc' dir='ltr'><strong>τόπον,</strong></span> <span class='ocrx_word' id='word_1_738' title='bbox 3071 2782 3259 2835; x_wconf 62' lang='grc' dir='ltr'><strong>στενὸν</strong></span> <span class='ocrx_word' id='word_1_739' title='bbox 3298 2781 3394 2835; x_wconf 78' lang='grc' dir='ltr'><strong>καὶ</strong></span> <span class='ocrx_word' id='word_1_740' title='bbox 3423 2797 3691 2852; x_wconf 86' lang='grc' dir='ltr'><strong>περιωρι-</strong></span> 
     </span>
    </p>
   </div>
   <div class='ocr_carea' id='block_1_93' title="bbox 1988 2867 3700 2942">
    <p class='ocr_par' dir='ltr' id='par_1_93' title="bbox 1988 2867 3700 2942">
     <span class='ocr_line' id='line_1_93' title="bbox 1988 2867 3700 2942; baseline 0 -20"><span class='ocrx_word' id='word_1_741' title='bbox 1988 2870 2207 2941; x_wconf 83' lang='grc' dir='ltr'><strong>σμένον.</strong></span> <span class='ocrx_word' id='word_1_742' title='bbox 2245 2871 2389 2924; x_wconf 85' lang='grc' dir='ltr'><strong>’ῐστε</strong></span> <span class='ocrx_word' id='word_1_743' title='bbox 2427 2869 2537 2942; x_wconf 84' lang='lat'><strong>7&amp;9</strong></span> <span class='ocrx_word' id='word_1_744' title='bbox 2566 2871 2739 2941; x_wconf 81' lang='grc' dir='ltr'><strong>δήπου</strong></span> <span class='ocrx_word' id='word_1_745' title='bbox 2769 2871 2958 2940; x_wconf 85' lang='grc' dir='ltr'><strong>σαφῶς</strong></span> <span class='ocrx_word' id='word_1_746' title='bbox 2978 2913 2994 2938; x_wconf 98' lang='grc'><strong>,</strong></span> <span class='ocrx_word' id='word_1_747' title='bbox 3029 2871 3112 2923; x_wconf 85' lang='grc' dir='ltr'><strong>ὅτι</strong></span> <span class='ocrx_word' id='word_1_748' title='bbox 3141 2870 3228 2924; x_wconf 76' lang='grc' dir='ltr'><strong>διὰ</strong></span> <span class='ocrx_word' id='word_1_749' title='bbox 3264 2869 3364 2942; x_wconf 75' lang='grc' dir='ltr'><strong>τὴν</strong></span> <span class='ocrx_word' id='word_1_750' title='bbox 3386 2867 3700 2940; x_wconf 72' lang='grc' dir='ltr'><strong>ὑπερϐολήν</strong></span> 
     </span>
    </p>
   </div>
   <div class='ocr_carea' id='block_1_94' title="bbox 1986 2955 3692 3028">
    <p class='ocr_par' dir='ltr' id='par_1_94' title="bbox 1986 2955 3692 3028">
     <span class='ocr_line' id='line_1_94' title="bbox 1986 2955 3692 3028; baseline -0.001 -18"><span class='ocrx_word' id='word_1_751' title='bbox 1986 2955 2080 3010; x_wconf 88' lang='grc' dir='ltr'><strong>τοῦ</strong></span> <span class='ocrx_word' id='word_1_752' title='bbox 2125 2955 2293 3027; x_wconf 70' lang='grc' dir='ltr'><strong>ὕψους</strong></span> <span class='ocrx_word' id='word_1_753' title='bbox 2322 2957 2448 3010; x_wconf 73' lang='grc' dir='ltr'><strong>οὐδὲ</strong></span> <span class='ocrx_word' id='word_1_754' title='bbox 2491 2957 2700 3021; x_wconf 88' lang='grc' dir='ltr'><strong>πόλεως</strong></span> <span class='ocrx_word' id='word_1_755' title='bbox 2731 2957 2895 3011; x_wconf 83' lang='grc' dir='ltr'><strong>τόπον</strong></span> <span class='ocrx_word' id='word_1_756' title='bbox 2926 2956 3338 3028; x_wconf 84' lang='grc' dir='ltr'><strong>χαρακτηρίσαι</strong></span> <span class='ocrx_word' id='word_1_757' title='bbox 3378 2955 3587 3009; x_wconf 82' lang='grc' dir='ltr'><strong>δύναιτ’</strong></span> <span class='ocrx_word' id='word_1_758' title='bbox 3625 2957 3692 3010; x_wconf 80' lang='grc' dir='ltr'><strong>ἂν</strong></span> 
     </span>
    </p>
   </div>
   <div class='ocr_carea' id='block_1_95' title="bbox 1987 3043 3697 3118">
    <p class='ocr_par' dir='ltr' id='par_1_95' title="bbox 1987 3043 3697 3118">
     <span class='ocr_line' id='line_1_95' title="bbox 1987 3043 3697 3118; baseline -0.001 -19"><span class='ocrx_word' id='word_1_759' title='bbox 1987 3044 2200 3116; x_wconf 79' lang='grc' dir='ltr'><strong>ἀστὴρ,</strong></span> <span class='ocrx_word' id='word_1_760' title='bbox 2259 3045 2384 3099; x_wconf 71' lang='grc' dir='ltr'><strong>οὐδὲ</strong></span> <span class='ocrx_word' id='word_1_761' title='bbox 2436 3045 2680 3118; x_wconf 78' lang='grc' dir='ltr'><strong>εῦσημός</strong></span> <span class='ocrx_word' id='word_1_762' title='bbox 2739 3047 2888 3099; x_wconf 79' lang='grc' dir='ltr'><strong>ἐστιν</strong></span> <span class='ocrx_word' id='word_1_763' title='bbox 2943 3043 3110 3101; x_wconf 73' lang='grc' dir='ltr'><strong>αὐτοῦ</strong></span> <span class='ocrx_word' id='word_1_764' title='bbox 3162 3047 3196 3117; x_wconf 91' lang='grc' dir='ltr'><strong>ή</strong></span> <span class='ocrx_word' id='word_1_765' title='bbox 3245 3045 3431 3098; x_wconf 79' lang='grc' dir='ltr'><strong>εὐθεῖα</strong></span> <span class='ocrx_word' id='word_1_766' title='bbox 3478 3045 3513 3116; x_wconf 86' lang='grc' dir='ltr'><strong>ή</strong></span> <span class='ocrx_word' id='word_1_767' title='bbox 3550 3044 3697 3098; x_wconf 68' lang='grc' dir='ltr'><strong>κατὰ</strong></span> 
     </span>
    </p>
   </div>
   <div class='ocr_carea' id='block_1_96' title="bbox 1989 3132 3692 3207">
    <p class='ocr_par' dir='ltr' id='par_1_96' title="bbox 1989 3132 3692 3207">
     <span class='ocr_line' id='line_1_96' title="bbox 1989 3132 3692 3207; baseline 0.001 -21"><span class='ocrx_word' id='word_1_768' title='bbox 1989 3132 2221 3188; x_wconf 87' lang='grc' dir='ltr'><strong>κάθετον</strong></span> <span class='ocrx_word' id='word_1_769' title='bbox 2251 3134 2523 3206; x_wconf 85' lang='grc' dir='ltr'><strong>ἀφιεμένη</strong></span> <span class='ocrx_word' id='word_1_770' title='bbox 2569 3134 2657 3188; x_wconf 66' lang='grc' dir='ltr'><strong>διὰ</strong></span> <span class='ocrx_word' id='word_1_771' title='bbox 2700 3133 2800 3207; x_wconf 79' lang='grc' dir='ltr'><strong>τὴν</strong></span> <span class='ocrx_word' id='word_1_772' title='bbox 2844 3134 3155 3206; x_wconf 78' lang='grc' dir='ltr'><strong>ὑπερϐολὴν</strong></span> <span class='ocrx_word' id='word_1_773' title='bbox 3199 3134 3309 3187; x_wconf 90' lang='grc' dir='ltr'><strong>τῶν</strong></span> <span class='ocrx_word' id='word_1_774' title='bbox 3350 3133 3692 3204; x_wconf 70' lang='grc' dir='ltr'><strong>ύψωμάτων.</strong></span> 
     </span>
    </p>
   </div>
   <div class='ocr_carea' id='block_1_97' title="bbox 2003 3221 3691 3295">
    <p class='ocr_par' dir='ltr' id='par_1_97' title="bbox 2003 3221 3691 3295">
     <span class='ocr_line' id='line_1_97' title="bbox 2003 3221 3691 3295; baseline -0.003 -16"><span class='ocrx_word' id='word_1_775' title='bbox 2003 3225 2242 3288; x_wconf 83' lang='grc' dir='ltr'><strong>Ἐκεῖνος</strong></span> <span class='ocrx_word' id='word_1_776' title='bbox 2292 3223 2348 3277; x_wconf 81' lang='grc' dir='ltr'><strong>δὲ</strong></span> <span class='ocrx_word' id='word_1_777' title='bbox 2399 3223 2513 3275; x_wconf 75' lang='grc' dir='ltr'><strong>καὶ.</strong></span> <span class='ocrx_word' id='word_1_778' title='bbox 2545 3223 2744 3295; x_wconf 80' lang='grc' dir='ltr'><strong>μικρὸν</strong></span> <span class='ocrx_word' id='word_1_779' title='bbox 2794 3223 2996 3294; x_wconf 84' lang='grc' dir='ltr'><strong>χωρίον</strong></span> <span class='ocrx_word' id='word_1_780' title='bbox 3050 3223 3146 3276; x_wconf 74' lang='grc' dir='ltr'><strong>καὶ</strong></span> <span class='ocrx_word' id='word_1_781' title='bbox 3192 3222 3403 3294; x_wconf 90' lang='grc' dir='ltr'><strong>φάτνην</strong></span> <span class='ocrx_word' id='word_1_782' title='bbox 3452 3221 3691 3288; x_wconf 74' lang='grc' dir='ltr'><strong>ἐδείκνυ,</strong></span> 
     </span>
    </p>
   </div>
   <div class='ocr_carea' id='block_1_98' title="bbox 1991 3308 3697 3382">
    <p class='ocr_par' dir='ltr' id='par_1_98' title="bbox 1991 3308 3697 3382">
     <span class='ocr_line' id='line_1_98' title="bbox 1991 3308 3697 3382; baseline -0.001 -18"><span class='ocrx_word' id='word_1_783' title='bbox 1991 3311 2221 3382; x_wconf 88' lang='grc' dir='ltr'><strong>πλησίον</strong></span> <span class='ocrx_word' id='word_1_784' title='bbox 2253 3311 2352 3382; x_wconf 86' lang='grc' dir='ltr'><strong>τῆς</strong></span> <span class='ocrx_word' id='word_1_785' title='bbox 2380 3310 2626 3381; x_wconf 81' lang='grc' dir='ltr'><strong>κεφαλῆς</strong></span> <span class='ocrx_word' id='word_1_786' title='bbox 2652 3311 2943 3380; x_wconf 84' lang='grc' dir='ltr'><strong>γενόμενος</strong></span> <span class='ocrx_word' id='word_1_787' title='bbox 2964 3350 2981 3372; x_wconf 94' lang='grc'><strong>,</strong></span> <span class='ocrx_word' id='word_1_788' title='bbox 3021 3309 3118 3364; x_wconf 73' lang='grc' dir='ltr'><strong>καὶ</strong></span> <span class='ocrx_word' id='word_1_789' title='bbox 3151 3308 3332 3375; x_wconf 79' lang='grc' dir='ltr'><strong>δείξας</strong></span> <span class='ocrx_word' id='word_1_790' title='bbox 3354 3308 3560 3374; x_wconf 83' lang='grc' dir='ltr'><strong>εὐθέως</strong></span> <span class='ocrx_word' id='word_1_791' title='bbox 3586 3309 3697 3363; x_wconf 88' lang='grc' dir='ltr'><strong>ἀπ-</strong></span> 
     </span>
    </p>
   </div>
   <div class='ocr_carea' id='block_1_99' title="bbox 1991 3394 2971 3472">
    <p class='ocr_par' dir='ltr' id='par_1_99' title="bbox 1991 3394 2971 3472">
     <span class='ocr_line' id='line_1_99' title="bbox 1991 3394 2971 3472; baseline 0 -19"><span class='ocrx_word' id='word_1_792' title='bbox 1991 3401 2262 3472; x_wconf 78' lang='grc' dir='ltr'><strong>επήδησεν</strong></span> <span class='ocrx_word' id='word_1_793' title='bbox 2283 3418 2294 3431; x_wconf 91' lang='grc'><strong>·</strong></span> <span class='ocrx_word' id='word_1_794' title='bbox 2333 3401 2470 3471; x_wconf 81' lang='grc' dir='ltr'><strong>ὅπερ</strong></span> <span class='ocrx_word' id='word_1_795' title='bbox 2499 3399 2600 3452; x_wconf 84' lang='grc' dir='ltr'><strong>ούκ</strong></span> <span class='ocrx_word' id='word_1_796' title='bbox 2628 3394 2697 3470; x_wconf 75' lang='grc' dir='ltr'><strong>ἦν</strong></span> <span class='ocrx_word' id='word_1_797' title='bbox 2721 3399 2971 3472; x_wconf 86' lang='grc' dir='ltr'><strong>ἀστέρος.</strong></span> 
     </span>
    </p>
   </div>
   <div class='ocr_carea' id='block_1_100' title="bbox 2061 3484 3695 3557">
    <p class='ocr_par' dir='ltr' id='par_1_100' title="bbox 2061 3484 3695 3557">
     <span class='ocr_line' id='line_1_100' title="bbox 2061 3484 3695 3557; baseline -0.002 -15"><span class='ocrx_word' id='word_1_798' title='bbox 2061 3487 2128 3552; x_wconf 78' lang='grc' dir='ltr'><strong>ζ’.</strong></span> <span class='ocrx_word' id='word_1_799' title='bbox 2164 3489 2228 3541; x_wconf 69' lang='lat' dir='ltr'><strong>EE</strong></span> <span class='ocrx_word' id='word_1_800' title='bbox 2281 3487 2337 3540; x_wconf 75' lang='grc' dir='ltr'><strong>δὲ</strong></span> <span class='ocrx_word' id='word_1_801' title='bbox 2385 3488 2434 3540; x_wconf 90' lang='grc' dir='ltr'><strong>οί</strong></span> <span class='ocrx_word' id='word_1_802' title='bbox 2491 3487 2659 3556; x_wconf 88' lang='grc' dir='ltr'><strong>μάγοι</strong></span> <span class='ocrx_word' id='word_1_803' title='bbox 2710 3486 2969 3555; x_wconf 85' lang='grc' dir='ltr'><strong>λέγουσι,</strong></span> <span class='ocrx_word' id='word_1_804' title='bbox 3023 3485 3284 3557; x_wconf 79' lang='grc' dir='ltr'><strong>Εῑδομεν</strong></span> <span class='ocrx_word' id='word_1_805' title='bbox 3343 3484 3536 3544; x_wconf 84' lang='grc' dir='ltr'><strong>αὑτοῦ</strong></span> <span class='ocrx_word' id='word_1_806' title='bbox 3587 3486 3695 3540; x_wconf 82' lang='grc' dir='ltr'><strong>τὸν</strong></span> 
     </span>
    </p>
   </div>
   <div class='ocr_carea' id='block_1_101' title="bbox 1990 3574 3692 3647">
    <p class='ocr_par' dir='ltr' id='par_1_101' title="bbox 1990 3574 3692 3647">
     <span class='ocr_line' id='line_1_101' title="bbox 1990 3574 3692 3647; baseline -0.002 -16"><span class='ocrx_word' id='word_1_807' title='bbox 1990 3574 2249 3645; x_wconf 80' lang='grc' dir='ltr'><strong>ἀστέρα,</strong></span> <span class='ocrx_word' id='word_1_808' title='bbox 2305 3576 2416 3630; x_wconf 72' lang='grc' dir='ltr'><strong>ἀπὸ</strong></span> <span class='ocrx_word' id='word_1_809' title='bbox 2460 3576 2558 3647; x_wconf 82' lang='grc' dir='ltr'><strong>τῆς</strong></span> <span class='ocrx_word' id='word_1_810' title='bbox 2606 3577 2814 3640; x_wconf 87' lang='grc' dir='ltr'><strong>οἰκείας</strong></span> <span class='ocrx_word' id='word_1_811' title='bbox 2863 3577 3064 3647; x_wconf 89' lang='grc' dir='ltr'><strong>τέχνης</strong></span> <span class='ocrx_word' id='word_1_812' title='bbox 3108 3577 3248 3641; x_wconf 89' lang='grc' dir='ltr'><strong>τέως</strong></span> <span class='ocrx_word' id='word_1_813' title='bbox 3291 3576 3692 3647; x_wconf 78' lang='grc' dir='ltr'><strong>φθεγγόμενοι,</strong></span> 
     </span>
    </p>
   </div>
   <div class='ocr_carea' id='block_1_102' title="bbox 1993 3663 3711 3738">
    <p class='ocr_par' dir='ltr' id='par_1_102' title="bbox 1993 3663 3711 3738">
     <span class='ocr_line' id='line_1_102' title="bbox 1993 3663 3711 3738; baseline -0.002 -18"><span class='ocrx_word' id='word_1_814' title='bbox 1993 3665 2219 3738; x_wconf 78' lang='grc' dir='ltr'><strong>ὕστερον</strong></span> <span class='ocrx_word' id='word_1_815' title='bbox 2251 3664 2435 3734; x_wconf 86' lang='grc' dir='ltr'><strong>μέντοι</strong></span> <span class='ocrx_word' id='word_1_816' title='bbox 2462 3664 2971 3736; x_wconf 88' lang='grc' dir='ltr'><strong>χειραγωγηθέντες</strong></span> <span class='ocrx_word' id='word_1_817' title='bbox 2992 3663 3414 3736; x_wconf 86' lang='grc' dir='ltr'><strong>ἀπηλλάγησαν.</strong></span> <span class='ocrx_word' id='word_1_818' title='bbox 3440 3665 3564 3720; x_wconf 83' lang='grc' dir='ltr'><strong>Ὅτι</strong></span> <span class='ocrx_word' id='word_1_819' title='bbox 3584 3665 3711 3736; x_wconf 90' lang='lat'><strong><em>7&amp;9-</em></strong></span> 
     </span>
    </p>
   </div>
   <div class='ocr_carea' id='block_1_103' title="bbox 1991 3749 3700 3826">
    <p class='ocr_par' dir='ltr' id='par_1_103' title="bbox 1991 3749 3700 3826">
     <span class='ocr_line' id='line_1_103' title="bbox 1991 3749 3700 3826; baseline -0.001 -19"><span class='ocrx_word' id='word_1_820' title='bbox 1991 3753 2130 3825; x_wconf 80' lang='grc' dir='ltr'><strong>ὁμοῦ</strong></span> <span class='ocrx_word' id='word_1_821' title='bbox 2154 3769 2212 3808; x_wconf 77' lang='grc' dir='ltr'><strong>τε</strong></span> <span class='ocrx_word' id='word_1_822' title='bbox 2248 3749 2392 3807; x_wconf 84' lang='grc' dir='ltr'><strong>εἶδον</strong></span> <span class='ocrx_word' id='word_1_823' title='bbox 2419 3753 2511 3807; x_wconf 70' lang='grc' dir='ltr'><strong>τὸν</strong></span> <span class='ocrx_word' id='word_1_824' title='bbox 2539 3753 2749 3824; x_wconf 87' lang='grc' dir='ltr'><strong>ἀστέρα</strong></span> <span class='ocrx_word' id='word_1_825' title='bbox 2773 3753 2870 3806; x_wconf 73' lang='grc' dir='ltr'><strong>καὶ</strong></span> <span class='ocrx_word' id='word_1_826' title='bbox 2895 3754 2995 3824; x_wconf 83' lang='grc' dir='ltr'><strong>τῆς</strong></span> <span class='ocrx_word' id='word_1_827' title='bbox 3026 3753 3238 3826; x_wconf 89' lang='grc' dir='ltr'><strong>πλάνης</strong></span> <span class='ocrx_word' id='word_1_828' title='bbox 3268 3753 3700 3825; x_wconf 80' lang='grc' dir='ltr'><strong>ἀπηλλάγησαν,</strong></span> 
     </span>
    </p>
   </div>
   <div class='ocr_carea' id='block_1_104' title="bbox 1992 3834 3697 3913">
    <p class='ocr_par' dir='ltr' id='par_1_104' title="bbox 1992 3834 3697 3913">
     <span class='ocr_line' id='line_1_104' title="bbox 1992 3834 3697 3913; baseline 0 -17"><span class='ocrx_word' id='word_1_829' title='bbox 1992 3843 2085 3912; x_wconf 86' lang='grc' dir='ltr'><strong>ἀφ’</strong></span> <span class='ocrx_word' id='word_1_830' title='bbox 2129 3834 2191 3895; x_wconf 82' lang='grc' dir='ltr'><strong>οῦ</strong></span> <span class='ocrx_word' id='word_1_831' title='bbox 2233 3839 2605 3912; x_wconf 84' lang='grc' dir='ltr'><strong>προσκυνοῦσι</strong></span> <span class='ocrx_word' id='word_1_832' title='bbox 2631 3839 2821 3910; x_wconf 88' lang='grc' dir='ltr'><strong>δῆλον·</strong></span> <span class='ocrx_word' id='word_1_833' title='bbox 2854 3843 2904 3894; x_wconf 87' lang='grc' dir='ltr'><strong>εἰ</strong></span> <span class='ocrx_word' id='word_1_834' title='bbox 2929 3843 3039 3913; x_wconf 77' lang='lat'><strong>7&amp;9</strong></span> <span class='ocrx_word' id='word_1_835' title='bbox 3063 3840 3161 3896; x_wconf 69' lang='grc' dir='ltr'><strong>ἕνα</strong></span> <span class='ocrx_word' id='word_1_836' title='bbox 3198 3840 3310 3894; x_wconf 87' lang='grc' dir='ltr'><strong>τῶν</strong></span> <span class='ocrx_word' id='word_1_837' title='bbox 3334 3841 3546 3895; x_wconf 87' lang='grc' dir='ltr'><strong>πολλῶν</strong></span> <span class='ocrx_word' id='word_1_838' title='bbox 3581 3842 3697 3896; x_wconf 80' lang='grc' dir='ltr'><strong>ἐνό-</strong></span> 
     </span>
    </p>
   </div>
   <div class='ocr_carea' id='block_1_105' title="bbox 1995 3929 3699 4003">
    <p class='ocr_par' dir='ltr' id='par_1_105' title="bbox 1995 3929 3699 4003">
     <span class='ocr_line' id='line_1_105' title="bbox 1995 3929 3699 4003; baseline 0 -19"><span class='ocrx_word' id='word_1_839' title='bbox 1995 3929 2175 4002; x_wconf 76' lang='grc' dir='ltr'><strong>μιζον,</strong></span> <span class='ocrx_word' id='word_1_840' title='bbox 2200 3931 2303 3984; x_wconf 83' lang='grc' dir='ltr'><strong>οὐκ</strong></span> <span class='ocrx_word' id='word_1_841' title='bbox 2334 3930 2401 3984; x_wconf 85' lang='grc' dir='ltr'><strong>ἂν</strong></span> <span class='ocrx_word' id='word_1_842' title='bbox 2431 3929 2874 4003; x_wconf 82' lang='grc' dir='ltr'><strong>προσεκύνησαν.</strong></span> <span class='ocrx_word' id='word_1_843' title='bbox 2911 3929 2980 3983; x_wconf 87' lang='grc' dir='ltr'><strong>Τί</strong></span> <span class='ocrx_word' id='word_1_844' title='bbox 3007 3929 3120 4002; x_wconf 87' lang='grc' dir='ltr'><strong>γάρ</strong></span> <span class='ocrx_word' id='word_1_845' title='bbox 3159 3931 3508 4002; x_wconf 81' lang='grc' dir='ltr'><strong>προσεδόκων</strong></span> <span class='ocrx_word' id='word_1_846' title='bbox 3544 3931 3699 4002; x_wconf 70' lang='grc' dir='ltr'><strong>παρά</strong></span> 
     </span>
    </p>
   </div>
   <div class='ocr_carea' id='block_1_106' title="bbox 1994 4016 3697 4090">
    <p class='ocr_par' dir='ltr' id='par_1_106' title="bbox 1994 4016 3697 4090">
     <span class='ocr_line' id='line_1_106' title="bbox 1994 4016 3697 4090; baseline -0.001 -20"><span class='ocrx_word' id='word_1_847' title='bbox 1994 4018 2207 4072; x_wconf 87' lang='grc' dir='ltr'><strong>παιδίου</strong></span> <span class='ocrx_word' id='word_1_848' title='bbox 2237 4017 2332 4071; x_wconf 73' lang='grc' dir='ltr'><strong>καὶ</strong></span> <span class='ocrx_word' id='word_1_849' title='bbox 2367 4016 2510 4082; x_wconf 81' lang='grc' dir='ltr'><strong>ξένοι</strong></span> <span class='ocrx_word' id='word_1_850' title='bbox 2541 4017 2638 4071; x_wconf 78' lang='grc' dir='ltr'><strong>καὶ</strong></span> <span class='ocrx_word' id='word_1_851' title='bbox 2670 4016 2939 4088; x_wconf 74' lang='grc' dir='ltr'><strong>ἐπήλυδες</strong></span> <span class='ocrx_word' id='word_1_852' title='bbox 2973 4018 3070 4072; x_wconf 69' lang='grc' dir='ltr'><strong>κα)⁸</strong></span> <span class='ocrx_word' id='word_1_853' title='bbox 3100 4016 3402 4090; x_wconf 75' lang='grc' dir='ltr'><strong>βάρδαροις</strong></span> <span class='ocrx_word' id='word_1_854' title='bbox 3435 4016 3601 4072; x_wconf 82' lang='grc' dir='ltr'><strong>πόθεν</strong></span> <span class='ocrx_word' id='word_1_855' title='bbox 3638 4017 3697 4070; x_wconf 78' lang='grc' dir='ltr'><strong>δὲ</strong></span> 
     </span>
    </p>
   </div>
   <div class='ocr_carea' id='block_1_107' title="bbox 1993 4105 3694 4179">
    <p class='ocr_par' dir='ltr' id='par_1_107' title="bbox 1993 4105 3694 4179">
     <span class='ocr_line' id='line_1_107' title="bbox 1993 4105 3694 4179; baseline -0.002 -19"><span class='ocrx_word' id='word_1_856' title='bbox 1993 4107 2192 4179; x_wconf 73' lang='grc' dir='ltr'><strong>ᾔδεσαν</strong></span> <span class='ocrx_word' id='word_1_857' title='bbox 2224 4107 2310 4161; x_wconf 82' lang='grc' dir='ltr'><strong>ὅτι</strong></span> <span class='ocrx_word' id='word_1_858' title='bbox 2349 4105 2536 4178; x_wconf 84' lang='grc' dir='ltr'><strong>βιώσει</strong></span> <span class='ocrx_word' id='word_1_859' title='bbox 2565 4107 2663 4160; x_wconf 73' lang='grc' dir='ltr'><strong>καὶ</strong></span> <span class='ocrx_word' id='word_1_860' title='bbox 2703 4105 2978 4161; x_wconf 76' lang='grc' dir='ltr'><strong>ἀποδώσει</strong></span> <span class='ocrx_word' id='word_1_861' title='bbox 3010 4107 3113 4172; x_wconf 88' lang='grc' dir='ltr'><strong>τάς</strong></span> <span class='ocrx_word' id='word_1_862' title='bbox 3139 4105 3377 4178; x_wconf 76' lang='grc' dir='ltr'><strong>ἀμοιϐάς</strong></span> <span class='ocrx_word' id='word_1_863' title='bbox 3404 4107 3588 4170; x_wconf 83' lang='grc' dir='ltr'><strong>αὐτοῖς</strong></span> <span class='ocrx_word' id='word_1_864' title='bbox 3629 4107 3694 4158; x_wconf 76' lang='grc' dir='ltr'><strong>ἐκ</strong></span> 
     </span>
    </p>
   </div>
   <div class='ocr_carea' id='block_1_108' title="bbox 1992 4179 3691 4266">
    <p class='ocr_par' dir='ltr' id='par_1_108' title="bbox 1992 4179 3691 4266">
     <span class='ocr_line' id='line_1_108' title="bbox 1992 4179 3691 4266; baseline -0.002 -17"><span class='ocrx_word' id='word_1_865' title='bbox 1992 4195 2249 4249; x_wconf 84' lang='grc' dir='ltr'><strong>τοσούτου</strong></span> <span class='ocrx_word' id='word_1_866' title='bbox 2285 4195 2655 4265; x_wconf 82' lang='grc' dir='ltr'><strong>διαστήματος</strong></span> <span class='ocrx_word' id='word_1_867' title='bbox 2708 4189 2870 4261; x_wconf 80' lang='grc' dir='ltr'><strong>οὖσις</strong></span> <span class='ocrx_word' id='word_1_868' title='bbox 2902 4194 3023 4259; x_wconf 87' lang='grc' dir='ltr'><strong>πῶς</strong></span> <span class='ocrx_word' id='word_1_869' title='bbox 3069 4195 3126 4249; x_wconf 74' lang='grc' dir='ltr'><strong>δὲ</strong></span> <span class='ocrx_word' id='word_1_870' title='bbox 3163 4197 3256 4250; x_wconf 85' lang='grc' dir='ltr'><strong>τὸν</strong></span> <span class='ocrx_word' id='word_1_871' title='bbox 3297 4179 3544 4266; x_wconf 79' lang='grc' dir='ltr'><strong>παρόντα</strong></span> <span class='ocrx_word' id='word_1_872' title='bbox 3572 4195 3691 4248; x_wconf 79' lang='grc' dir='ltr'><strong>κίνο</strong></span> 
     </span>
    </p>
   </div>
   <div class='ocr_carea' id='block_1_109' title="bbox 1993 4276 3696 4356">
    <p class='ocr_par' dir='ltr' id='par_1_109' title="bbox 1993 4276 3696 4356">
     <span class='ocr_line' id='line_1_109' title="bbox 1993 4276 3696 4356; baseline -0.003 -18"><span class='ocrx_word' id='word_1_873' title='bbox 1993 4276 2148 4338; x_wconf 84' lang='grc' dir='ltr'><strong>δυνον</strong></span> <span class='ocrx_word' id='word_1_874' title='bbox 2193 4283 2255 4336; x_wconf 84' lang='grc' dir='ltr'><strong>ού</strong></span> <span class='ocrx_word' id='word_1_875' title='bbox 2315 4284 2631 4352; x_wconf 89' lang='grc' dir='ltr'><strong>προείλοντο</strong></span> <span class='ocrx_word' id='word_1_876' title='bbox 2681 4280 3157 4356; x_wconf 68' lang='grc' dir='ltr'><strong>[προείδοντοης</strong></span> <span class='ocrx_word' id='word_1_877' title='bbox 3200 4281 3319 4347; x_wconf 88' lang='grc' dir='ltr'><strong>πῶς</strong></span> <span class='ocrx_word' id='word_1_878' title='bbox 3353 4283 3410 4336; x_wconf 77' lang='grc' dir='ltr'><strong>δὲ</strong></span> <span class='ocrx_word' id='word_1_879' title='bbox 3469 4283 3571 4334; x_wconf 74' lang='grc' dir='ltr'><strong>οὐκ</strong></span> <span class='ocrx_word' id='word_1_880' title='bbox 3607 4282 3696 4334; x_wconf 80' lang='grc' dir='ltr'><strong>έν-</strong></span> 
     </span>
    </p>
   </div>
   <div class='ocr_carea' id='block_1_110' title="bbox 1995 4367 3696 4444">
    <p class='ocr_par' dir='ltr' id='par_1_110' title="bbox 1995 4367 3696 4444">
     <span class='ocr_line' id='line_1_110' title="bbox 1995 4367 3696 4444; baseline -0.004 -17"><span class='ocrx_word' id='word_1_881' title='bbox 1995 4374 2226 4444; x_wconf 85' lang='grc' dir='ltr'><strong>ενόησαν</strong></span> <span class='ocrx_word' id='word_1_882' title='bbox 2254 4373 2336 4426; x_wconf 78' lang='grc' dir='ltr'><strong>ὅτι</strong></span> <span class='ocrx_word' id='word_1_883' title='bbox 2363 4372 2458 4426; x_wconf 73' lang='grc' dir='ltr'><strong>καὶ</strong></span> <span class='ocrx_word' id='word_1_884' title='bbox 2491 4367 3027 4444; x_wconf 73' lang='grc' dir='ltr'><strong>¹προείξαρπασθῆναι</strong></span> <span class='ocrx_word' id='word_1_885' title='bbox 3081 4372 3229 4435; x_wconf 77' lang='grc' dir='ltr'><strong>εἰκὸς</strong></span> <span class='ocrx_word' id='word_1_886' title='bbox 3271 4371 3371 4442; x_wconf 86' lang='grc' dir='ltr'><strong>τῆς</strong></span> <span class='ocrx_word' id='word_1_887' title='bbox 3407 4369 3696 4442; x_wconf 86' lang='grc' dir='ltr'><strong>παρούσης</strong></span> 
     </span>
    </p>
   </div>
   <div class='ocr_carea' id='block_1_111' title="bbox 1995 4458 3698 4532">
    <p class='ocr_par' dir='ltr' id='par_1_111' title="bbox 1995 4458 3698 4532">
     <span class='ocr_line' id='line_1_111' title="bbox 1995 4458 3698 4532; baseline -0.002 -19"><span class='ocrx_word' id='word_1_888' title='bbox 1995 4460 2160 4532; x_wconf 74' lang='grc' dir='ltr'><strong>ζωῆς,</strong></span> <span class='ocrx_word' id='word_1_889' title='bbox 2192 4461 2286 4514; x_wconf 83' lang='grc' dir='ltr'><strong>τοῦ</strong></span> <span class='ocrx_word' id='word_1_890' title='bbox 2321 4462 2440 4514; x_wconf 80' lang='grc' dir='ltr'><strong>τότε</strong></span> <span class='ocrx_word' id='word_1_891' title='bbox 2472 4460 2852 4530; x_wconf 82' lang='grc' dir='ltr'><strong>βασιλεύοντος</strong></span> <span class='ocrx_word' id='word_1_892' title='bbox 2891 4460 3091 4524; x_wconf 79' lang='grc' dir='ltr'><strong>αὐτοὺς</strong></span> <span class='ocrx_word' id='word_1_893' title='bbox 3130 4459 3522 4531; x_wconf 80' lang='grc' dir='ltr'><strong>ἀναιροῦντος;</strong></span> <span class='ocrx_word' id='word_1_894' title='bbox 3559 4458 3611 4511; x_wconf 88' lang='grc' dir='ltr'><strong>τί</strong></span> <span class='ocrx_word' id='word_1_895' title='bbox 3639 4458 3698 4510; x_wconf 74' lang='grc' dir='ltr'><strong>δὲ</strong></span> 
     </span>
    </p>
   </div>
   <div class='ocr_carea' id='block_1_112' title="bbox 1995 4543 3698 4620">
    <p class='ocr_par' dir='ltr' id='par_1_112' title="bbox 1995 4543 3698 4620">
     <span class='ocr_line' id='line_1_112' title="bbox 1995 4543 3698 4620; baseline -0.002 -19"><span class='ocrx_word' id='word_1_896' title='bbox 1995 4550 2090 4602; x_wconf 81' lang='grc' dir='ltr'><strong>καὶ</strong></span> <span class='ocrx_word' id='word_1_897' title='bbox 2121 4549 2397 4620; x_wconf 86' lang='grc' dir='ltr'><strong>βασιλείας</strong></span> <span class='ocrx_word' id='word_1_898' title='bbox 2431 4548 2699 4620; x_wconf 78' lang='grc' dir='ltr'><strong>σύμϐολον</strong></span> <span class='ocrx_word' id='word_1_899' title='bbox 2742 4543 2918 4612; x_wconf 75' lang='grc' dir='ltr'><strong>εἶδον;</strong></span> <span class='ocrx_word' id='word_1_900' title='bbox 2957 4549 3084 4601; x_wconf 87' lang='grc' dir='ltr'><strong>ποῖα</strong></span> <span class='ocrx_word' id='word_1_901' title='bbox 3126 4547 3479 4618; x_wconf 82' lang='grc' dir='ltr'><strong>προπύλαια;</strong></span> <span class='ocrx_word' id='word_1_902' title='bbox 3511 4546 3698 4609; x_wconf 88' lang='grc' dir='ltr'><strong>ποίους</strong></span> 
     </span>
    </p>
   </div>
   <div class='ocr_carea' id='block_1_113' title="bbox 1994 4634 3696 4707">
    <p class='ocr_par' dir='ltr' id='par_1_113' title="bbox 1994 4634 3696 4707">
     <span class='ocr_line' id='line_1_113' title="bbox 1994 4634 3696 4707; baseline -0.001 -18"><span class='ocrx_word' id='word_1_903' title='bbox 1994 4636 2369 4707; x_wconf 78' lang='grc' dir='ltr'><strong>δορυφόρουςς</strong></span> <span class='ocrx_word' id='word_1_904' title='bbox 2439 4636 2624 4699; x_wconf 80' lang='grc' dir='ltr'><strong>ποίους</strong></span> <span class='ocrx_word' id='word_1_905' title='bbox 2683 4637 3066 4701; x_wconf 78' lang='grc' dir='ltr'><strong>ὑπασπιστάς;</strong></span> <span class='ocrx_word' id='word_1_906' title='bbox 3139 4635 3300 4689; x_wconf 88' lang='grc' dir='ltr'><strong>ποίαν</strong></span> <span class='ocrx_word' id='word_1_907' title='bbox 3359 4634 3696 4707; x_wconf 88' lang='grc' dir='ltr'><strong>θεραπείαν;</strong></span> 
     </span>
    </p>
   </div>
   <div class='ocr_carea' id='block_1_114' title="bbox 1997 4726 3698 4798">
    <p class='ocr_par' dir='ltr' id='par_1_114' title="bbox 1997 4726 3698 4798">
     <span class='ocr_line' id='line_1_114' title="bbox 1997 4726 3698 4798; baseline -0.001 -19"><span class='ocrx_word' id='word_1_908' title='bbox 1997 4727 2158 4790; x_wconf 84' lang='grc' dir='ltr'><strong>ποίας</strong></span> <span class='ocrx_word' id='word_1_909' title='bbox 2206 4727 2440 4790; x_wconf 83' lang='grc' dir='ltr'><strong>ἀσπίδας</strong></span> <span class='ocrx_word' id='word_1_910' title='bbox 2474 4728 2716 4798; x_wconf 81' lang='grc' dir='ltr'><strong>χρυσᾶς;</strong></span> <span class='ocrx_word' id='word_1_911' title='bbox 2762 4730 2890 4780; x_wconf 81' lang='grc' dir='ltr'><strong>ποία</strong></span> <span class='ocrx_word' id='word_1_912' title='bbox 2924 4727 3213 4798; x_wconf 76' lang='grc' dir='ltr'><strong>ὀχήματας</strong></span> <span class='ocrx_word' id='word_1_913' title='bbox 3255 4727 3408 4779; x_wconf 85' lang='grc' dir='ltr'><strong>ποῖον</strong></span> <span class='ocrx_word' id='word_1_914' title='bbox 3460 4726 3698 4797; x_wconf 67' lang='grc' dir='ltr'><strong>ὅροφονς</strong></span> 
     </span>
    </p>
   </div>
   <div class='ocr_carea' id='block_1_115' title="bbox 1997 4815 3694 4886">
    <p class='ocr_par' dir='ltr' id='par_1_115' title="bbox 1997 4815 3694 4886">
     <span class='ocr_line' id='line_1_115' title="bbox 1997 4815 3694 4886; baseline -0.001 -19"><span class='ocrx_word' id='word_1_915' title='bbox 1997 4816 2156 4878; x_wconf 86' lang='grc' dir='ltr'><strong>ποίας</strong></span> <span class='ocrx_word' id='word_1_916' title='bbox 2196 4816 2401 4880; x_wconf 71' lang='grc' dir='ltr'><strong>αὐλάς,</strong></span> <span class='ocrx_word' id='word_1_917' title='bbox 2445 4816 2612 4868; x_wconf 90' lang='grc' dir='ltr'><strong>ποίων</strong></span> <span class='ocrx_word' id='word_1_918' title='bbox 2643 4815 2915 4886; x_wconf 80' lang='grc' dir='ltr'><strong>εὐνούχων</strong></span> <span class='ocrx_word' id='word_1_919' title='bbox 2955 4816 3195 4886; x_wconf 79' lang='grc' dir='ltr'><strong>ἀγέλην;</strong></span> <span class='ocrx_word' id='word_1_920' title='bbox 3245 4816 3416 4869; x_wconf 73' lang='grc' dir='ltr'><strong>Οὐδὲν</strong></span> <span class='ocrx_word' id='word_1_921' title='bbox 3447 4815 3694 4878; x_wconf 87' lang='grc' dir='ltr'><strong>τούτων,</strong></span> 
     </span>
    </p>
   </div>
   <div class='ocr_carea' id='block_1_116' title="bbox 1995 4903 3700 4975">
    <p class='ocr_par' dir='ltr' id='par_1_116' title="bbox 1995 4903 3700 4975">
     <span class='ocr_line' id='line_1_116' title="bbox 1995 4903 3700 4975; baseline 0 -19"><span class='ocrx_word' id='word_1_922' title='bbox 1995 4903 2131 4956; x_wconf 63' lang='grc' dir='ltr'><strong>ἀλλὰ</strong></span> <span class='ocrx_word' id='word_1_923' title='bbox 2156 4903 2418 4957; x_wconf 79' lang='grc' dir='ltr'><strong>τάναντία</strong></span> <span class='ocrx_word' id='word_1_924' title='bbox 2439 4904 2686 4968; x_wconf 81' lang='grc' dir='ltr'><strong>ᾶπαντα,</strong></span> <span class='ocrx_word' id='word_1_925' title='bbox 2728 4905 2938 4973; x_wconf 85' lang='grc' dir='ltr'><strong>φάτνην</strong></span> <span class='ocrx_word' id='word_1_926' title='bbox 2959 4905 3053 4957; x_wconf 72' lang='grc' dir='ltr'><strong>καὶ</strong></span> <span class='ocrx_word' id='word_1_927' title='bbox 3095 4903 3342 4975; x_wconf 78' lang='grc' dir='ltr'><strong>καλύϐην</strong></span> <span class='ocrx_word' id='word_1_928' title='bbox 3393 4904 3487 4956; x_wconf 78' lang='grc' dir='ltr'><strong>καὶ</strong></span> <span class='ocrx_word' id='word_1_929' title='bbox 3531 4904 3700 4956; x_wconf 74' lang='grc' dir='ltr'><strong>κατά-</strong></span> 
     </span>
    </p>
   </div>
   <div class='ocr_carea' id='block_1_117' title="bbox 1995 4991 3700 5062">
    <p class='ocr_par' dir='ltr' id='par_1_117' title="bbox 1995 4991 3700 5062">
     <span class='ocr_line' id='line_1_117' title="bbox 1995 4991 3700 5062; baseline -0.001 -18"><span class='ocrx_word' id='word_1_930' title='bbox 1995 4991 2144 5062; x_wconf 79' lang='grc' dir='ltr'><strong>λυμα</strong></span> <span class='ocrx_word' id='word_1_931' title='bbox 2181 4993 2275 5044; x_wconf 70' lang='grc' dir='ltr'><strong>καὶ</strong></span> <span class='ocrx_word' id='word_1_932' title='bbox 2323 4991 2540 5062; x_wconf 86' lang='grc' dir='ltr'><strong>μητέρα</strong></span> <span class='ocrx_word' id='word_1_933' title='bbox 2567 4991 2791 5062; x_wconf 82' lang='grc' dir='ltr'><strong>πτωχὴν</strong></span> <span class='ocrx_word' id='word_1_934' title='bbox 2823 4992 2918 5044; x_wconf 67' lang='grc' dir='ltr'><strong>καὶ</strong></span> <span class='ocrx_word' id='word_1_935' title='bbox 2952 4992 3142 5045; x_wconf 87' lang='grc' dir='ltr'><strong>πενίαν</strong></span> <span class='ocrx_word' id='word_1_936' title='bbox 3170 4991 3574 5062; x_wconf 77' lang='grc' dir='ltr'><strong>ἐπιτεταμένην</strong></span> <span class='ocrx_word' id='word_1_937' title='bbox 3602 4994 3700 5044; x_wconf 78' lang='grc' dir='ltr'><strong>καὶ</strong></span> 
     </span>
    </p>
   </div>
   <div class='ocr_carea' id='block_1_118' title="bbox 1998 5080 3700 5154">
    <p class='ocr_par' dir='ltr' id='par_1_118' title="bbox 1998 5080 3700 5154">
     <span class='ocr_line' id='line_1_118' title="bbox 1998 5080 3700 5154; baseline -0.001 -22"><span class='ocrx_word' id='word_1_938' title='bbox 1998 5082 2309 5152; x_wconf 70' lang='grc' dir='ltr'><strong>σπάργανα.</strong></span> <span class='ocrx_word' id='word_1_939' title='bbox 2341 5080 2459 5133; x_wconf 88' lang='grc' dir='ltr'><strong>Τίνι</strong></span> <span class='ocrx_word' id='word_1_940' title='bbox 2495 5080 2678 5133; x_wconf 89' lang='grc' dir='ltr'><strong>τοίνυν</strong></span> <span class='ocrx_word' id='word_1_941' title='bbox 2723 5081 3067 5154; x_wconf 80' lang='grc' dir='ltr'><strong>προσέφερον</strong></span> <span class='ocrx_word' id='word_1_942' title='bbox 3106 5083 3197 5133; x_wconf 72' lang='grc' dir='ltr'><strong>τον</strong></span> <span class='ocrx_word' id='word_1_943' title='bbox 3229 5080 3432 5151; x_wconf 74' lang='grc' dir='ltr'><strong>χρυσον</strong></span> <span class='ocrx_word' id='word_1_944' title='bbox 3472 5084 3568 5132; x_wconf 83' lang='grc' dir='ltr'><strong>καὶ</strong></span> <span class='ocrx_word' id='word_1_945' title='bbox 3602 5080 3700 5132; x_wconf 77' lang='grc' dir='ltr'><strong>τὸν</strong></span> 
     </span>
    </p>
   </div>
   <div class='ocr_carea' id='block_1_119' title="bbox 1995 5167 3695 5239">
    <p class='ocr_par' dir='ltr' id='par_1_119' title="bbox 1995 5167 3695 5239">
     <span class='ocr_line' id='line_1_119' title="bbox 1995 5167 3695 5239; baseline 0.001 -21"><span class='ocrx_word' id='word_1_946' title='bbox 1995 5169 2216 5223; x_wconf 75' lang='grc' dir='ltr'><strong>λίῦανον</strong></span> <span class='ocrx_word' id='word_1_947' title='bbox 2260 5170 2358 5221; x_wconf 58' lang='grc' dir='ltr'><strong>καί⁵</strong></span> <span class='ocrx_word' id='word_1_948' title='bbox 2399 5168 2502 5239; x_wconf 80' lang='grc' dir='ltr'><strong>τὴν</strong></span> <span class='ocrx_word' id='word_1_949' title='bbox 2553 5168 2836 5239; x_wconf 89' lang='grc' dir='ltr'><strong>σμύρναν;</strong></span> <span class='ocrx_word' id='word_1_950' title='bbox 2888 5170 2988 5222; x_wconf 85' lang='grc' dir='ltr'><strong>ούκ</strong></span> <span class='ocrx_word' id='word_1_951' title='bbox 3035 5167 3259 5238; x_wconf 76' lang='grc' dir='ltr'><strong>εῧδηλον</strong></span> <span class='ocrx_word' id='word_1_952' title='bbox 3291 5169 3372 5221; x_wconf 82' lang='grc' dir='ltr'><strong>ὅτι</strong></span> <span class='ocrx_word' id='word_1_953' title='bbox 3415 5171 3477 5238; x_wconf 80' lang='grc' dir='ltr'><strong>τῇ</strong></span> <span class='ocrx_word' id='word_1_954' title='bbox 3513 5168 3695 5220; x_wconf 76' lang='grc' dir='ltr'><strong>πίστε.</strong></span> 
     </span>
    </p>
   </div>
   <div class='ocr_carea' id='block_1_120' title="bbox 1996 5252 3695 5329">
    <p class='ocr_par' dir='ltr' id='par_1_120' title="bbox 1996 5252 3695 5329">
     <span class='ocr_line' id='line_1_120' title="bbox 1996 5252 3695 5329; baseline -0.002 -18"><span class='ocrx_word' id='word_1_955' title='bbox 1996 5257 2096 5328; x_wconf 74' lang='grc' dir='ltr'><strong>ἤδη</strong></span> <span class='ocrx_word' id='word_1_956' title='bbox 2153 5252 2295 5329; x_wconf 84' lang='grc' dir='ltr'><strong>ἦσαν</strong></span> <span class='ocrx_word' id='word_1_957' title='bbox 2355 5258 2764 5328; x_wconf 76' lang='grc' dir='ltr'><strong>ἐπτερωμένοις</strong></span> <span class='ocrx_word' id='word_1_958' title='bbox 2825 5258 2936 5310; x_wconf 75' lang='grc' dir='ltr'><strong>Καὶ</strong></span> <span class='ocrx_word' id='word_1_959' title='bbox 2985 5257 3156 5328; x_wconf 84' lang='grc' dir='ltr'><strong>πολλὴ</strong></span> <span class='ocrx_word' id='word_1_960' title='bbox 3211 5259 3242 5327; x_wconf 82' lang='grc' dir='ltr'><strong>ἡ</strong></span> <span class='ocrx_word' id='word_1_961' title='bbox 3292 5256 3527 5328; x_wconf 79' lang='grc' dir='ltr'><strong>διαφορά</strong></span> <span class='ocrx_word' id='word_1_962' title='bbox 3583 5257 3695 5309; x_wconf 86' lang='grc' dir='ltr'><strong>τῶν</strong></span> 
     </span>
    </p>
   </div>
   <div class='ocr_carea' id='block_1_121' title="bbox 1994 5343 3696 5417">
    <p class='ocr_par' dir='ltr' id='par_1_121' title="bbox 1994 5343 3696 5417">
     <span class='ocr_line' id='line_1_121' title="bbox 1994 5343 3696 5417; baseline -0.001 -18"><span class='ocrx_word' id='word_1_963' title='bbox 1994 5345 2217 5417; x_wconf 75' lang='grc' dir='ltr'><strong>δώρων,</strong></span> <span class='ocrx_word' id='word_1_964' title='bbox 2265 5343 2426 5417; x_wconf 76' lang='grc' dir='ltr'><strong>[καὶ]</strong></span> <span class='ocrx_word' id='word_1_965' title='bbox 2475 5344 2830 5416; x_wconf 80' lang='grc' dir='ltr'><strong>κηρύγματος</strong></span> <span class='ocrx_word' id='word_1_966' title='bbox 2882 5345 3159 5416; x_wconf 78' lang='grc' dir='ltr'><strong>ἐπέχουσα</strong></span> <span class='ocrx_word' id='word_1_967' title='bbox 3213 5344 3388 5409; x_wconf 79' lang='grc' dir='ltr'><strong>τάξιν.</strong></span> <span class='ocrx_word' id='word_1_968' title='bbox 3456 5345 3532 5397; x_wconf 79' lang='grc' dir='ltr'><strong>Οὐ</strong></span> <span class='ocrx_word' id='word_1_969' title='bbox 3584 5344 3696 5414; x_wconf 85' lang='grc' dir='ltr'><strong>γὰρ</strong></span> 
     </span>
    </p>
   </div>
   <div class='ocr_carea' id='block_1_122' title="bbox 1996 5434 3696 5507">
    <p class='ocr_par' dir='ltr' id='par_1_122' title="bbox 1996 5434 3696 5507">
     <span class='ocr_line' id='line_1_122' title="bbox 1996 5434 3696 5507; baseline -0.002 -15"><span class='ocrx_word' id='word_1_970' title='bbox 1996 5435 2302 5504; x_wconf 75' lang='grc' dir='ltr'><strong>ἀπόϐλητος</strong></span> <span class='ocrx_word' id='word_1_971' title='bbox 2325 5435 2354 5487; x_wconf 92' lang='lat'><strong>6</strong></span> <span class='ocrx_word' id='word_1_972' title='bbox 2382 5434 2568 5502; x_wconf 88' lang='grc' dir='ltr'><strong>λόγος,</strong></span> <span class='ocrx_word' id='word_1_973' title='bbox 2599 5437 2647 5488; x_wconf 89' lang='grc' dir='ltr'><strong>εἰ</strong></span> <span class='ocrx_word' id='word_1_974' title='bbox 2680 5435 2771 5488; x_wconf 73' lang='grc' dir='ltr'><strong>καί¹</strong></span> <span class='ocrx_word' id='word_1_975' title='bbox 2808 5435 2963 5507; x_wconf 88' lang='grc' dir='ltr'><strong>παρά</strong></span> <span class='ocrx_word' id='word_1_976' title='bbox 2996 5434 3210 5488; x_wconf 88' lang='grc' dir='ltr'><strong>πολλῶν</strong></span> <span class='ocrx_word' id='word_1_977' title='bbox 3233 5434 3450 5507; x_wconf 72' lang='grc' dir='ltr'><strong>εἴρηται</strong></span> <span class='ocrx_word' id='word_1_978' title='bbox 3475 5478 3488 5498; x_wconf 89' lang='grc'><strong>,</strong></span> <span class='ocrx_word' id='word_1_979' title='bbox 3527 5436 3608 5488; x_wconf 73' lang='grc' dir='ltr'><strong>ὅτι</strong></span> <span class='ocrx_word' id='word_1_980' title='bbox 3630 5435 3696 5506; x_wconf 75' lang='grc' dir='ltr'><strong>δὴ</strong></span> 
     </span>
    </p>
   </div>
   <div class='ocr_carea' id='block_1_123' title="bbox 1996 5522 3696 5597">
    <p class='ocr_par' dir='ltr' id='par_1_123' title="bbox 1996 5522 3696 5597">
     <span class='ocr_line' id='line_1_123' title="bbox 1996 5522 3696 5597; baseline 0.002 -21"><span class='ocrx_word' id='word_1_981' title='bbox 1996 5525 2090 5576; x_wconf 75' lang='grc' dir='ltr'><strong>καὶ</strong></span> <span class='ocrx_word' id='word_1_982' title='bbox 2113 5523 2245 5575; x_wconf 79' lang='grc' dir='ltr'><strong>Θεὸν</strong></span> <span class='ocrx_word' id='word_1_983' title='bbox 2273 5522 2589 5593; x_wconf 76' lang='grc' dir='ltr'><strong>ὡμολόγουν</strong></span> <span class='ocrx_word' id='word_1_984' title='bbox 2611 5524 2698 5577; x_wconf 76' lang='grc' dir='ltr'><strong>διὰ</strong></span> <span class='ocrx_word' id='word_1_985' title='bbox 2736 5523 2888 5597; x_wconf 72' lang='grc' dir='ltr'><strong>[58η]</strong></span> <span class='ocrx_word' id='word_1_986' title='bbox 2925 5524 3020 5578; x_wconf 88' lang='grc' dir='ltr'><strong>τοῦ</strong></span> <span class='ocrx_word' id='word_1_987' title='bbox 3049 5523 3300 5588; x_wconf 73' lang='grc' dir='ltr'><strong>λιϐάνου,</strong></span> <span class='ocrx_word' id='word_1_988' title='bbox 3337 5527 3431 5579; x_wconf 72' lang='grc' dir='ltr'><strong>καὶ</strong></span> <span class='ocrx_word' id='word_1_989' title='bbox 3458 5524 3696 5595; x_wconf 57' lang='grc' dir='ltr'><strong>,βασιλέα</strong></span> 
     </span>
    </p>
   </div>
   <div class='ocr_carea' id='block_1_124' title="bbox 1996 5610 3693 5685">
    <p class='ocr_par' dir='ltr' id='par_1_124' title="bbox 1996 5610 3693 5685">
     <span class='ocr_line' id='line_1_124' title="bbox 1996 5610 3693 5685; baseline 0.001 -20"><span class='ocrx_word' id='word_1_990' title='bbox 1996 5612 2083 5665; x_wconf 73' lang='grc' dir='ltr'><strong>διὰ</strong></span> <span class='ocrx_word' id='word_1_991' title='bbox 2108 5610 2203 5664; x_wconf 79' lang='grc' dir='ltr'><strong>τοῦ</strong></span> <span class='ocrx_word' id='word_1_992' title='bbox 2227 5611 2455 5681; x_wconf 81' lang='grc' dir='ltr'><strong>χρυσοῦ,</strong></span> <span class='ocrx_word' id='word_1_993' title='bbox 2481 5613 2578 5665; x_wconf 73' lang='grc' dir='ltr'><strong>καὶ</strong></span> <span class='ocrx_word' id='word_1_994' title='bbox 2611 5612 2704 5665; x_wconf 82' lang='grc' dir='ltr'><strong>τὸν</strong></span> <span class='ocrx_word' id='word_1_995' title='bbox 2728 5613 3012 5685; x_wconf 82' lang='grc' dir='ltr'><strong>πάσχοντα</strong></span> <span class='ocrx_word' id='word_1_996' title='bbox 3057 5613 3146 5667; x_wconf 67' lang='grc' dir='ltr'><strong>διὰ</strong></span> <span class='ocrx_word' id='word_1_997' title='bbox 3184 5614 3282 5684; x_wconf 86' lang='grc' dir='ltr'><strong>τῆς</strong></span> <span class='ocrx_word' id='word_1_998' title='bbox 3325 5613 3575 5684; x_wconf 85' lang='grc' dir='ltr'><strong>σμύρνης</strong></span> <span class='ocrx_word' id='word_1_999' title='bbox 3600 5614 3693 5667; x_wconf 69' lang='grc' dir='ltr'><strong>τὸν</strong></span> 
     </span>
    </p>
   </div>
   <div class='ocr_carea' id='block_1_125' title="bbox 1997 5702 3696 5774">
    <p class='ocr_par' dir='ltr' id='par_1_125' title="bbox 1997 5702 3696 5774">
     <span class='ocr_line' id='line_1_125' title="bbox 1997 5702 3696 5774; baseline -0.015 -2"><span class='ocrx_word' id='word_1_1000' title='bbox 1997 5703 2166 5770; x_wconf 57' lang='grc' dir='ltr'><strong>τάφθν</strong></span> <span class='ocrx_word' id='word_1_1001' title='bbox 2199 5702 2637 5771; x_wconf 70' lang='grc' dir='ltr'><strong>ἐνδεικνύμενοι·</strong></span> <span class='ocrx_word' id='word_1_1002' title='bbox 2677 5702 2820 5757; x_wconf 75' lang='grc' dir='ltr'><strong>οὕτω</strong></span> <span class='ocrx_word' id='word_1_1003' title='bbox 2858 5703 2988 5771; x_wconf 82' lang='grc' dir='ltr'><strong>γοῦν</strong></span> <span class='ocrx_word' id='word_1_1004' title='bbox 3027 5704 3122 5756; x_wconf 72' lang='grc' dir='ltr'><strong>καὶ</strong></span> <span class='ocrx_word' id='word_1_1005' title='bbox 3149 5704 3324 5774; x_wconf 76' lang='grc' dir='ltr'><strong>ἐτάφη</strong></span> <span class='ocrx_word' id='word_1_1006' title='bbox 3347 5721 3360 5733; x_wconf 82' lang='grc'><strong>·</strong></span> <span class='ocrx_word' id='word_1_1007' title='bbox 3394 5703 3487 5756; x_wconf 74' lang='grc' dir='ltr'><strong>καὶ</strong></span> <span class='ocrx_word' id='word_1_1008' title='bbox 3522 5703 3696 5757; x_wconf 76' lang='grc' dir='ltr'><strong>ταῦτα</strong></span> 
     </span>
    </p>
   </div>
   <div class='ocr_carea' id='block_1_126' title="bbox 1997 5785 3699 5863">
    <p class='ocr_par' dir='ltr' id='par_1_126' title="bbox 1997 5785 3699 5863">
     <span class='ocr_line' id='line_1_126' title="bbox 1997 5785 3699 5863; baseline 0.002 -21"><span class='ocrx_word' id='word_1_1009' title='bbox 1997 5790 2062 5843; x_wconf 78' lang='grc' dir='ltr'><strong>δι’</strong></span> <span class='ocrx_word' id='word_1_1010' title='bbox 2085 5785 2160 5842; x_wconf 80' lang='grc' dir='ltr'><strong>ὧν</strong></span> <span class='ocrx_word' id='word_1_1011' title='bbox 2179 5791 2398 5843; x_wconf 79' lang='grc' dir='ltr'><strong>ἐποίουν</strong></span> <span class='ocrx_word' id='word_1_1012' title='bbox 2419 5787 2566 5845; x_wconf 80' lang='grc' dir='ltr'><strong>οῦτοι</strong></span> <span class='ocrx_word' id='word_1_1013' title='bbox 2586 5792 3024 5862; x_wconf 69' lang='grc' dir='ltr'><strong>προανεφώιιουν.</strong></span> <span class='ocrx_word' id='word_1_1014' title='bbox 3043 5793 3116 5844; x_wconf 71' lang='grc' dir='ltr'><strong>Οὐ</strong></span> <span class='ocrx_word' id='word_1_1015' title='bbox 3135 5792 3314 5846; x_wconf 78' lang='grc' dir='ltr'><strong>τοίνυν</strong></span> <span class='ocrx_word' id='word_1_1016' title='bbox 3332 5794 3699 5863; x_wconf 81' lang='grc' dir='ltr'><strong>ἀστρονομίας</strong></span> 
     </span>
    </p>
   </div>
   <div class='ocr_carea' id='block_1_127' title="bbox 2005 5874 3687 5955">
    <p class='ocr_par' dir='ltr' id='par_1_127' title="bbox 2005 5874 3687 5955">
     <span class='ocr_line' id='line_1_127' title="bbox 2005 5874 3687 5955; baseline 0.002 -23"><span class='ocrx_word' id='word_1_1017' title='bbox 2005 5881 2158 5951; x_wconf 59' lang='grc' dir='ltr'><strong>ἰσχύς</strong></span> <span class='ocrx_word' id='word_1_1018' title='bbox 2187 5874 2252 5949; x_wconf 75' lang='grc' dir='ltr'><strong>ἦν</strong></span> <span class='ocrx_word' id='word_1_1019' title='bbox 2289 5880 2348 5932; x_wconf 75' lang='grc' dir='ltr'><strong>τὸ</strong></span> <span class='ocrx_word' id='word_1_1020' title='bbox 2377 5882 2684 5952; x_wconf 76' lang='grc' dir='ltr'><strong>γιιόμενον,</strong></span> <span class='ocrx_word' id='word_1_1021' title='bbox 2717 5881 2832 5935; x_wconf 83' lang='grc' dir='ltr'><strong>ἀλλ’</strong></span> <span class='ocrx_word' id='word_1_1022' title='bbox 2856 5881 3171 5951; x_wconf 79' lang='grc' dir='ltr'><strong>οἰκονομίας</strong></span> <span class='ocrx_word' id='word_1_1023' title='bbox 3218 5881 3388 5935; x_wconf 81' lang='grc' dir='ltr'><strong>Θεοῦ·</strong></span> <span class='ocrx_word' id='word_1_1024' title='bbox 3424 5882 3486 5935; x_wconf 87' lang='grc' dir='ltr'><strong>ού</strong></span> <span class='ocrx_word' id='word_1_1025' title='bbox 3528 5883 3639 5955; x_wconf 55' lang='grc' dir='ltr'><strong>γὰρ</strong></span> <span class='ocrx_word' id='word_1_1026' title='bbox 3661 5884 3687 5936; x_wconf 75' lang='grc' dir='ltr'>ὁ</span> 
     </span>
    </p>
   </div>
  </div>
