4034 6406
1334 391 1392 447 S.
1418 390 1695 450 JOANNIS
1720 390 2189 449 CHRYSOSTOMI
2226 391 2545 448 ABCHIEP.
2574 393 3103 457 CONSTANTINOP.

1941 571 2282 637 HOMILIA
2328 578 2441 640 IX.

607 715 850 787 Ejusdem
870 760 885 785 ,
918 717 1055 788 quod
1082 732 1181 771 non
1207 725 1441 787 “oporteat
1470 716 1538 768 ad
1560 716 1748 770 circum
1777 715 1855 769 vel
1882 713 1951 769 ad
1975 714 2171 769 theatra

666 809 960 863 ascendere.
990 805 1061 861 Et
1084 823 1203 861 cum
1230 806 1337 861 illis
1364 805 1640 861 molestiam
1666 819 1897 871 creasset,
1918 806 2097 859 deinde
2118 807 2171 859 in

662 908 909 954 conventu
934 899 1161 969 sequenti
1192 908 1302 968 post
1331 899 1473 953 illam
1507 897 1821 952 Dominicam
1846 940 1859 963 ,
1885 915 1999 951 cum
2043 913 2165 951 cou-

665 990 890 1043 casisset
910 989 1149 1058 episcopo
1170 989 1393 1052 cuidam,
1420 988 1508 1059 qui
1528 1004 1591 1043 ea:
1616 986 1821 1043 Galatia
1847 997 2046 1043 venerat
2068 984 2166 1059 (a),

656 1078 993 1134 coheionandi
1013 1079 1329 1151 facultatem,
1350 1088 1396 1133 et
1423 1080 1530 1149 ipse
1550 1080 1981 1162 tacuisset,‘atque
1998 1080 2049 1132 in
2070 1078 2166 1133 Itoc

656 1187 857 1241 quoque
885 1171 1004 1226 illos
1031 1170 1360 1239 olfendissct,
1405 1171 1538 1224 lianc
1581 1171 1783 1225 habuit-
1807 1170 2070 1223 Itontiliam
2112 1170 2165 1224 in

654 1261 845 1335 Magna
870 1263 1099 1329 ecclesia,
1128 1264 1179 1317 in
1206 1262 1338 1316 illud
1368 1277 1388 1316 :
1418 1262 1576 1317 Pater
1603 1277 1758 1316 meus
1797 1277 1965 1331 usque
2006 1260 2167 1316 modo

656 1364 931 1423 operatur,
962 1362 1017 1409 et
1043 1368 1143 1431 ego
1169 1368 1369 1423 operor
1395 1352 1577 1456 (leua:
1604 1354 1658 1408 5.
1694 1353 1913 1457 l7).(b‘).
2066 1441 2103 1457 Α

656 1445 709 1497 1.
740 1442 1285 1514 ConstantinOpolitani
1312 1443 1532 1515 graviter
1552 1444 1820 1511 increpati,
1849 1442 2161 1513 frequentio-

498 1520 501 1523 γ
582 1553 663 1591 res
692 1535 760 1590 ad
788 1536 1079 1589 concionem
1109 1536 1333 1589 veniunt.
1352 1564 1425 1576 —
1452 1534 1635 1605 Nuper
1662 1534 1815 1589 valde
1837 1550 1933 1588 vos
1961 1533 2161 1604 pupugi

582 1626 651 1681 de
679 1624 901 1679 theatris
924 1635 979 1678 et
1007 1624 1075 1680 de
1102 1624 1441 1695 equestribus
1472 1626 1609 1680 ludis
1639 1625 1861 1695 loquens
1893 1641 1908 1679 :
1936 1622 2163 1694 ideoque

580 1717 733 1772 hetor
759 1725 812 1770 et
835 1716 1045 1772 exsulto
1072 1715 1363 1772 secundum
1389 1718 1736 1787 apostolicam
1765 1732 1949 1773 vocem
1978 1716 2162 1772 dicen-

582 1818 691 1861 tem
722 1826 734 1859 :
758 1805 833 1861 Et
860 1808 975 1878 quis
1001 1818 1074 1861 est
1101 1808 1189 1878 qui
1216 1825 1295 1862 me
1324 1808 1558 1877 letiﬁcet,
1591 1810 1690 1864 nisi
1719 1810 1805 1877 qui
1830 1811 2160 1863 contristatur

579 1914 643 1951 ea:
671 1914 749 1950 me
779 1897 853 1970 (2.
883 1896 1076 1952 σοι-,2.
1099 1897 1202 1967 2)?
1254 1898 1475 1953 Multum
1528 1901 1670 1955 enim
1722 1900 1874 1955 video
1923 1900 2158 1955 fructum

576 2006 642 2043 ex
678 1989 775 2044 hac
818 1989 1028 2043 tristitia
1073 1989 1359 2045 orientem.
1405 1990 1538 2045 Nam
1578 2001 1632 2045 et
1678 1991 1987 2062 pharmaca,
2038 2008 2158 2062 qua:

576 2083 757 2136 ulcera
780 2089 989 2145 sanant,
1018 2081 1167 2152 prius
1185 2083 1405 2138 vulnera
1429 2083 1697 2149 mordent,
1722 2093 1774 2139 et
1801 2093 1928 2140 tunc
1952 2102 1982 2139 a
2008 2086 2156 2140 sanie

576 2171 803 2225 liberant
829 2189 843 2224 :
869 2176 938 2224 ita
964 2181 1018 2226 et
1043 2186 1223 2227 sermo
1248 2173 1337 2243 qui
1365 2172 1663 2229 auditorem
1692 2176 1913 2247 pungit,
1944 2176 2153 2230 initium

574 2262 925 2317 correctionis
952 2262 1095 2318 facit.
1146 2261 1294 2317 Sicut
1335 2266 1477 2318 enim
1520 2265 1573 2320 iu
1614 2267 1931 2336 corporibus
1958 2267 2156 2322 nosuis

573 2367 702 2404 caro
748 2366 869 2421 qua
916 2352 1083 2407 semel
1126 2363 1369 2409 emortua
1412 2364 1517 2422 est,
1550 2371 1655 2409 non
1688 2358 2015 2423 sectionem,
2047 2374 2152 2413 non

575 2442 859 2510 phartnaca
877 2482 893 2504 ,
926 2456 1030 2496 non
1052 2444 1285 2497 cauteria
1307 2445 1498 2507 sentit;
1524 2445 1748 2517 ideoque
1767 2448 1977 2502 etiamsi
2004 2449 2152 2502 innu-

576 2545 724 2587 tnera
767 2531 1139 2599 adhibeantur,
1170 2549 1272 2589 non
1318 2533 1387 2589 ad
1428 2536 1707 2593 sanitatem
1746 2538 1921 2594 redire
1952 2548 2147 2609 potest,

572 2637 700 2677 cum
749 2623 1041 2679 curationis
1092 2623 1298 2679 initium
1336 2634 1392 2680 et
1428 2626 1829 2683 fundamentum
1870 2632 2146 2697 amiserit;

573 2730 693 2783 qua:
719 2728 847 2770 vero
875 2716 1037 2770 sentit
1062 2725 1118 2770 et
1146 2714 1345 2771 ferrum
1362 2726 1414 2773 et
1442 2719 1615 2789 ignem
1639 2730 1692 2775 et
1714 2722 2019 2792 pharmaca.
2043 2724 2152 2779 cito

570 2806 639 2861 ad
669 2806 1028 2861 valetudinem
1050 2807 1273 2863 redierit
1294 2824 1309 2864 ε
1334 2811 1414 2864 sic
1436 2818 1491 2865 et
1517 2812 1569 2865 in
1599 2813 1897 2876 animabus.
1925 2830 2043 2882 qua:
2070 2814 2153 2869 in-

571 2898 800 2967 sensiles
830 2907 977 2960 sunt,
1009 2914 1115 2953 non
1146 2898 1304 2956 facile
1332 2910 1641 2967 mutentur;
1671 2920 1791 2974 qua:
1818 2921 1948 2961 vero
1977 2908 2154 2963 sciunt

571 2998 627 3043 et
654 2988 854 3058 pudore
882 2988 1022 3044 allici
1052 2999 1110 3044 et
1134 2991 1457 3048 erubescere
1480 3008 1543 3049 ac
1570 2994 1757 3051 dolore
1788 3000 1957 3066 premi
1990 3001 2041 3053 in
2073 3001 2154 3055 itt-

570 3078 989 3148 crepationibus,
1005 3080 1293 3135 maximum
1317 3081 1472 3137 nobis
1494 3085 1734 3154 praebent
1749 3099 2145 3159 argumentum,

570 3168 711 3238 quiod
742 3169 849 3224 cito
872 3184 904 3224 a
935 3172 1167 3240 nequitia
1195 3170 1471 3229 destiturze
1498 3176 1623 3230 sint.
1655 3176 1939 3249 Propterea
1964 3181 2153 3239 beatus

570 3260 781 3322 l'aulus,
813 3274 933 3314 cum
965 3260 1077 3315 hare
1104 3262 1283 3327 sciret,
1314 3278 1410 3320 eos
1447 3267 1536 3335 qui
1576 3265 1827 3323 dolebant
1860 3271 2015 3326 valde
2048 3288 2147 3343 ap-

570 3352 846 3421 probabat,
876 3351 1048 3421 deque
1077 3353 1186 3407 illis
1213 3355 1530 3424 lmtahatur;
1572 3359 1640 3412 de
1671 3361 1737 3415 iis
1764 3377 1892 3416 vero
1920 3365 2010 3433 qui
2040 3381 2146 3420 non

571 3443 642 3497 ita
672 3440 845 3498 allecti
876 3451 1052 3508 erant,
1081 3443 1401 3512 dt-Sperabat
1428 3447 1648 3503 dicens:
1676 3448 1777 3516 Qui
1806 3453 1949 3507 nullo
1978 3454 2151 3523 ali'ecti

570 3534 746 3587 dolore
771 3550 823 3587 se
851 3534 1166 3608 tradiderunt
1195 3537 1529 3608 impudicitiar
1547 3583 1563 3606 ,
1592 3541 1645 3595 in
1673 3547 2019 3611 Operationrm
2048 3551 2149 3604 im-

567 3623 833 3677 munditiis
853 3612 1035 3689 ωουιὶἓ,
1059 3626 1112 3703 in
1138 3627 1405 3680 avaritiam
1427 3627 1642 3700 (Ephes.
1663 3633 1717 3688 4.
1745 3636 1856 3704 l9).
1880 3638 1980 3703 Qui
2005 3641 2147 3696 enim

568 3714 755 3769 dolere
802 3716 1015 3778 nescit,
1056 3700 1332 3786 quomodo
1374 3735 1628 3791 umquam
1674 3728 1994 3799 corrigatur.
2045 3733 2146 3788 nisi

569 3808 719 3877 prius
773 3807 903 3862 illud
954 3806 1238 3865 didicerit?
1280 3811 1545 3877 Quoniam
1596 3816 1754 3887 igitur
1778 3819 1880 3875 hoc
1930 3838 1959 3876 a
2000 3827 2151 3883 vobis

566 3911 714 3955 reete
732 3897 927 3953 Enetum
944 3906 1049 3965 est,
1072 3901 1225 3956 valde
1248 3903 1566 3959 centidimus
1587 3922 1683 3977 pro
1702 3910 1922 3967 caritate
1943 3926 2113 3970 vestra
2135 3937 2149 3973 :

565 3991 612 4043 si
640 3990 781 4044 enim
812 3990 1105 4057 alloquium
1135 4007 1297 4045 unum
1328 3990 1398 4048 ita
1428 4008 1526 4050 vos
1552 4000 1857 4063 momordit.
1879 4015 1929 4058 et
1960 4005 2010 4059 in
2038 4016 2151 4062 tan-

569 4093 675 4137 tam
707 4084 1035 4137 anxietatem
1065 4099 1161 4157 vos
1187 4084 1439 4155 coniecit,
1475 4094 1532 4143 ut
1555 4088 1735 4145 animo
1764 4093 2065 4153 deﬁceretis
2094 4110 2149 4156 et

571 4174 957 4239 turbarctnini;
986 4174 1323 4231 manifestum
1356 4189 1439 4233 est
1466 4182 1608 4250 quod
1641 4185 1879 4240 secunda
1911 4198 1966 4242 et
1994 4192 2147 4247 tertia

574 4266 873 4332 addita,.ab
911 4267 1057 4320 omni
1091 4268 1278 4322 morbo
1313 4283 1409 4324 vos
1451 4270 1714 4328 liberabit.
1766 4276 1834 4331 Et
1880 4286 1937 4333 ut
1977 4280 2150 4337 disca.

575 4360 646 4413 tis
672 4373 757 4412 me
784 4372 888 4412 non
920 4357 1071 4413 vobis
1099 4359 1403 4415 adulantem
1437 4361 1550 4419 haec
1574 4363 1782 4427 dicere,
1825 4383 1919 4437 per
1942 4387 2003 4426 ea
2031 4388 2150 4444 qua:

569 4466 737 4519 nuper
754 4450 1071 4505 exhibuistis
1086 4448 1347 4507 dictorum
1365 4466 1665 4511 nostrorum
1691 4462 1967 4518 veritatem
1995 4470 2147 4523 testi-

568 4542 709 4596 lieati
736 4541 883 4595 estis.
914 4541 1124 4597 Etenim
1153 4543 1243 4613 qui
1272 4546 1349 4601 sic
1380 4547 1637 4617 increpati
1667 4550 1889 4609 fueratis
1912 4597 1925 4621 ,
1960 4567 2017 4611 ut
2043 4560 2145 4613 do-

568 4632 751 4687 lerclis
774 4642 827 4686 et
855 4634 1035 4688 animo
1081 4634 1403 4704 deﬁceretis,
1455 4642 1690 4709 proxima
1737 4644 2010 4704 Dominica
2070 4653 2141 4727 (c)

631 4744 704 4804 (η)
743 4743 861 4818 iam
898 4752 1012 4818 tunc
1041 4747 1277 4818 temporis
1304 4746 1538 4818 Leontius
1560 4756 1815 4817 episcopus
1846 4758 2141 4818 Galatarum.

567 4806 673 4881 μω
695 4813 864 4877 autem.
884 4808 1095 4881 vigebat,
1120 4806 1310 4881 quando
1330 4806 2146 4881 episc0pusperegrinus—adieci;

568 4868 667 4922 hu,
692 4869 739 4916 ei
762 4869 944 4926 eOpiam
968 4869 1156 4917 (licendi
1180 4868 1359 4920 facere.

632 4928 704 4989 (ὁ)
747 4928 1033 5001 Necessario
1064 4930 1275 5001 legenda
1296 4941 1409 5001 sunt
1432 4948 1489 5001 ea
1512 4950 1622 5001 quae
1643 4940 1772 4989 circa
1796 4942 1923 4995 hunc
1955 4948 2144 5001 titulum

565 4990 776 5062 diximus
807 4991 853 5037 in
878 4989 1073 5062 Milone.
1100 4992 1304 5062 Multum
1330 4989 1929 5062 tribuitghlontelalconius

564 5052 1616 5139 ti“’2“,§;.?:'°:‘P:i‘}:'t?_3:‘3°_altera
1634 5075 1751 5139 es?
1766 5052 1811 5139 βπ
1824 5052 2040 5139 φῑᾶαὲὶῦ
2062 5052 2147 5134 bid

565 5120 613 5184 8:
651 5111 859 5197 doctqris
893 5111 1537 5197 ltueqi'ltazsisse'v-‘deretur.
1573 5123 1684 5172 Meo
1703 5111 2142 5197 _t':a§r'l_'h'tit}ic}1.§iii

567 5173 804 5254 equmodi
844 5170 966 5221 latro
1002 5174 1481 5254 harltarttslltmreat,
1520 5170 1675 5254 apage

566 5236 756 5281 indices
788 5234 954 5304 harum
990 5236 1211 5307 undecim
1248 5234 1561 5317 bomilia'riltnt'
1679 5234 2143 5317 saltt'éo‘iitittiiTii

566 5307 662 5371 pec
698 5295 1005 5371 gram‘rpatigt
1038 5298 1157 5346 ratio
1188 5310 1393 5351 mustei.
1439 5304 1487 5371 l_d
1512 5308 1671 5371 etiam
1691 5295 1921 5364 ’ma'véiiii
1937 5295 2144 5371 iiiiiuit'é

566 5354 791 5431 lpdicem.
831 5356 1213 5431 Brevitermunc
1245 5371 1409 5431 contra
1444 5354 1581 5416 ludos
1604 5354 2142 5431 subiiciet

562 5416 795 5490 disputat.
810 5418 944 5487 “quod
968 5432 1039 5490 col
1049 5419 1214 5490 uiosius
1223 5430 1273 5469 et
1294 5416 1633 5490 veltetttentius
1652 5416 2142 5490 ὀξίἷὲνᾷηᾶδέ

564 5486 639 5524 ι-τιι
664 5478 899 5587 inMultima
920 5478 1039 5528 ante
1058 5480 1180 5531 haue
1202 5484 1415 5548 homilia,
1438 5504 1547 5552 qua:
1569 5478 1750 5555 legitur
1770 5478 2138 5556 liti,“

564 5550 669 5587 διιιι.
746 5555 881 5587 Am.

562 5550 669 5588 still.
697 5550 881 5588 ηιλττῑι.

606 5551 1019 5678 inquit
1034 5601 1323 5678 Mattlueius,
1336 5610 1474 5678 istam
1491 5612 1701 5663 ultimam
1717 5617 1957 5670 homiliam
1974 5625 2143 5678 habuit

563 5661 791 5743 subitam;
806 5661 1099 5733 l_)0miutcam
1132 5676 1297 5743 autem
1315 5661 1319 5663 ν
1334 5670 1413 5743 hic
1441 5661 1653 5743 appellat:

568 5720 635 5768 lio
656 5722 735 5770 die
742 5725 1015 5812 |ppiscqp'us
1040 5740 1099 5797 ex
1131 5728 1312 5812 Ualallia
1341 5720 2142 5812 habuii'éomaooeiufitieEfii'l‘iifg

568 5790 725 5812 rnnlln
788 5792 899 5812 unh-
921 5799 945 5812 η
971 5800 1158 5812 anan”...
1179 5793 1235 5812 ..:.
1266 5807 1346 5812 κη..
1404 5810 1409 5812 _
1435 5810 1449 5812 μ
1600 5802 1608 5810 .
1646 5810 1651 5812 Α
1794 5806 1803 5812 .
1835 5810 1842 5812 .

563 5790 728 5831 conm
742 5782 1158 5861 “it-Ilitlg—Iit‘pllilllll
1179 5792 1347 5861 videor
1363 5795 1585 5847 docuisse
1599 5782 1821 5853 istautvult
1833 5810 1843 5855 i
1855 5782 2139 5861 ltlniit‘ilt‘tiltfl‘:

539 5840 655 5890 itaut
670 5856 765 5891 uon
777 5843 856 5895 die
874 5845 1129 5913 Uoutiuica,
1142 5854 1230 5903 sed
1242 5840 1447 5907 sabbato
1460 5840 2124 5926 3iiiLIg'ideo;LES'il'iii'iliiii.

2281 718 2423 774 illam
2454 722 2791 795 insequente,
2817 730 3151 800 splendidius
3194 741 3369 812 nobis,
3396 743 3667 803 theatrum
3710 750 3864 807 exhi-

2276 811 2491 881 buistis,
2516 820 2938 877 numerosiorem
2964 838 3288 885 conventum
3311 811 3367 888 et
3388 836 3647 907 majorem
3676 841 3866 897 alacri-

2277 909 2475 969 tatem;
2508 921 2801 980 omoesque
2827 919 3074 985 suspensi
3103 922 3302 989 eratis,
3336 925 3476 982 sicut
3517 927 3861 991 hirundinum

2274 996 2401 1064 pulli
2424 1011 2452 1049 a
2471 997 2599 1054 nido
2626 1003 2940 1070 pendentes,
2960 1019 3014 1064 et
3034 1010 3101 1065 ad
3125 1012 3361 1084 linguam
3386 1028 3623 1077 nostram
3656 1023 3865 1081 inhian-

2275 1092 2375 1138 tes.
2400 1086 2600 1159 Deinde
2622 1094 2742 1160 quia
2777 1095 2926 1151 fratri
2952 1110 3161 1169 nostro,
3189 1106 3277 1173 qui
3300 1124 3364 1162 ex
3387 1108 3593 1167 Galatia
3618 1130 3863 1184 venerat,

2270 1188 2428 1244 quem
2458 1189 2513 1233 et
2544 1192 2760 1251 propter
2801 1187 2970 1256 ipsam
3022 1190 3279 1250 Ecclesia:
3326 1198 3496 1269 legem
3544 1207 3864 1277 peregrinos

2270 1265 2340 1320 ita
2371 1271 2643 1340 suscipere
2663 1275 2944 1344 jubentem
2966 1323 2979 1345 ,
3012 1293 3065 1337 et
3114 1297 3332 1355 propter
3373 1265 3740 1352 venerandam
3773 1315 3860 1355 ca-

2269 1358 2451 1415 nitiem
2484 1361 2895 1430 lmnorubamus.
2922 1372 3095 1427 locum
3126 1380 3388 1438 cessimus
3415 1392 3470 1438 ut
3498 1388 3861 1461 concionare-

2268 1457 2375 1515 tur,
2400 1453 2761 1513 occlamantes
2781 1460 3136 1533 recedebatis,
3159 1472 3393 1539 graviter
3416 1473 3675 1544 ferentes,
3701 1458 3857 1550 quasi

2262 1538 2372 1608 jam
2404 1542 2492 1597 diu
2520 1546 2657 1601 fame
2705 1558 3104 1625 premeremini,
3146 1569 3201 1617 et
3247 1563 3479 1633 linguam
3508 1581 3748 1626 nostram
3791 1577 3859 1627 ita

2266 1642 2537 1690 secantem
2632 1653 2969 1712 exoptantes,
3021 1649 3162 1704 illam
3210 1668 3406 1727 nempe
3458 1657 3857 1731 increpantem,

2266 1737 2607 1796 puogentem,
2636 1732 2873 1789 dolorem
2894 1736 3228 1805 all'erentem,
3260 1744 3487 1816 idipsum
3516 1750 3773 1808 facientes
3798 1774 3862 1811 ac

2264 1817 2306 1870 si
2337 1819 2589 1885 puerulus
2617 1825 2950 1895 verberatus,
2996 1830 3322 1906 increpatus,
3351 1855 3418 1895 ne
3454 1841 3534 1897 sic
3560 1833 3780 1917 quidem
3828 1864 3858 1903 a

2262 1917 2432 1962 matre
2450 1910 2754 1979 absisteret,
2785 1918 2879 1972 sed
2911 1919 3128 1988 plorans
3154 1938 3488 1997 sequeretur,
3516 1910 3860 1994 vestimentis

2262 2000 2446 2053 matris
2462 2000 2528 2054 ab
2550 2003 2714 2060 latere
2742 2006 2971 2077 haerens,
3007 2022 3060 2067 et
3081 2028 3139 2069 se
3174 2019 3531 2091 trahens‘post
3553 2024 3700 2081 illam
3732 2044 3858 2083 eum

2261 2086 2740 2150 lamentationibus.
2763 2096 3051 2169 Propterea
3069 2107 3280 2163 exsolto
3300 2119 3352 2165 et
3373 2086 3545 2183 gestio
3570 2132 3680 2185 pra:
3704 2120 3859 2173 volu-

2262 2188 2423 2246 ptate,
2451 2180 2770 2256 beatumque
2794 2204 2880 2245 me
2909 2206 3029 2248 esse
3058 2197 3290 2264 prmdico
3308 2180 3447 2258 inter
3477 2213 3554 2260 tot
3581 2219 3857 2266 amatores

2259 2269 2603 2339 eoneionans,
2642 2292 2736 2332 vos
2766 2279 2845 2333 sic
2876 2283 3172 2350 pendentes
3198 2287 3400 2348 habens
3427 2308 3459 2349 e
3490 2295 3666 2366 lingua
3708 2317 3852 2355 mea.

2258 2356 2371 2414 Hoc
2399 2362 2527 2416 mihi
2555 2364 2705 2422 radio
2739 2370 2901 2426 solari
2933 2374 3142 2455 dulcius
3169 2388 3284 2447 est,
3315 2382 3417 2439 hoc
3458 2386 3577 2442 luce
3597 2393 3853 2459 suavius;

2258 2449 2360 2507 hoc
2377 2454 2479 2507 vita
2492 2467 2638 2514 certe
2654 2469 2757 2529 est,
2777 2471 2883 2518 tam
2904 2477 3087 2536 gratos
3105 2449 3300 2529 habere
3315 2476 3609 2546 auditores,
3628 2484 3720 2553 qui
3744 2449 3855 2541 non

2256 2544 2417 2598 modo
2441 2547 2715 2618 plaudere,
2734 2553 2826 2609 sed
2851 2558 3013 2613 etiam
3035 2563 3229 2633 corrigi
3258 2568 3461 2635 volunt,
3479 2572 3568 2638 qui
3590 2544 3853 2646 increpati

2255 2648 2361 2688 non
2392 2638 2655 2706 resiliunt,
2678 2642 2773 2699 sed
2794 2645 2864 2719 ad
2887 2646 3251 2721 increpantem
3274 2658 3605 2730 confugiunt.
3630 2638 3759 2723 Ideo
3802 2682 3860 2727 et

2256 2742 2355 2799 ego
2378 2746 2499 2786 cum
2532 2736 2720 2805 majori
2767 2739 3043 2801 alacritate
3086 2762 3181 2803 vos
3206 2751 3577 2825 alloquuturus
3608 2777 3730 2818 sum
3752 2807 3767 2831 ,
3802 2779 3858 2823 et

2257 2836 2427 2923 nuper
2450 2825 2712 2883 dictorum
2740 2833 2990 2903 reliquias
3016 2840 3322 2899 redditurus
3354 2846 3549 2917 hodie;
3598 2825 3857 2927 increpa-

2257 2912 2400 2969 tione
2420 2930 2563 2973 nunc
2578 2920 2816 2987 dimissa.
2830 2941 2894 2980 ne
2905 2942 3086 2985 rursus
3104 2931 3322 3004 ignavos
3344 2912 3858 3005 ineusandostotiim

2257 3003 2334 3059 sis
2349 3005 2599 3063 damnum
2618 3011 2902 3072 aﬂ'eramus
2922 3059 2937 3084 ,
2970 3018 3095 3076 dum
3120 3003 3287 3081 totum
3308 3029 3636 3103 colloquium
3656 3042 3727 3093 ad
3760 3003 3857 3098 eos

2257 3099 2560 3167 arguendos
2578 3102 2929 3164 insumemus.
2959 3111 3179 3169 Etiamsi
3198 3120 3340 3174 enim
3360 3099 3541 3180 nihila
3576 3129 3735 3184 nobis
3766 3134 3856 3187 di—

2257 3183 2491 3256 ceretur,
2522 3194 2572 3248 id
2601 3197 2744 3266 quod
2781 3200 2898 3257 heri
2926 3206 3150 3277 comigit
3194 3214 3325 3267 satis
3367 3226 3512 3271 esset
3539 3220 3607 3275 ad
3635 3238 3732 3277 eos
3760 3228 3854 3297 qui

2257 3296 2381 3353 erga
2410 3283 2819 3354 hippodromum
2848 3293 3058 3352 fuerunt
3084 3309 3137 3354 et
3166 3303 3310 3359 rabie
3335 3305 3625 3379 ducuntur,
3653 3316 3724 3370 ah
3753 3283 3857 3376 h'ac

2257 3372 2628 3447 intempestiva
2657 3387 3092 3454 concupiscentia
3121 3397 3468 3453 avertendos.
3499 3401 3713 3461 Etenim
3745 3424 3857 3464 ca:-

2260 3464 2357 3522 dcs
2387 3467 2439 3521 in
2472 3468 2825 3540 hippodromo
2852 3477 2965 3534 heri
2998 3492 3202 3551 patrata
3240 3486 3338 3558 (a).
3368 3495 3623 3563 tragaadia
3660 3498 3852 3557 urbem

2256 3565 2421 3613 totam
2454 3562 2710 3633 implevit,
2745 3568 3029 3627 mulierum
3061 3576 3258 3633 chorus
3288 3562 3738 3656 cireumattraxit,
3773 3595 3856 3647 in-

2256 3664 2373 3704 rum
2404 3654 2649 3711 lamentis
2675 3658 2853 3730 multis
2880 3663 3138 3733 replevit,
3164 3670 3290 3725 dum
3318 3672 3363 3727 is
3386 3677 3477 3744 qui
3522 3693 3552 3732 a
3598 3654 3855 3742 curribus

2254 3740 2326 3795 ita
2354 3743 2729 3803 miserabiliter
2741 3753 2993 3808 concisus
3018 3766 3071 3811 et
3100 3758 3374 3830 disceptus
3403 3740 3599 3834 tuenti,
3622 3787 3721 3841 per
3737 3791 3855 3831 me—

2253 3830 2399 3886 dium
2442 3836 2691 3904 populum
2728 3846 3163 3908 gestareturJlic
3191 3860 3246 3904 ut
3278 3855 3417 3920 novi,
3452 3859 3541 3925 qui
3587 3830 3856 3930 postridie

2254 3925 2518 3993 nuptiales
2564 3928 2837 3999 lampadas
2884 3948 3212 3995 accensuros
3260 3955 3396 4013 erat,
3433 3963 3554 4003 eum
3590 3925 3853 4023 apparati

2255 4015 2471 4071 thalami
2504 4032 2704 4087 essent,
2739 4033 2789 4078 et
2821 4025 3001 4081 omnia
3032 4030 3095 4082 ad
3130 4034 3348 4102 nuptias
3370 4042 3713 4110 concinnata,
3751 4051 3855 4106 sub

2253 4105 2505 4166 Praetoris
2529 4115 2737 4181 ordine,
2766 4118 2819 4171 in
2849 4120 3028 4175 stadio
3065 4122 3241 4179 locum
3276 4130 3501 4199 habens,
3544 4150 3668 4192 cum
3704 4141 3849 4198 infra

2252 4213 2512 4269 curreret,
2540 4206 2858 4264 instantibus
2880 4212 3078 4284 aurigis
3100 4225 3153 4270 et
3179 4230 3363 4275 mutuo
3388 4233 3853 4304 concertantibus,

2255 4293 2462 4349 medius
2492 4295 2818 4367 interceptus
2839 4343 2855 4367 ,
2888 4304 3175 4361 violentam
3211 4311 3354 4365 illam
3400 4325 3453 4370 et
3485 4293 3853 4380 miserabilem

2256 4395 2481 4438 mortem
2514 4388 2693 4457 subiit,
2726 4393 2900 4460 capite
2927 4405 2982 4449 et
3007 4403 3260 4455 extremis
3292 4406 3549 4464 membris
3566 4412 3849 4473 abscissis.

2324 4477 2377 4531 Ξ.
2430 4479 2672 4538 Vidistin’
2702 4487 3036 4558 hippodromi
3065 4492 3334 4553 fraetum?
3369 4502 3433 4555 Et
3455 4507 3580 4574 quid
3609 4510 3675 4563 ad
3705 4528 3809 4568 nos
3834 4556 3853 4581 ,

2253 4566 2501 4638 inquies,
2530 4576 2617 4643 qui
2649 4591 2860 4632 sursum
2891 4582 3179 4641 sedemus?
3206 4591 3283 4643 Ad
3314 4607 3408 4647 vos
3444 4599 3716 4655 maxime:
3745 4607 3850 4661 nisi

2250 4662 2393 4715 enim
2411 4679 2506 4719 vos
2522 4673 2872 4727 concurrendi
2888 4675 3117 4731 studium
3134 4684 3562 4754 exeilaretis,illa
3584 4693 3718 4747 infra
3737 4714 3851 4753 non

2251 4756 2576 4812 evenissent.
2625 4763 2727 4815 Sed
2757 4780 2823 4818 ne
2852 4782 3039 4823 rursus
3068 4772 3430 4832 molestiorem
3472 4782 3694 4838 reddam
3725 4804 3852 4843 scr-

2250 4862 2462 4903 monem
2492 4862 2546 4905 et
2575 4854 2762 4911 vulnus
2792 4856 3037 4915 refricem
3070 4906 3083 4928 ,
3120 4865 3234 4921 haec
3262 4881 3455 4927 vestrze
3495 4881 3851 4941 conscientia:

2252 4941 2561 5013 relinquens
2587 4987 2600 5011 ,
2635 4964 2805 5016 nuper
2829 4951 3095 5011 dictorum
3127 4960 3378 5029 reliquias
3416 4965 3548 5023 dare
3577 4977 3846 5035 eonahor.

2248 5031 2502 5097 Qumnam
2529 5052 2658 5107 ergo
2684 5056 2851 5110 nuper
2879 5044 3225 5103 direhamus?
3246 5052 3538 5114 Narraham
3568 5062 3848 5127 Christum

2250 5122 2653 5184 iotulamentum
2686 5136 2862 5188 vocari
2903 5136 2921 5206 (
2950 5139 2999 5193 l.
3027 5139 3147 5194 Cor.
3182 5146 3236 5198 5.
3272 5147 3328 5201 ll
3361 5148 3414 5217 ),
3447 5163 3503 5205 ut
3531 5157 3620 5224 qui
3654 5122 3847 5219 omnia

2251 5224 2426 5281 portet
2449 5258 2465 5283 ,
2490 5220 2749 5275 sustineat
2772 5236 2931 5293 atque
2954 5242 3126 5295 geStet
3152 5250 3164 5285 :
3191 5233 3292 5290 hoc
3315 5253 3455 5295 nunc
3482 5220 3677 5299 ex'alio
3708 5266 3851 5319 apo-

2249 5305 2440 5359 Stolico
2490 5309 2634 5364 dicto
2684 5313 3057 5375 demonstrare
3106 5324 3269 5379 volo:
3305 5327 3389 5383 hic
3425 5335 3568 5387 enim
3609 5340 3697 5406 qui
3745 5305 3847 5397 illa

2247 5395 2400 5462 dixit,
2421 5398 2619 5454 dictum
2638 5404 2762 5457 illud
2797 5407 3156 5479 interpretans
3176 5420 3281 5476 ait:
3309 5420 3546 5487 Quicum
3576 5395 3639 5480 sil
3665 5395 3850 5498 splen;

2248 5486 2345 5543 dor
2382 5493 2561 5554 gloria!
2604 5507 2649 5549 et
2695 5501 2859 5563 ﬁgura
2905 5504 3204 5562 sttbstattfia:
3244 5514 3382 5583 ejus,
3418 5528 3624 5586 portans
3665 5530 3851 5581 omnia

2247 5580 2394 5635 verbo
2421 5584 2620 5640 virtutis
2645 5606 2767 5653 sum,
2793 5609 2881 5661 per
2901 5597 3122 5666 seipsum
3146 5606 3495 5673 purgationem
3518 5611 3733 5680 faciens,
3755 5637 3846 5673 se-

2556 5700 2701 5781 etiam
2720 5701 2969 5781 DOiltillit’ﬂ
2982 5711 3225 5781 paschalis
3243 5714 3430 5781 inerant
3448 5719 3543 5770 ludi
3566 5726 3842 5781 Circenses.

2250 5754 2606 5844 rex".
2630 5765 2777 5844 etii")
3128 5754 3845 5844 arant;tssatattn‘s:

2434 5820 2636 5873 theatra.
2665 5827 2733 5876 Cf.
2756 5835 2787 5878 t.
2815 5829 2863 5892 2,
2890 5833 2982 5883 col.
3014 5818 3845 5911 153,’(ΰοὰιιὲῖὶνὶῊῖἱηὶ
