4034 6406
411 397 516 456 513

406 520 537 585 τῶν,
565 520 962 590 διαϐαστάζων.
987 522 1061 577 Οὑ
1085 519 1195 592 γάρ
1221 519 1288 590 δὴ
1313 516 1474 589 μόνον
1497 517 1564 571 ἐκ
1583 516 1678 572 τοῦ
1709 517 1783 588 μὴ
1806 517 1958 579 δντος
1987 516 2068 580 είς

402 606 466 659 τὸ
503 604 638 662 εἶναι
674 611 888 664 ᾶπαντα
921 610 1260 680 παρήγαγεν,
1301 604 1438 659 ἀλλά
1467 605 1563 658 καὶ
1597 603 1902 674 γενομένων
1937 620 2069 674 προ-

405 693 516 746 νοεῖ
535 693 783 766 καθάπερ
807 696 836 748 6
863 692 1200 764 γεγεννηκὼς
1229 691 1392 749 αὑτὸν
1435 691 1641 761 Πατήρ.
1673 691 1764 742 Διὸ
1793 690 1888 743 καὶ
1908 687 2069 742 τοῦτο

401 776 577 848 δηλῶν
604 779 812 850 ἔλεγεν·
843 780 906 835 ’0
925 776 1127 848 Πατήρ
1146 797 1265 849 μου
1285 778 1396 844 ἕως
1416 778 1548 846 ἄρτι
1563 771 1879 846 ἐργάζεται,
1907 774 2070 843 κάγὼ

401 862 729 933 ἐργάζομαι.
769 865 859 920 Διὸ
901 867 996 920 καὶ
1027 865 1225 937 μᾶλλον
1255 864 1480 934 ἐζήτουν
1522 861 1685 916 αὑτὸν
1723 863 1772 914 οί
1817 861 2060 914 Ἰουδαῖοι

402 950 736 1014 ἀποκτεῖναι.
767 952 829 1006 οὑ
859 952 1020 1024 μόνον
1057 955 1142 1008 δτι
1167 951 1290 1006 ἐλυε
1320 951 1381 1004 τὸ
1403 949 1689 1014 σάϐϐατον,
1725 947 1839 1002 ἀλλ’
1867 949 1948 1002 ὅτι
1971 950 2065 1002 καὶ

403 1036 618 1109 Πατέρα
636 1037 802 1091 αὑτοῦ
828 1038 982 1109 ἔλεγε
1005 1040 1096 1094 τὸν
1110 1038 1261 1104 Θεὸν,
1285 1038 1398 1092 ῑσον
1418 1037 1609 1091 ἐαυτὸν
1631 1035 1802 1090 noqu
1824 1036 1900 1108 τῷ
1919 1036 2062 1108 Θεῷ.

473 1121 582 1175 [Ιοῦ
609 1123 760 1197 [384]
787 1125 882 1179 νῦν
909 1125 961 1179 οι
986 1124 1096 1179 τῶν
1136 1122 1428 1196 αἱρετικῶν
1455 1122 1642 1187 παῖδες
1652 1161 1677 1200 .,
1711 1124 1761 1177 οί
1791 1122 1934 1178 κατὰ
1963 1123 2065 1193 τῆς

399 1208 608 1265 ἑαυτῶν
636 1212 950 1284 μαινόμενοι
989 1212 1280 1282 σωτηρίας,
1313 1212 1406 1265 καὶ
1436 1210 1538 1282 τῆς
1569 1211 1812 1282 ἰσότητος
1836 1205 2061 1281 ἀποσχί-

399 1294 587 1363 ζοντες
627 1295 792 1352 αὑτὸν
836 1297 936 1368 τῆς
979 1297 1115 1369 πρὸς
1156 1297 1248 1350 τὸν
1299 1296 1558 1369 Πατέρας
1591 1298 1940 1352 ἀκουέτωσαν
1965 1296 2062 1352 τοῦ

397 1382 780 1452 εὐαγγελιστοῦ
802 1385 902 1456 τὴν
919 1386 1102 1456 φωνήν
1124 1385 1272 1454 (ὅταν
1298 1385 1357 1439 δὲ
1372 1385 1464 1440 τὸν
1486 1386 1876 1456 εὐαγγελιστην
1898 1386 2057 1452 εῖπω,

397 1469 491 1523 τὸν
535 1470 768 1542 Χριστὸν
807 1473 951 1542 λέγω
999 1473 1093 1526 τὸν
1145 1473 1398 1529 κινοῦντα
1443 1474 1610 1528 αὑτοῦ
1658 1473 1760 1544 τὴν
1803 1474 2018 1548 ψυχήν)
2042 1491 2058 1507 ο

397 1557 749 1612 άκουέτωσαν
771 1599 787 1622 ,
838 1561 933 1613 καὶ
985 1561 1446 1632 ἐντραπήτωσαν,
1507 1562 1604 1615 καὶ
1659 1561 2061 1616 παυσάσθωσαν

395 1641 618 1696 τοιαῦτα
641 1645 975 1715 μαινόμενοι.
1008 1646 1117 1699 Καὶ
1143 1646 1251 1718 γάρ
1273 1648 1324 1701 οί
1361 1647 1602 1702 Ἰουδαῖοι
1622 1647 1710 1702 διὰ.
1723 1648 1884 1702 τοῦτο
1899 1649 2060 1702 αὑτὸν

395 1727 638 1794 ἐδίωκον,
689 1731 773 1784 ὅτι
820 1732 930 1785 ἴσον
968 1731 1161 1786 ἐαυτὸν
1213 1733 1366 1803 ελεγε
1387 1749 1404 1765 ο
1435 1735 1530 1788 καὶ
1566 1730 1712 1789 οῦτοι
1760 1735 1849 1790 διὰ
1898 1734 2058 1790 τοῦτο

394 1813 851 1886 ἁπαγχονίζονται
877 1859 893 1885 ,
935 1819 1018 1873 ὅτι
1047 1819 1249 1890 ταύτην
1290 1822 1632 1892 ἀναφέρομεν
1669 1822 1818 1893 αὐτῷ
1845 1822 1942 1894 τὴν
1970 1823 2058 1877 εὑ·

395 1902 610 1972 φημίαν
638 1904 768 1976 παρ’
798 1904 966 1958 αὑτοῦ
1001 1906 1394 1971 παιδευθέντες.
1443 1907 1579 1961 Ἀλλ’
1603 1909 1702 1963 οὑκ
1735 1909 1921 1974 αὑτοῦ,
1955 1929 2060 1982 φη-

397 1987 504 2052 σὶν,
541 1989 662 2044 οὑδὲ
696 1990 790 2044 τοῦ
824 1992 1209 2061 εὐαγγελιστοῦ
1232 1992 1368 2064 αῦτη
1391 1995 1424 2065 ἡ
1450 1995 1628 2065 ψῆφος
1656 1992 1750 2068 ἦν,
1783 1997 1922 2051 ἀλλά
1948 1999 2058 2052 τῶν

406 2073 694 2130 Ἰουδαίων.
731 2075 985 2131 Μάλιστα
1019 2078 1153 2148 μὲν,
1182 2079 1231 2132 εί
1266 2079 1360 2133 καὶ
1397 2081 1506 2134 τῶν
1538 2081 1808 2136 Ἰουδαίων
1840 2077 1930 2154 ἦν,
1963 2085 2059 2137 καὶ

392 2162 548 2216 τοῦτό
578 2180 670 2216 σου
699 2165 956 2234 μέγιστον
981 2165 1232 2238 ἔγκλημα
1259 2169 1356 2222 καὶ
1378 2169 1582 2240 ἐσχάτη
1611 2171 1944 2242 κατηγορία,
1973 2173 2057 2226 δτι

393 2249 538 2320 ἅπερ
577 2251 628 2303 οί
661 2251 976 2323 ἀγνώμονες
1036 2254 1282 2308 Ἰουδαῖοι
1330 2256 1570 2309 συνεῖδον
1601 2257 1710 2310 ἀπὸ
1739 2258 1848 2313 τῶν
1881 2260 2058 2331 ῥημά-

392 2353 500 2390 των
549 2339 1103 2411 κατασκευαζόμενα,
1135 2341 1306 2394 ταῦτα
1348 2342 1512 2405 αὑτὸς
1559 2343 1913 2414 ἐθελοκωφῶν
1961 2347 2057 2417 οὐχ

391 2420 541 2491 ὁρᾷς.
584 2421 660 2474 υὺ
710 2421 818 2494 γὰρ
857 2422 922 2493 δὴ
955 2424 1164 2477 οἴκοθεν
1200 2423 1340 2477 αὑτὰ
1371 2425 1609 2494 είσῆγον,
1641 2426 1756 2479 ἀλλ’
1793 2428 1886 2496 ἀφ’
1925 2421 2000 2482 ὧν
2025 2431 2056 2484 6

392 2505 626 2576 Χριστὸς
668 2507 822 2576 ἔλεγε
869 2509 1314 2580 συλλογιζόμενος
1359 2511 1580 2577 αὑτούς.
1610 2513 1721 2566 Καὶ
1750 2513 1837 2568 ἵνα
1876 2514 2055 2588 μάθῃς

390 2591 474 2644 ὅτι
501 2591 621 2644 οὐδὲ
661 2593 929 2648 Ἰουδαίων
958 2595 1106 2648 ἐστὶν
1138 2600 1173 2666 ἠ
1203 2595 1345 2662 λέξις
1388 2596 1526 2668 αῦτη
1549 2639 1566 2663 ,
1595 2598 1732 2653 ἀλλὰ
1763 2599 1856 2654 τοῦ
1887 2601 2052 2672 εὐαγ·

389 2677 639 2745 γελιστοῦ
670 2681 766 2732 καὶ
792 2679 971 2750 ψῆφος
1005 2683 1097 2734 καὶ
1121 2683 1278 2753 ῥῆσις
1313 2689 1331 2753 (
1359 2684 1487 2738 ὅταν
1515 2685 1572 2738 δὲ
1599 2686 1739 2740 εῖπω
1763 2687 1856 2740 τοῦ
1889 2689 2052 2757 εὑαγ-

389 2765 659 2833 γελιστοῦ,
705 2767 799 2820 τοῦ
847 2768 1083 2839 Χριστοῦ
1135 2769 1278 2837 λέγω
1306 2770 1398 2824 τοῦ
1440 2771 1710 2836 κινοῦντος
1747 2773 1910 2827 αὑτοῦ
1952 2778 2054 2847 τὴν

388 2851 702 2923 διάνοιαν),
749 2853 888 2908 αὑτὰ
928 2857 997 2908 τά
1030 2857 1252 2928 ῥήματα
1298 2857 1538 2922 ἐξέταζε.
1587 2861 1648 2912 '0
1687 2861 1887 2931 Πατήρ
1909 2880 2050 2932 μου.

388 2941 464 2993 οὐ
492 2940 651 2993 παντί
678 2957 777 2993 που
799 2941 954 3012 δῆλον
974 2943 1066 2995 καὶ
1085 2942 1162 3013 τῷ
1184 2944 1385 3014 σφόδρα
1414 2947 1643 3017 ἀνοήτῳ,
1672 2947 1754 3000 ὅτι
1773 2948 1861 3001 διά
1893 2950 2049 3004 τοῦτο

390 3024 564 3092 εἶπεν,
614 3030 678 3082 '0
708 3029 909 3098 Πατήρ
932 3047 1074 3102 μου,
1103 3030 1190 3084 ἵνα
1215 3032 1344 3085 ῐδιον
1380 3032 1544 3087 αὑτοῦ
1573 3036 1861 3109 ἀποφήνῃς
1896 3038 1970 3090 Τὸ
1995 3037 2054 3092 δὲ

388 3115 688 3183 ἐπαγαγεῖν
735 3115 917 3180 πάλιν,
966 3115 1332 3187 Ἐργάζεται,
1375 3117 1539 3188 κάγὼ
1576 3120 1910 3188 ἐργάζομαι,
1943 3118 2055 3192 ἆρα

387 3201 488 3256 οὑκ
540 3200 764 3271 ἰσότητά
810 3202 927 3254 ἐστι
961 3203 1499 3271 κατασκευάζοντοςς
1538 3207 1672 3258 Οὐδὲ
1720 3206 1828 3277 γάρ
1876 3202 2048 3272 εἶπεν,

392 3286 938 3359 Ἑργάζεταιὲκείνος,
960 3289 1071 3358 ἐγὼ
1093 3289 1152 3343 δὲ
1178 3291 1435 3362 ὑπουργῷ
1456 3289 1792 3364 ’Ἐργάζεται
1824 3295 2048 3360 ἐκεῖνος,

387 3375 498 3443 ἐγὼ
533 3375 592 3429 δὲ
625 3376 1009 3448 ὑπηρετοῦμαι
1032 3395 1046 3408 ·
1079 3378 1478 3445 ἁλλ’,Ὲκεῖνος
1520 3382 1814 3452 ἐργάζεται
1836 3423 1851 3447 ,
1893 3383 2052 3452 κάγὼ

385 3462 709 3534 ἐργάζομαι.
753 3463 913 3536 Ὁρᾷς
939 3464 1057 3529 πῶς
1081 3465 1181 3518 οὑκ
1213 3467 1479 3520 Ἰουδαίων
1498 3463 1566 3539 ἦν
1600 3470 1887 3536 ἀπόφασις,
1917 3471 2052 3526 ἀλλά

385 3549 496 3603 τῶν
527 3551 737 3607 ἐκείνου
773 3551 1032 3621 ῥημάτων
1066 3552 1379 3625 κατασκευὴ
1404 3554 1464 3607 τὸ
1495 3553 1823 3625 λεγόμενονς
1851 3557 1918 3612 Et
1941 3558 2050 3630 γάρ

401 3636 667 3690 Ἰουδαίων
710 3633 780 3709 ἦν
822 3639 1211 3710 πεπλανημένη
1259 3656 1342 3704 τις
1376 3641 1600 3695 ὑπόνοια
1645 3643 1738 3696 καὶ
1766 3642 1945 3713 ψῆφος
1991 3646 2052 3699 τὸ

388 3721 504 3776 ἴσον
523 3723 687 3776 αὑτὸν
719 3728 892 3778 ποιεῖν
931 3725 1008 3795 τῷ
1032 3725 1172 3793 Θεῷ,
1207 3727 1300 3778 καὶ
1338 3727 1500 3789 αὑτὸς
1542 3727 1643 3797 μὲν
1675 3730 1775 3783 οὑκ
1804 3731 2052 3785 ἐϐούλετο

385 3808 543 3860 τοῦτο
567 3808 983 3875 ὑποπτεύεσθαι,
1011 3812 1061 3864 οί
1080 3811 1138 3863 δὲ
1179 3812 1419 3865 Ἰουδαῖοι
1445 3814 1518 3884 μὴ
1546 3814 1867 3886 βουλομένου
1896 3818 2050 3872 τοῦτο

385 3896 554 3949 αὑτοῦ
581 3895 922 3962 ὑπώπτευον,
952 3897 1114 3970 ἕτερα
1141 3898 1492 3963 ὑπονοοῦντες
1534 3904 1662 3972 παρ’
1703 3903 1732 3955 ὃ
1758 3903 1919 3968 αὑτὸς
1954 3921 2052 3958 κα-

383 3983 726 4037 τασκευάσαι
755 3983 1007 4040 ἐϐούλετο
1025 4003 1040 4018 ’
1080 3986 1181 4039 οὑκ
1215 3986 1280 4040 ἂν
1304 3986 1435 4039 αὐτὸ
1465 3988 1646 4041 εἴασεν
1669 3987 1842 4054 οὕτως
1871 3990 2051 4061 ἀδιόρ-

385 4071 555 4123 θωτον
584 4070 614 4123 6
644 4070 1054 4143 εὑαγγελιστὴς,
1084 4071 1199 4125 ἀλλ’
1233 4074 1616 4144 ἐπεσημήνατο
1661 4073 1726 4128 ἂν
1769 4074 1861 4128 καὶ
1897 4072 2048 4131 εἶπεν

385 4157 520 4212 αὑτὸ
556 4159 761 4228 σαφῶς.
798 4159 908 4213 Καὶ
934 4161 1042 4232 γάρ
1075 4161 1197 4226 ἐθος
1223 4163 1405 4226 αὐτοῖς
1435 4163 1593 4216 τοῦτο
1615 4167 1806 4231 ποιεῖν,
1834 4167 1926 4220 καὶ
1947 4167 2046 4222 αὑ-

385 4249 500 4308 τοῖς
524 4246 618 4298 καὶ
649 4245 728 4316 τῷ
761 4246 964 4318 Ἰησοῦο
991 4250 1083 4302 καὶ
1105 4249 1267 4302 τοῦτο
1295 4247 1357 4313 ἐξ
1391 4251 1510 4315 ἐνὸς
1544 4253 1638 4304 καὶ
1666 4252 1919 4320 δευτέρου
1947 4272 2052 4308 πα-

389 4331 752 4403 ραδείγματος
792 4333 1122 4405 πειράσομαι
1162 4336 1289 4406 ὑμῖν
1323 4337 1545 4401 ποιῆσαι
1591 4338 1770 4409 δῆλον,
1811 4342 1890 4394 ὅτι
1923 4344 2050 4396 ὅταν

383 4422 514 4492 εἴπῃ
535 4439 588 4476 τι
614 4426 644 4477 6
664 4424 913 4495 Χριστὸς,
945 4426 1039 4478 καὶ
1067 4425 1266 4498 ἑτέρως
1292 4425 1390 4496 μὲν
1412 4427 1542 4481 αὑτὸ
1571 4427 1700 4499 εῐπῃ
1727 4430 1908 4494 αὑτὸς,
1938 4430 2051 4485 ἐτέ-

389 4526 496 4580 ρως
526 4509 582 4562 δὲ
613 4509 1027 4564 ὑποπτεύσωσιν
1073 4514 1125 4566 οί
1164 4513 1424 4576 Ἰουδαῖοι,
1457 4514 1762 4586 διορθοῦται
1783 4519 1812 4569 6
1831 4519 2048 4587 εὐαγγε-

384 4597 592 4668 λιστὴς.
629 4600 738 4652 Καὶ
768 4600 854 4652 ἵνα
882 4600 1059 4672 μάθῃς
1087 4600 1243 4654 τοῦτο
1273 4602 1479 4671 σαφῶς,
1511 4605 1740 4657 ἄκουσον
1768 4606 1932 4659 αὑτοῦ
1954 4607 2048 4660 τοῦ

397 4685 641 4738 Ἰωάννου
681 4685 813 4740 αὐτὸ
842 4689 999 4744 τοῦτο
1024 4688 1178 4758 δῆλον
1203 4688 1498 4752 ποιοῦντος.
1553 4690 1768 4762 Ἐπειδὴ
1792 4693 1900 4764 γάρ
1936 4694 2048 4746 είσ-

384 4771 547 4842 ῆλθεν
594 4775 674 4836 είς
699 4774 790 4827 τὸν
820 4774 947 4828 ναὸν
995 4774 1089 4828 τοῦ
1113 4775 1270 4839 Θεοῦ,
1301 4778 1395 4830 καὶ
1420 4778 1545 4840 τοὺς
1572 4778 1923 4844 κολλυϐιστάς
1962 4781 2050 4848 ἐξ·⁸

385 4860 545 4913 ἐϐαλε
577 4862 902 4931 φραγέλλιον
932 4863 1183 4934 ποιήσας,
1209 4865 1299 4916 καὶ
1322 4863 1503 4932 ἔλεγεν
1525 4882 1539 4895 ⁸
1564 4870 1658 4935 Μὴ
1697 4869 1914 4923 ποιεῖτε
1944 4871 2050 4924 τὸν

382 4939 552 4997 οἷκον
577 4945 680 4998 τοῦ
710 4947 935 5013 Πατρός
952 4964 1071 5014 μου
1100 4947 1268 4999 οίκον
1301 4946 1586 5016 ἐμπορίου
1615 4967 1628 4980 ο
1656 4952 2045 5022 προσελθόντες

394 5028 441 5078 οί
480 5027 827 5096 Γραμματεῐς
860 5029 952 5081 καὶ
995 5030 1043 5080 οἱ
1091 5029 1373 5098 Φαρισαῖοι
1419 5031 1637 5099 ελεγον
1689 5035 1748 5088 Τί
1797 5036 2051 5105 σημεῖον

387 5107 681 5174 δεικνύεις·
717 5110 880 5178 ἡμῖν,
911 5111 999 5164 ὅτι
1046 5112 1231 5166 ταῦτα
1251 5112 1472 5178 ποιεῖς;
1503 5115 1567 5168 Τί
1587 5109 1678 5168 οὖν
1710 5117 1906 5183 αὑτός;
1931 5120 2050 5173 Λύο

385 5209 534 5248 σατε
576 5197 681 5249 τὸν
712 5197 862 5252 ναόν
892 5197 1140 5264 τοῦτον,
1186 5200 1283 5252 καί
1315 5199 1430 5269 ἐγὼ
1473 5201 1541 5254 ἐν
1568 5202 1766 5270 τρισὶν
1804 5205 2052 5273 ἡμέραις

386 5294 569 5364 ἐγερῶ
612 5298 798 5349 αὐτόν
825 5315 840 5328 ·
881 5300 1007 5369 περὶ
1050 5298 1142 5351 τοῦ
1198 5298 1448 5370 σώματος
1483 5300 1575 5353 τοῦ
1621 5303 1811 5356 ἐαυτοῦ
1854 5303 2046 5370 λέγων.

403 5383 540 5433 Ἀλλ’
571 5385 766 5435 ἐκεῖνοι
798 5385 928 5436 αὑτὸ
967 5387 1026 5437 οὑ
1079 5389 1335 5451 συνεῖδον,
1368 5387 1503 5440 ἀλλά
1528 5388 1580 5440 τί
1608 5406 1774 5457 φάσις
1823 5394 2048 5446 Τεσσα·

381 5468 644 5536 ράιιοντα
667 5471 764 5523 καὶ
790 5469 858 5533 ἐξ
895 5471 1096 5525 ἐτεσιν
1111 5473 1459 5544 ᾠκοδομήθη
1490 5479 1522 5528 ὁ
1555 5477 1698 5543 ναὸς
1729 5474 1926 5544 οὗτος,
1951 5480 2050 5533 καί

387 5557 469 5609 σὺ
497 5555 565 5608 ἐν
580 5559 773 5625 τρίσίν
793 5557 1031 5626 ἡμέραις
1049 5558 1266 5628 ἐγερεῖς
1294 5565 1510 5628 αὺτόν;
1544 5566 1670 5636 περὶ
1696 5567 1789 5618 τοῦ
1803 5567 1930 5620 ναοῦ
1957 5567 2049 5620 τοῦ

405 5648 690 5702 Ἰουδαϊκοῦ
734 5649 830 5702 τοῦ
873 5650 962 5704 διά
1013 5651 1175 5705 λίθων
1216 5656 1721 5726 κατεσκευασμένου
1764 5656 2045 5725 λέγοντεςυ

395 5736 600 5798 ἐκεῖνος
645 5736 748 5808 γάρ
800 5740 1204 5810 τεσσαράκοντα
1256 5744 1345 5794 καὶ
1384 5743 1444 5809 ἓξ
1501 5742 1678 5797 ἔτεσιν
1724 5745 2046 5818 ᾠκοδομήθη

396 5823 534 5892 μειά
568 5821 660 5893 τὴν
685 5825 936 5880 ἐπάνοδον
966 5826 1071 5880 ἀπὸ
1097 5828 1431 5894 Βαϐυλῶνος,
1467 5829 1915 5902 διακωλυομὲνων
1940 5832 2046 5886 τῶν

1198 401 1259 458 S.
1297 397 1584 457 JOANNIS
1618 396 2114 456 CHRYSOSTOMI
2157 393 2478 452 ARCIIIEP.
2517 390 3070 450 CONSTANTINOP.

3745 377 3843 433 5H

2179 509 2603 582 οἰκοδομούντων
2631 507 2735 562 ὑπὸ
2761 508 2862 576 τῆς
2897 502 3239 577 βαρϐαρικῆς
3263 499 3579 570 ἐπιϐουλῆς.
3613 501 3709 552 καὶ
3731 502 3852 570 χρά-

2174 613 2264 651 νου
2291 596 2608 667 τριϐομένου
2637 595 2831 648 πολλοῦ
2861 590 3015 656 οὗτος
3057 594 3087 646 6
3123 590 3249 652 ναὸς
3283 587 3642 658 ἀπηρτίζετο.
3697 586 3852 640 Ἐπεὶ

2173 679 2267 737 οῦν
2311 686 2340 738 6
2393 683 2599 756 Ἰησοῦς
2641 682 2766 755 περὶ
2814 682 2909 735 τοῦ
2944 679 3213 751 ’σώματος
3263 675 3357 730 τοῦ
3396 674 3592 728 ἐαυτοῦ
3643 673 3849 742 ἔλεγεν,

2171 771 2266 825 τὸν
2307 770 2539 841 σταυρδν
2590 770 2768 840 δηλῶν
2817 769 2910 823 καὶ⁸
2969 767 3068 838 τὴν
3117 767 3460 820 ἀνάστασιν·
3530 761 3694 815 τοῦτο
3731 763 3847 833 γάρ

2172 860 2288 912 ἐστι
2319 859 2399 924 τὸ,
2427 859 2663 913 Λύσατε
2685 857 2790 912 τὸν
2809 856 2960 911 ναὸν
2989 855 3224 917 τοῦτον,
3256 851 3355 906 καί
3374 852 3446 904 ἐν
3477 849 3679 918 τρισίν
3704 849 3847 919 ήμέ-

2163 964 2301 1015 ραις
2326 943 2511 1015 ἐγερῶ
2553 945 2739 999 αὐτόν
2757 959 2774 976 ο
2805 943 3003 996 ἐκεῖνοι
3030 939 3089 994 δὲ
3114 941 3245 1009 περὶ
3275 937 3370 992 τοῦ
3399 938 3528 994 ναοῦ
3567 936 3665 990 τοῦ
3718 937 3852 990 Ἰουο

2169 1032 2355 1088 δαϊκοῦ
2393 1031 2719 1086 ὑπώπτευον
2741 1047 2756 1062 ·
2800 1030 2924 1084 ὅθεν
2963 1029 3058 1082 καὶ
3105 1028 3292 1097 ἐλεγον
3312 1045 3326 1060 ο
3385 1023 3852 1093 ἢσσαράδιοντα

2169 1120 2268 1175 καί
2305 1120 2375 1185 ἐξ
2420 1119 2626 1175 ἐτεσιν
2663 1117 3014 1187 ᾠκοδομήθη
3053 1119 3086 1172 ό
3110 1115 3261 1180 ναός
3291 1109 3494 1180 οὗτος,
3527 1112 3628 1166 καί
3659 1111 3746 1166 σὺ
3778 1111 3852 1165 ἐν

2167 1206 2364 1274 τρςσίν
2387 1205 2633 1276 ἡμέραις
2659 1204 2880 1277 ἐγερεῖς
2907 1204 3133 1270 αὑτόν;
3161 1201 3311 1275 [585]
3334 1202 3435 1273 δρα
3461 1200 3581 1263 πῶς
3607 1200 3672 1253 οὑ
3707 1216 3849 1270 παρ·

2168 1295 2406 1366 έδραμεν
2437 1293 2625 1367 αὑτὸό
2647 1291 3060 1363 εὑαγγελιστὴς,
3080 1290 3197 1345 ἀλλ’
3213 1291 3458 1362 ἐπήγαγε
3482 1288 3584 1360 τὴν
3615 1287 3849 1360 διόρθωο

2170 1398 2276 1444 σιν,
2321 1381 2526 1450 λέγων’
2569 1380 2837 1446 Ἐκεῖνος
2879 1379 2949 1434 δέ
2990 1378 3164 1450 ἔλεγε
3195 1377 3330 1447 περὶ
3379 1374 3489 1431 τοῦ
3538 1376 3693 1430 ναοῦ
3736 1373 3847 1428 τοῦ

2166 1468 2439 1538 σώματος
2457 1467 2665 1522 αὑτοῦ.
2689 1467 2825 1521 Οὑδέ
2852 1467 2962 1538 γὰρ
2986 1461 3107 1520 εἷπε
3124 1504 3138 1528 ,
3156 1464 3369 1520 Λύσατε
3386 1463 3448 1517 τδ
3473 1463 3635 1533 σῶμα
3659 1461 3844 1524 τοῦτο,

2165 1555 2320 1616 ἀλλά,
2355 1555 2467 1608 Τὸν
2488 1555 2660 1619 ναὸν,
2688 1554 2775 1609 ’ίνα
2793 1555 2941 1627 δείξῃ
2963 1554 3053 1607 τὸν
3071 1552 3204 1606 Θεὸν
3219 1552 3310 1606 τὸν
3329 1551 3583 1606 οἰκοῦντα
3599 1548 3845 1621 [haud]

2165 1641 2363 1696 λύσατε
2396 1641 2488 1696 τὸν
2522 1641 2651 1696 ναὸν
2686 1641 2780 1695 τὸν
2815 1640 2998 1712 πολλῷ
3026 1640 3271 1711 βελτίονα
3290 1638 3386 1692 τοῦ
3427 1635 3744 1692 Ἰουδαϊκοῦ.
3783 1637 3845 1689 '0

2169 1729 2267 1800 μὲν
2299 1728 2406 1800 γάρ
2437 1724 2550 1799 εἶχε
2577 1728 2672 1783 τὸν
2713 1729 2896 1799 νόμον,
2944 1731 2974 1783 6
3002 1728 3059 1782 δὲ
3091 1727 3183 1782 τὸν
3216 1725 3516 1798 νομοθέτην
3538 1741 3552 1754 ο
3581 1725 3609 1778 6
3644 1723 3746 1794 μὲν
3778 1721 3846 1776 τὸ

2165 1817 2401 1886 γράμμα
2432 1815 2494 1868 τὺ
2520 1817 2861 1880 ἀποκτεῖνον,
2895 1816 2924 1868 6
2963 1815 3022 1869 δέ
3051 1814 3114 1868 τδ
3155 1813 3375 1884 πνεῦμα
3408 1812 3468 1870 τὸ
3500 1810 3840 1876 ζωοποιοῦν·

2163 1898 2193 1950 ὁ
2226 1899 2327 1969 μὲν
2355 1899 2456 1957 τὴν
2487 1899 2682 1971 ῥάϐδον
2715 1899 2817 1964 τὴν
2852 1898 3083 1970 Ἀαρὼν,
3109 1900 3138 1952 ό
3163 1897 3222 1950 δὲ
3245 1898 3346 1968 τὴν
3376 1894 3572 1967 ῥάϐδον
3613 1893 3839 1947 Ἰεσσαί.

2242 1982 2801 2056 γὀΰάλινάλλαχοῦτὸ
2817 1987 2910 2040 ἐπὶ
2942 1985 3049 2038 τῶν
3096 1986 3280 2056 ἄρτων
3316 1983 3503 2055 θαῦμα
3547 1983 3842 2051 ποιήσαντι

2163 2071 2380 2144 ἀπάρας
2421 2073 2519 2127 σὺν
2552 2073 2736 2137 αὑτοῖς
2759 2112 2776 2139 ,
2807 2073 3073 2128 διέϐαινεν
3109 2073 3189 2135 είς
3216 2071 3278 2125 τὸ
3317 2070 3515 2142 πέραν,
3555 2070 3653 2122 καὶ
3678 2067 3842 2136 ελεγι

2162 2162 2277 2225 τοῖς
2312 2161 2581 2234 μαθηταῖς
2605 2179 2620 2195 ο
2656 2159 2990 2230 Προσέχετε
3021 2159 3141 2215 ἀπὸ
3172 2159 3284 2228 τῆς
3327 2159 3513 2228 ζύμης
3562 2155 3683 2210 τῶν
3714 2157 3839 2209 tta-

2154 2248 2411 2318 ρισαίων
2435 2249 2535 2303 καί
2563 2249 3001 2304 Σαδδουκαίων.
3044 2249 3106 2302 Οἱ
3138 2248 3196 2301 δὲ
3236 2245 3416 2318 ζύμην
3450 2243 3792 2308 ἀκούσαντες
3823 2280 3841 2306 ,

2162 2334 2290 2404 περὶ
2315 2335 2493 2405 ἀρτων
2512 2335 2831 2389 ὑπώπτευον
2849 2353 2863 2367 ·
2885 2335 3049 2399 αὑτὸς
3077 2335 3134 2388 δέ
3157 2334 3219 2388 οὑ
3251 2333 3380 2404 περὶ
3407 2332 3586 2403 ἄρτων
3616 2329 3836 2398 ἔλεγεν,

2160 2421 2297 2477 ἀλλὰ
2327 2422 2453 2494 περὶ
2471 2422 2574 2492 τῆς
2601 2423 2946 2487 διδασκαλίας
2973 2422 3081 2475 τῷν
3111 2421 3441 2493 Φαρισαίων.
3487 2418 3641 2472 Ἐπεὶ
3673 2417 3788 2488 γὰρ
3810 2427 3842 2457 ι

2160 2507 2333 2572 ἄλλως
2374 2509 2471 2579 μὲν
2505 2508 2664 2572 αὐτὸς
2689 2505 2860 2574 εἶπεν,
2889 2506 3061 2572 ἄλλως
3097 2510 3156 2562 δὲ
3194 2507 3560 2562 ὑπώπτευσαν
3591 2507 3797 2559 ἐκεῖνοι
3821 2541 3839 2570 ,

2158 2595 2261 2666 δρα
2296 2595 2413 2657 πῶς
2440 2594 2745 2666 διορθοῦται
2785 2597 2916 2650 αὑτὸ
2939 2635 2954 2660 ,
2997 2595 3202 2664 λέγων·
3255 2593 3454 2658 Οὕτως
3495 2591 3700 2660 ἀκμὴν
3735 2591 3843 2645 καὶ

2159 2681 2326 2750 ὑμεῖς
2360 2681 2645 2736 ἀσύνετοί
2684 2683 2867 2745 ἐστε;
2902 2684 2975 2737 οὐ
2999 2682 3311 2751 μέμνησθε
3341 2678 3482 2745 τοὺς
3517 2677 3697 2732 πέντε
3725 2676 3840 2745 ἅρ-

2157 2783 2303 2834 τους
2336 2768 2433 2820 καί
2463 2771 2699 2835 πόσους
2739 2769 3028 2838 κοφίνους
3071 2765 3347 2833 ἐλάϐετε,
3388 2765 3487 2820 καί
3517 2764 3659 2828 τοὺς
3682 2764 3846 2818 ἑπτὰ

2158 2852 2377 2921 ἄρτους
2398 2855 2495 2908 καί
2528 2857 2720 2922 πόσας
2751 2854 3052 2924 σπυρίδας
3071 2853 3354 2918 ἐλάϐετε;
3383 2851 3508 2918 πῶς
3538 2853 3613 2904 οὺ
3638 2850 3840 2905 νοεῖτε

2159 2937 2251 2992 ὅτι
2298 2942 2368 2992 ού
2422 2940 2557 3009 περὶ
2608 2940 2802 3010 ἄρτων
2845 2936 3018 2994 εἶπον
3049 2937 3212 3008 ὑμῖν,
3239 2937 3401 2993 ἀλλὰ
3429 2937 3558 3003 περὶ
3596 2933 3712 3001 τῆς
3749 2936 3841 2987 δι·

2157 3023 2492 3093 δασκαλίας
2528 3027 2646 3080 τῶν
2689 3027 3044 3094 Φαρισαίων,
3073 3026 3230 3079 ὥστε
3261 3024 3616 3092 προσέχεινὶ
3665 3025 3840 3095 ὐρᾷς

2160 3110 2276 3175 πῶς
2302 3112 2395 3165 καὶ
2433 3111 2525 3165 ἐπὶ
2554 3112 2647 3166 τοῦ
2678 3113 2806 3166 ναοῦ
2845 3113 2874 3166 6
2909 3112 3297 3182 εὑαγγελιστὴς
3335 3111 3428 3164 καὶ
3465 3109 3703 3163 ἐνταῦθα
3735 3111 3840 3162 αύ-

2156 3197 2248 3260 τὸς
2277 3197 2386 3250 τῶν
2412 3197 2840 3270 πεπλανημένων
2869 3198 3172 3270 διορθοῦται
3207 3198 3306 3269 τὴν
3335 3197 3591 3250 ὑπόνοιαν
3618 3214 3632 3261 ;
3673 3195 3844 3250 Οῦτω

2155 3287 2334 3340 τοίνυν
2372 3286 2466 3341 καὶ
2494 3287 2587 3339 ἐπὶ
2613 3286 2706 3340 τοῦ
2747 3288 2860 3340 ῖσον
2892 3288 3082 3340 ἑαυτὸν
3114 3289 3286 3340 ποιεῖν
3303 3285 3382 3356 τῷ
3412 3283 3530 3354 Θεῷ
3551 3324 3566 3346 ,
3593 3287 3644 3336 εἰ
3667 3285 3840 3349 αὑτὸς

2160 3375 2258 3442 μὲν
2279 3373 2378 3427 οὑκ
2399 3374 2571 3427 ἐποίει
2596 3375 2787 3429 ἐαυτὸν
2816 3375 2928 3428 ἴσον
2950 3376 3026 3445 τῷ
3056 3373 3195 3444 Θεῷ,
3223 3374 3272 3426 οἱ
3297 3373 3352 3426 δὲ
3401 3372 3650 3424 Ἰουδαῖοι
3671 3371 3841 3426 τοῦτο

2159 3459 2477 3514 ὑπώπτευον
2501 3462 2611 3515 ἀπὸ
2639 3462 2746 3516 τῶν
2782 3462 3118 3534 εἰρημένων,
3148 3460 3457 3530 διώρθωσεν
3477 3459 3544 3512 ἀν
3563 3460 3664 3529 τὴν
3695 3459 3836 3512 ὑπόο

2156 3563 2302 3600 νοιαν
2324 3547 2528 3618 ταύτην
2551 3551 2580 3602 ό
2603 3549 3012 3619 εὑαγγελιστὴς,
3044 3546 3138 3601 καὶ
3167 3542 3318 3600 εἶπεν
3340 3547 3422 3599 ὃτι
3461 3546 3704 3610 Ἰουδαῖοι
3732 3547 3839 3616 μὲν

2158 3630 2271 3684 ῐσον
2301 3631 2494 3684 ἐαυτὸν
2524 3629 2771 3701 ἐνόμιζον
2795 3631 2956 3686 αὑτὸν
2985 3632 3158 3683 ποιεῖν
3178 3628 3257 3699 τῷ
3287 3627 3424 3696 Θεῷ,
3452 3627 3613 3689 αὑτὸς
3647 3626 3706 3679 δὲ
3731 3627 3837 3678 οῦκ

2157 3717 2329 3771 ἐποίει
2366 3716 2526 3770 τοῦτο
2563 3718 2684 3771 οὑδὲ
2723 3716 3145 3780 κατεσκεύαζεν.
3173 3718 3288 3770 Ἵνα
3314 3716 3369 3769 δὲ
3393 3717 3484 3768 ἀπ’
3510 3715 3695 3768 αὐτῶν
3722 3712 3838 3766 τῶν

2162 3801 2423 3872 ῥημάτων
2459 3801 2660 3873 μάθῃς,
2685 3800 2769 3853 δτι
2805 3799 2963 3853 τοῦτο
3001 3799 3236 3869 μάλιστα
3265 3797 3517 3851 ἐϐούλετο
3551 3795 3838 3867 πηγνύναι

2157 3888 2216 3939 ἐν
2255 3891 2376 3953 ταῖς
2420 3889 2528 3943 τῶν
2569 3887 2870 3958 ἀνθρώπων
2914 3887 3204 3950 διανοίαις,
3243 3885 3502 3955 ἀνωτέρω
3545 3883 3636 3936 τὸν
3671 3884 3838 3950 λόγον

2158 3975 2448 4047 ἀγάγωμεν
2469 3975 2561 4029 καὶ
2585 3975 2843 4045 μάθωμεν
2876 3975 2927 4027 τί
2949 3991 3078 4026 ποτε
3117 3973 3512 4042 ἐγκαλούμενος
3531 3970 3708 4024 ταῦτα
3732 3972 3841 4024 ἀπ-

2156 4062 2414 4131 ελογεῖτο.
2452 4064 2517 4116 Τί
2547 4062 2664 4116 ποτ’
2700 4059 2793 4116 οὖν
2826 4059 2894 4133 ἦν
2921 4064 3056 4133 ὅπερ
3083 4061 3386 4115 ἐνεκαλεῖτο
3409 4078 3424 4127 ;
3449 4061 3571 4114 Ὀτι
3609 4062 3668 4112 ἐν
3697 4060 3838 4111 σαϐ-

2156 4150 2304 4221 ϐάτῳ
2339 4151 2474 4220 ἔργα
2501 4152 2707 4205 ἐποίει·
2745 4150 2849 4204 Διὰ
2895 4151 3094 4213 τοῦτο,
3123 4151 3286 4218 φησὶν
3309 4190 3324 4215 ,
3351 4150 3602 4203 ἐδίωκον
3638 4148 3838 4200 αὑτὸν

2155 4242 2208 4293 οί
2251 4239 2514 4292 Ἰουδαῖοι
2539 4281 2555 4307 ,
2586 4239 2676 4292 ὅτι
2711 4239 2897 4293 ταῦτα
2929 4239 3116 4292 ἐποίει
3155 4238 3226 4291 ἐν
3263 4236 3556 4301 σαϐϐάτῳ.
3601 4238 3742 4290 Ποῖα
3765 4236 3835 4306 δὴ

2155 4324 2372 4390 ταῦτα;
2418 4327 2539 4380 Ὅτι
2587 4327 2679 4379 τὸν
2717 4327 3084 4396 παραλυτικὸν
3127 4325 3345 4395 ἔσφιγξε
3374 4364 3389 4389 ,
3431 4324 3524 4376 καὶ
3573 4322 3837 4376 ἐκέλευσε

2156 4413 2302 4483 αὑτῷ
2337 4414 2434 4484 τὴν
2464 4414 2650 4484 κλίνην
2679 4413 2864 4467 λαϐεῖν
2900 4415 2991 4466 καὶ
3017 4414 3272 4468 ἀπελθεῖν
3298 4415 3377 4476 είς
3407 4413 3498 4465 τὸν
3533 4409 3701 4467 οἷκον.
3740 4411 3840 4464 Διὸ

2157 4501 2252 4553 καὶ
2281 4499 2588 4569 ἐρωτῶντες
2628 4502 2791 4556 αὑτὸν
2824 4501 3031 4570 ἔλεγον,
3075 4502 3158 4566 τίς
3194 4504 3279 4572 εἴη
3312 4503 3340 4556 6
3380 4499 3643 4564 ἐπιτάξας
3678 4499 3840 4570 αὑτῷ

2156 4586 2326 4640 ταῦτα
2345 4590 2516 4640 ποιεῖν
2537 4587 2594 4638 ἐν
2616 4587 2868 4658 σαϐϐάτῳ
2883 4604 2898 4618 ο
2919 4590 2948 4640 6
2969 4588 3025 4640 δὲ
3046 4587 3170 4655 ἔφη,
3210 4581 3261 4639 '0
3285 4586 3548 4654 ,ποιήσας
3565 4603 3642 4654 με
3664 4585 3835 4655 ὑγιῆ,

2154 4672 2379 4738 ἐκεῖνός
2403 4691 2504 4741 μοι
2535 4670 2734 4727 εἶπεν·
2754 4667 2931 4742 Ἆρον
2957 4672 3071 4741 τὴν
3109 4675 3329 4742 κλίνην
3354 4689 3471 4727 σου
3502 4672 3598 4726 καί
3636 4673 3838 4742 ὕπαγε

2156 4764 2242 4826 εἰς
2264 4761 2369 4814 τὸν
2386 4758 2552 4814 οἶκόν
2575 4778 2712 4815 σου.
2742 4762 2886 4834 Πρὸς
2913 4761 3084 4814 ταῦτα
3108 4761 3571 4833 δυσχεραίνοντες,
3599 4761 3837 4814 ἐδίωκον

2155 4848 2334 4913 αὑτὸν,
2365 4849 2448 4901 ὅτι
2477 4850 2649 4903 ταῦτα
2675 4848 2932 4914 ἐπέταξεν
2963 4851 3020 4902 ἐν
3053 4850 3326 4920 σαϐϐάτῳ,
3359 4851 3496 4920 ὅπερ
3525 4848 3703 4901 ἐδόκει
3745 4849 3837 4901 νό-

2159 4954 2260 5008 μου
2300 4936 2609 5004 παράϐασις
2629 4938 2724 4989 καὶ
2752 4935 2921 5000 λύσις.
2957 4937 3020 4990 Τί
3049 4933 3140 4990 οὖν
3171 4935 3600 5006 ἀπολογούμενος
3628 4938 3657 4988 6
3694 4936 3839 5006 Χρι-

2159 5018 2280 5080 στὸς
2302 5016 2483 5085 λέγεις
2534 5019 2588 5070 '0
2636 5017 2837 5086 Πατήρ
2871 5038 2992 5088 μου
3021 5019 3131 5084 ἕως
3158 5019 3287 5087 άρτι
3313 5017 3632 5087 ἐργάζεται,
3667 5019 3841 5089 κάγὼ

2155 5099 2482 5170 ἐργάζομαι.
2526 5099 2716 5153 Καίτοι
2751 5118 2813 5169 γε
2848 5101 3017 5154 πολλὰ
3064 5102 3225 5172 ἔτερα
3264 5101 3389 5170 ἐνῆν
3432 5104 3624 5165 εἰπεῖν,
3674 5104 3729 5154 εῖ
3769 5120 3838 5171 γε

2157 5187 2595 5258 ἀπολογήσασθαι
2626 5188 2877 5241 ἐϐούλετο
2916 5189 3093 5259 μόνον,
3121 5189 3257 5243 ἀλλὰ
3284 5189 3358 5260 μὴ
3391 5189 3560 5255 δεῖξαι
3590 5191 3689 5260 τὴν
3719 5191 3841 5244 ἱσόα

2157 5291 2313 5343 τητα.
2346 5275 2610 5338 Πολλάκις
2634 5275 2741 5346 γάρ
2764 5274 2926 5347 ἐλύθη
2954 5275 3015 5328 τὸ
3041 5276 3328 5341 σάϐϐατον,
3360 5276 3455 5329 καὶ
3484 5276 3698 5345 πρῶτον
3726 5279 3837 5346 μὲν

2157 5363 2248 5412 ἐπὶ
2279 5363 2374 5432 τῆς
2401 5364 2604 5426 πόλεως
2629 5363 2726 5432 τῆς
2769 5362 3172 5432 Ἱεριχουντίων.
3200 5364 3330 5416 Ὅτε
3354 5364 3462 5431 γάρ
3490 5363 3838 5432 προσέϐαλον

2157 5451 2267 5511 τοῖς
2301 5449 2530 5518 τείχεσιν
2549 5492 2564 5515 ,
2587 5449 2725 5502 ἐτι-τά
2759 5453 2964 5520 ἡμέρας
2987 5450 3296 5503 ἐκελεύοντο
3322 5451 3624 5518 σάλπιγγας
3660 5468 3837 5519 μετα-

2161 5537 2518 5608 χειριζόμενοι
2552 5538 2818 5607 περιιέναι
2849 5540 2915 5591 τὰ
2941 5539 3114 5609 τείχη,
3148 5541 3235 5592 καὶ
3259 5538 3430 5601 οὕτως
3452 5538 3763 5608 κατηνέχθη
3796 5542 3834 5610 ἡ

2222 5839 2243 5866 ⁸
2285 5837 2413 5886 ιἰοτι.
2442 5836 2537 5884 imi
2561 5835 2703 5898 γοὺα
