4034 6402
177 345 286 403 515

178 471 262 522 det
286 469 333 521 in
366 465 595 519 dextera.
614 458 986 533 magnitudinis
1026 458 1082 510 in
1111 456 1323 511 excelsis
1352 452 1370 525 (
1401 450 1559 505 llcbr.
1588 450 1641 504 1.
1672 448 1710 504 5
1733 451 1773 515 ).

176 558 312 625 Quid
341 542 431 613 est
460 554 591 609 illud
616 594 635 621 ,
666 550 929 607 Portam!
950 549 1167 619 [legens
1183 588 1200 615 ,
1225 545 1542 616 gubernans
1562 583 1579 609 ,
1606 540 1779 595 admi-

180 654 440 711 nistrans,
485 647 782 717 imperans,
823 644 1141 707 continens,
1186 641 1426 709 gestans.
1458 635 1575 691 Non
1601 634 1779 689 solum

176 744 316 798 enim
330 757 396 797 ex
416 757 524 795 non
540 737 874 795 exstantibus
885 734 1064 789 omnia
1079 732 1351 803 produxit,
1372 731 1465 785 sed
1484 728 1639 783 factis
1658 742 1780 797 pro-

177 836 340 899 videt,
368 842 431 888 ιιι
455 833 620 888 Pater
637 830 728 901 qui
775 828 921 883 illum
944 826 1147 897 genuit.
1195 823 1322 878 Ideo
1364 822 1467 877 hoc
1493 820 1780 875 declarans

176 927 385 982 dicebat
408 942 425 981 :
445 924 606 980 Pater
621 918 1092 991 mensusqueutodo
1118 925 1381 988 operatur,
1398 923 1445 968 et
1474 929 1567 984 ego
1595 926 1780 982 operor

176 1020 359 1093 (loon.
394 1020 450 1076 5.
480 1018 596 1089 17).
627 1016 859 1086 Ideoque
886 1012 1056 1084 magis
1079 1009 1400 1081 quarrehant
1436 1009 1586 1062 illum
1606 1004 1780 1061 iudici

176 1113 507 1178 interﬁcere,
539 1125 648 1166 non
693 1108 867 1165 solum
897 1107 1021 1177 quis
1052 1102 1303 1160 solvebat
1325 1101 1631 1166 sabbatum,
1682 1098 1778 1153 sed

173 1208 338 1260 etiam
358 1204 486 1276 quia
523 1203 741 1258 Patrem
772 1208 929 1256 suum
965 1197 1180 1254 diccbat
1208 1211 1329 1252 esse
1355 1195 1525 1251 Deum
1549 1234 1567 1262 ,
1601 1209 1781 1265 atqua-

175 1299 286 1354 lem
312 1312 373 1352 se
403 1296 607 1351 faciens
637 1296 770 1349 Deo.

251 1389 444 1444 Contra
468 1388 688 1441 Aricinos
714 1396 762 1440 et
790 1385 1079 1439 Anomwos.
1098 1411 1146 1424 -
1161 1380 1265 1438 Uhi
1293 1394 1435 1436 nunc
1454 1389 1582 1435 sunt
1607 1378 1782 1434 barre-

174 1483 272 1536 tiei
310 1480 402 1552 qui
424 1489 610 1535 contra
629 1479 858 1533 salutem
873 1491 1028 1532 suam
1045 1475 1250 1529 insania
1268 1473 1539 1528 ducuntur
1551 1482 1606 1527 et
1632 1473 1781 1527 illum

175 1573 502 1627 abscindunt
539 1571 609 1625 ab
650 1569 953 1641 :equalitate
991 1582 1114 1623 eum
1167 1566 1326 1622 Patre
1374 1566 1522 1621 suo?
1551 1566 1785 1621 Audiam

175 1664 530 1734 evangelista:
572 1676 761 1720 vocem
789 1659 809 1730 (
837 1675 960 1715 cum
1005 1669 1186 1714 autem
1224 1657 1610 1729 evangelistam
1637 1658 1781 1722 dico,

176 1756 455 1810 Chrisutut
479 1753 603 1808 dico
636 1752 726 1823 qui
775 1751 920 1807 illius
955 1750 1191 1805 animant
1216 1747 1693 1821 movet):audiant
1732 1758 1788 1803 et

176 1847 585 1909 erubescattt,ct
600 1845 672 1899 ita
691 1842 897 1900 fureudi
916 1840 1077 1898 linem
1093 1840 1309 1898 faciant.
1328 1839 1458 1897 Nam
1474 1839 1645 1896 Judzei
1666 1840 1786 1893 ideo

178 1940 358 2009 ipsmn
388 1935 873 2009 persequebantur,
892 1934 1017 2005 quia
1047 1949 1233 2006 parem
1261 1948 1322 1990 se
1350 1933 1565 1989 dixerat
1598 1951 1611 1988 :
1644 1946 1701 1990 et
1731 1932 1785 1990 hi

177 2030 305 2085 ideo
334 2045 395 2085 se
412 2028 565 2099 quasi
581 2027 937 2098 strangulant,
959 2026 1081 2098 quia
1113 2025 1182 2081 ab
1206 2042 1272 2082 eo
1295 2037 1441 2083 recte
1462 2025 1663 2081 dictum
1694 2042 1787 2082 re-

177 2122 429 2184 ferimus,
448 2120 517 2175 ab
546 2120 663 2190 ipso
690 2117 906 2174 eruditi.
937 2119 1009 2173 At
1038 2131 1143 2172 non
1168 2117 1312 2172 illius
1332 2157 1349 2183 ,
1372 2118 1582 2187 inquit,
1613 2133 1789 2190 neque

173 2212 533 2283 evangelista!
557 2220 677 2267 erat
706 2210 821 2265 tunc
848 2210 1139 2276 sententia,
1159 2209 1254 2265 sed
1278 2208 1610 2265 Juda‘orttm.
1647 2209 1712 2265 Et
1741 2212 1789 2267 si

178 2306 264 2359 vel
308 2304 545 2359 maxime
590 2301 897 2358 Judmorum
937 2310 1091 2367 erat,
1144 2300 1252 2357 hoc
1290 2316 1539 2372 magnum
1580 2303 1787 2358 crimen

179 2406 337 2451 tuum
366 2404 453 2451 est.
476 2404 533 2450 et
556 2394 628 2449 de
655 2395 914 2451 extremis
941 2394 1215 2450 accusatio
1233 2433 1250 2459 ,
1276 2394 1421 2465 quod
1452 2408 1517 2449 ea
1544 2410 1665 2465 qua:
1692 2394 1788 2450 in.

178 2489 284 2543 da-i
301 2488 497 2556 ingrati
522 2486 774 2540 videbant
803 2500 871 2541 ex
886 2485 1066 2541 verbis
1080 2485 1198 2556 ejus
1223 2486 1503 2556 consequi,
1526 2498 1579 2541 tu
1594 2497 1791 2557 sponte

181 2592 269 2636 tua
291 2595 474 2635 exeas
505 2595 613 2633 nou
642 2578 809 2633 vides.
829 2576 946 2633 Non
978 2577 1122 2632 enim
1149 2593 1215 2631 cx
1244 2593 1304 2632 se
1334 2576 1790 2645 illainducebant,

179 2672 277 2727 sed
307 2687 375 2725 ex
410 2672 475 2724 iis
521 2684 641 2739 qua:
682 2668 931 2724 Christus
960 2667 1177 2723 dicebat
1222 2667 1561 2737 colligentes.
1616 2671 1795 2739 Atque

183 2778 239 2822 ut
260 2769 447 2821 discas
474 2764 576 2819 hoc
604 2763 807 2818 dictum
840 2777 907 2818 ne
934 2776 1057 2817 esse
1082 2760 1301 2833 quidem
1330 2760 1663 2826 Judaeorum,
1695 2763 1792 2819 sed

180 2861 536 2932 evangelista:
587 2857 789 2913 Chrisu
834 2872 1030 2928 neptpc
1058 2858 1149 2927 qui
1182 2857 1297 2925 ejus
1343 2866 1579 2911 tuentem
1610 2870 1794 2911 move-

183 2954 297 3016 bat,
346 2952 463 3021 ipsa
498 2949 661 3004 verba
690 2947 936 3002 examina
969 2964 983 3001 :
1018 2945 1178 3001 Pater
1204 2963 1363 3001 meus.
1398 2948 1592 3002 Annon
1622 2947 1797 3002 cuivis

184 3046 363 3114 palam
398 3051 504 3107 est,
529 3042 691 3096 etiam
713 3038 1003 3095 admodum
1030 3040 1240 3104 insano,
1261 3040 1409 3093 illum
1426 3039 1547 3095 ideo
1568 3039 1793 3107 dixisse,

189 3136 349 3189 l’nter
388 3150 570 3193 meus.
626 3141 685 3185 ttt
738 3130 1014 3202 proprium
1079 3130 1182 3184 sibi
1243 3130 1587 3188 declararet?
1641 3130 1795 3199 Quod

184 3240 365 3282 autem
388 3226 553 3279 addat
584 3240 790 3283 rursus,
836 3222 1116 3291 Operatnr,
1139 3231 1185 3275 et
1205 3238 1298 3291 ego
1336 3238 1522 3291 aperor
1549 3262 1565 3286 ,
1612 3237 1795 3277 annon

184 3320 556 3391 :t'tlttztlitntem
584 3313 873 3370 iudicantis
899 3321 1026 3369 sunt
1050 3314 1076 3367 7
1100 3312 1218 3369 Non
1237 3313 1565 3379 enim,dixit
1590 3314 1797 3385 Opera-

186 3423 273 3465 tur
293 3411 407 3476 illo,
439 3418 493 3463 et
520 3422 623 3477 ego
652 3405 1040 3470 subministra;
1073 3403 1342 3473 Operatur
1364 3404 1476 3469 ille,
1506 3414 1562 3460 et
1591 3420 1692 3475 ego
1722 3405 1797 3461 illi

185 3502 404 3565 servio;
462 3499 591 3564 sed,
633 3496 727 3552 ille
778 3504 1070 3566 Operatur,
1102 3505 1157 3551 et
1200 3508 1303 3566 ego
1344 3508 1560 3567 operor.
1609 3495 1798 3552 Viden'

185 3592 466 3665 qnonmdo
509 3593 627 3645 lucc
668 3605 775 3645 non
827 3587 1137 3644 Judatoruut
1181 3596 1328 3642 esset
1366 3589 1631 3643 sententia
1657 3631 1673 3655 ,
1702 3589 1798 3645 sed

186 3705 369 3745 sermo
402 3685 473 3740 ab
502 3686 597 3739 illo
630 3685 959 3753 apparatus?
986 3679 1120 3736 Nam
1155 3680 1202 3736 si
1239 3680 1427 3737 fuisset
1467 3681 1556 3736 illa
1578 3681 1798 3737 Judaeo-

188 3798 307 3835 rum
360 3792 595 3834 errones
642 3774 879 3844 suspicio
924 3784 979 3828 et
1023 3773 1317 3840 sententia,
1364 3774 1510 3843 quod
1558 3774 1799 3843 seipsum

187 3874 455 3943 aequalem
486 3868 688 3923 faceret
716 3866 827 3921 Deo
850 3907 865 3931 ,
896 3866 1118 3937 ipseque
1142 3866 1405 3921 noluisset
1432 3865 1553 3921 illos
1579 3867 1649 3920 ita
1675 3880 1796 3922 sus-

189 3965 393 4035 picari;
421 3960 760 4025 Judaaivcro,
790 3958 1031 4013 cumhoc
1059 3958 1175 4028 ipse
1204 3958 1388 4022 nollet,
1414 3958 1517 4014 alia
1538 3959 1798 4029 suspicati

187 4058 444 4115 fuisse.:t,
485 4065 646 4121 quam
690 4048 831 4117 quod
890 4048 980 4103 ille
1023 4048 1266 4103 indicare
1314 4048 1521 4103 vellet:
1557 4064 1664 4105 non
1697 4050 1799 4105 hoc

189 4158 337 4205 certe
369 4148 491 4200 sine
516 4142 858 4199 correctione
902 4141 1122 4197 sivisset
1165 4142 1495 4213 evangelista
1519 4183 1532 4210 ,
1567 4142 1662 4197 sed
1694 4143 1799 4200 hoc

186 4242 551 4313 significasset
578 4246 633 4291 et
680 4235 825 4291 clare
870 4234 1118 4289 dixisset.
1164 4234 1373 4289 Etenim
1405 4234 1480 4288 illi
1513 4234 1583 4289 ita
1624 4234 1800 4292 facere

188 4335 412 4398 solent,
436 4342 492 4385 et
519 4328 678 4384 Jesus
729 4327 845 4398 ipse
891 4340 1146 4397 quoque:
1178 4325 1390 4397 hocque
1414 4340 1480 4381 ex
1525 4341 1634 4381 uno
1659 4328 1800 4382 alte-

191 4442 322 4481 tovc
375 4420 629 4491 exemplo
681 4418 923 4473 conabor
975 4418 1129 4472 vobis
1183 4417 1599 4484 demonstrare;
1653 4420 1797 4490 quod

191 4530 412 4586 nempe,
444 4510 659 4583 quando
688 4510 937 4565 Christus
962 4509 1163 4580 aliquid
1183 4510 1419 4574 dixerit,
1450 4512 1593 4581 quod
1623 4512 1797 4566 Juda-i

189 4623 355 4663 secus
375 4618 539 4675 quam
568 4603 658 4657 ille
679 4602 812 4656 dixit
840 4601 1045 4656 dictum
1067 4602 1433 4671 suspicantur,
1466 4602 1597 4657 illud
1626 4604 1800 4658 corri-

188 4700 270 4769 git
297 4694 638 4766 evangelista
668 4711 684 4749 :
716 4693 858 4763 quod
884 4703 942 4748 ttt
966 4695 1116 4749 clare
1147 4695 1422 4765 intelligas
1445 4736 1460 4759 ,
1484 4696 1609 4749 audi
1634 4696 1799 4751 Joan-

190 4807 316 4846 nem
351 4791 456 4843 hoc
487 4789 660 4857 ipsum
703 4787 1097 4842 declarantem.
1129 4785 1265 4840 Ctttn
1297 4791 1441 4843 enim
1485 4788 1704 4842 intravit
1743 4790 1796 4844 itt

190 4881 456 4949 templum
477 4878 596 4941 Dei,
624 4888 675 4933 et
703 4878 1098 4933 nutntnularios
1119 4879 1350 4948 expulit,
1373 4878 1585 4947 flagello
1610 4879 1753 4935 laeto
1777 4922 1795 4949 ,

188 4976 381 5029 dicens
409 4990 426 5026 τ
461 4969 642 5026 Nolite
681 4972 850 5044 facere
876 4971 1086 5026 domum
1115 4970 1294 5027 Patris
1325 4974 1423 5026 mei
1462 4972 1671 5027 domum
1701 4992 1795 5029 nc-

189 5065 489 5139 gotiationis
517 5063 703 5133 (Jonn.
734 5064 791 5119 2.
819 5061 930 5136 16),
965 5063 1289 5120 accedentes
1317 5064 1527 5121 Scribm
1565 5076 1619 5121 et
1650 5067 1795 5123 Pha-

188 5159 335 5214 risari
366 5155 622 5211 dicebant
654 5173 666 5209 :
702 5155 852 5221 Quod
874 5155 1074 5225 signum
1105 5156 1329 5211 ostendis
1349 5157 1516 5225 nobis,
1539 5159 1660 5228 quia
1688 5159 1797 5215 hcc

190 5251 319 5322 faris
349 5251 375 5304 ?
401 5246 541 5316 Quid
568 5261 699 5317 ergo
729 5246 817 5299 ille
837 5246 861 5299 ?
884 5244 1079 5300 Solvite
1100 5248 1357 5316 templum
1374 5249 1471 5302 ltoc
1494 5291 1510 5314 ,
1541 5259 1587 5301 et
1612 5250 1666 5303 in
1691 5250 1793 5303 tri-

190 5346 281 5397 bus
309 5342 490 5395 diebus
516 5339 748 5394 excitabo
786 5339 918 5392 illud
948 5337 968 5408 (
996 5336 1075 5392 Ib.
1101 5355 1148 5393 υ.
1176 5340 1263 5396 18.
1296 5343 1362 5397 19
1382 5340 1441 5413 );
1472 5341 1540 5396 de
1564 5358 1795 5415 Corpore

189 5449 290 5486 suo
306 5432 520 5485 dicens.
545 5428 742 5482 \‘ermn
769 5429 843 5482 illi
866 5427 966 5482 Itoc
986 5444 1091 5482 non
1125 5431 1531 5497 intellexerunt,
1551 5433 1647 5488 sed
1664 5436 1796 5504 quid

188 5526 419 5580 dicunt?
444 5522 803 5592 Quadraginta
830 5539 920 5575 sea:
942 5522 1092 5577 annis
1118 5524 1429 5592 (edi/iculum
1452 5535 1524 5579 cst
1549 5528 1796 5597 templum

190 5622 304 5681 hoc,
337 5626 384 5671 et
416 5628 470 5669 tu
504 5619 557 5669 in
582 5616 742 5669 tribus
774 5615 949 5668 diebus
970 5616 1213 5673 excitabit
1234 5617 1367 5671 illud
1398 5617 1566 5691 (Ibid.
1592 5635 1642 5675 υ.
1669 5621 1793 5691 20)?

192 5711 255 5765 de
285 5710 491 5778 templo
522 5709 808 5777 loquentes
833 5707 1057 5764 Iudaico
1086 5710 1354 5780 laptdibus
1382 5722 1591 5769 structo
1618 5733 1631 5769 ε
1661 5714 1791 5771 illttd

194 5807 333 5860 enim
364 5802 725 5872 quadraginta
757 5817 852 5859 sex
883 5815 1147 5859 annorum
1178 5806 1356 5877 spatio
1386 5814 1648 5863 structum
1691 5807 1790 5865 luit

610 341 677 399 IX
722 338 1031 406 llOlllLlA,
1074 336 1140 393 IN
1182 334 1412 402 ILLUD,
1456 330 1685 388 PATER
1725 329 1914 385 ΜΕυὸ
1954 328 2183 399 USQUE
2226 326 2416 385 M000
2452 327 2851 400 OPEBATUR,
2895 332 3050 393 πετο.

3378 340 3489 398 514

1888 452 2012 513 post
2036 444 2268 499 reditum
2294 459 2359 500 ex
2389 444 2667 517 Babylone
2686 486 2701 512 ,
2724 447 2852 516 quia
2875 446 2911 502 ii
2940 448 3032 520 qui
3052 450 3390 510 cdificsbaut
3420 471 3487 512 ex

1887 535 2244 591 barbarorum
2280 535 2497 591 insidiis
2522 536 2990 607 impediebantur;
3014 548 3069 597 et
3094 556 3217 597 cum
3248 546 3480 614 multum

1887 628 2146 699 temporis
2166 629 2488 697 efﬂuxisset,
2513 630 2777 701 templum
2802 632 3019 688 tandem
3042 635 3339 704 perfectum
3366 638 3489 693 fuit.

1886 722 2018 789 Quia
2050 722 2210 792 igitur
2228 721 2507 778 Jesus-hoe
2524 722 2595 777 de
2618 736 2849 793 corpore
2876 740 2977 781 suo
3006 725 3241 793 dixerat,
3265 742 3487 783 crucem

1887 824 1940 869 et
1970 814 2427 870 resurrectionem
2456 813 2772 884 signiﬁcans
2802 833 2816 871 :
2850 815 2954 872 hoc
2976 818 3123 873 enim
3151 818 3254 875 sibi
3281 821 3395 875 vult
3424 821 3491 875 il-

1890 904 1979 960 lttd
2006 948 2019 969 ,
2051 904 2248 960 Solvite
2274 906 2518 976 templum
2542 906 2659 973 Itoc,
2684 917 2734 962 ct
2779 908 2834 961 in
2864 910 3028 964 tribus
3058 909 3237 967 diebus
3256 913 3489 968 excitabo

1885 995 2020 1051 illud
2043 1014 2063 1054 :
2086 996 2160 1050 illi
2193 1006 2375 1051 autem
2395 987 2473 1052 de
2513 999 2715 1067 templo
2739 998 2969 1056 Iudaico
2992 1000 3197 1058 dictum
3234 1006 3483 1075 suspica-

1888 1088 2121 1155 bantur;
2152 1100 2485 1160 qttapmpter
2514 1091 2770 1148 dicebant
2797 1109 2813 1149 :
2850 1091 3212 1166 Quadraginta
3235 1112 3326 1151 se:
3345 1099 3497 1151 annis

1885 1181 2199 1248 cdi/icatntn
2224 1190 2297 1235 est
2327 1182 2575 1250 templum
2601 1184 2718 1250 hoc,
2742 1193 2788 1238 ct
2811 1194 2865 1238 tu
2888 1185 2942 1238 in
2966 1186 3126 1240 tribus
3152 1185 3330 1242 diebus
3356 1190 3497 1243 exci-

1887 1274 2017 1327 toln‘s
2043 1272 2217 1327 illud?
2242 1273 2365 1329 vide
2391 1275 2664 1345 quomodo
2694 1276 2797 1332 hoc
2838 1293 2946 1333 non
2988 1281 3285 1348 praterivit
3334 1296 3503 1337 evan-

1886 1368 2075 1437 gelista
2102 1409 2119 1434 ,
2153 1366 2248 1422 sed
2306 1370 2703 1426 correctionem
2755 1370 3081 1443 subjunxit,
3122 1372 3355 1430 dicens:
3391 1373 3497 1431 Ille

1886 1470 2055 1514 autem
2084 1459 2386 1530 loquebatur
2412 1461 2477 1515 de
2504 1464 2695 1533 tentplo
2720 1466 2955 1536 corporis
2977 1466 3059 1521 sui
3091 1465 3279 1540 (latin.
3302 1469 3356 1523 2.
3375 1470 3497 1540 21).

1887 1549 2073 1621 Neque
2099 1551 2243 1607 enim
2270 1552 2524 1619 dixerat,
2554 1552 2761 1610 Solvite
2787 1570 2990 1628 corpus
3019 1556 3159 1615 hoc:
3188 1560 3305 1625 sed,
3345 1560 3500 1616 Tent-

1889 1645 2034 1714 plum
2063 1685 2081 1711 ,
2123 1654 2182 1700 ut
2235 1644 2628 1702 inhabitantem
2682 1647 2850 1704 Deum
2903 1649 3212 1708 declararet
3240 1670 3256 1711 :
3289 1654 3499 1713 Solvite

1888 1737 2151 1808 templum
2178 1740 2350 1793 multo
2374 1738 2565 1795 melius
2593 1739 2836 1797 Jodaico.
2874 1740 3005 1797 Illud
3032 1744 3176 1799 euint
3200 1747 3374 1821 legem
3400 1752 3501 1808 ha.

1890 1827 2090 1892 bebat.
2122 1830 2227 1884 hoc
2271 1841 2453 1885 autem
2496 1831 2902 1906 legislatotetn;
2936 1833 3063 1896 illud
3113 1842 3323 1898 literam
3366 1861 3491 1915 qmo

1889 1921 2111 1988 occidit,
2137 1922 2240 1981 hoc
2268 1922 2519 1996 spiritum
2548 1931 2639 1999 qui
2675 1931 2951 2000 viviIiCat;
2983 1933 3115 1990 illud
3146 1936 3351 2008 virgam
3375 1940 3485 1994 Aa-

1889 2017 2062 2083 ronis,
2093 2018 2199 2075 hoc
2226 2020 2429 2090 virgam
2449 2020 2639 2078 Jessa'.

1964 2110 2016 2167 3.
2043 2110 2254 2168 Rursus
2273 2114 2399 2170 alibi
2426 2125 2549 2186 post
2570 2132 2769 2187 panum
2799 2118 3119 2176 miraculum
3149 2124 3339 2181 abiens
3368 2141 3494 2184 cum

1892 2202 2023 2270 illis,
2053 2203 2107 2259 in
2130 2204 2418 2262 adversam
2446 2207 2620 2278 ripam
2652 2210 2886 2281 trajecit;
2915 2222 2972 2268 et
3004 2214 3215 2271 diccbat
3245 2217 3487 2289 discipu-

1893 2292 1999 2349 lis:
2028 2294 2288 2351 Attendite
2311 2313 2343 2351 α
2371 2302 2622 2368 fermento
2654 2299 3043 2360 Pltarisavorttm
3082 2316 3130 2361 ct
3175 2307 3502 2367 Sadduca'o-

1893 2402 2011 2439 rum
2044 2387 2063 2458 (
2098 2386 2263 2442 Μαι-ο.
2296 2388 2351 2444 8.
2386 2391 2455 2445 14
2504 2407 2521 2458 ;
2633 2391 2822 2448 Matth.
2851 2395 2941 2451 16.
2974 2398 3009 2452 ὖ
3036 2398 3079 2469 ).
3113 2398 3191 2454 Illi
3222 2417 3354 2456 vero
3382 2402 3500 2459 fer-

1895 2488 2137 2535 mentum
2164 2481 2451 2537 audientes
2475 2482 2544 2538 de
2574 2485 2803 2553 psttibus
2826 2486 2879 2541 id
2906 2488 3012 2543 dici
3040 2492 3496 2560 suspicabantur:

1896 2572 1990 2627 ille
2016 2581 2196 2627 autem
2216 2589 2323 2628 non
2348 2573 2416 2631 de
2434 2576 2664 2644 panibus
2681 2576 3025 2649 loquebatur.
3049 2582 3144 2638 sed
3169 2582 3240 2639 de
3259 2584 3506 2642 doctrina

1898 2662 2298 2721 Pharisaeorum
2345 2665 2480 2735 Quia
2512 2668 2658 2722 enim
2682 2669 2828 2724 aliud
2856 2670 2970 2740 ipse
2995 2671 3229 2743 dixerat,
3258 2676 3404 2731 aliud
3430 2679 3505 2733 illi
3548 2670 3549 2673 “

1898 2756 2319 2826 suspicabantur
2348 2798 2366 2823 ,
2411 2758 2535 2815 vide
2563 2761 2837 2830 quomodo
2866 2761 2916 2817 id
2943 2767 3220 2835 corrigat,
3267 2766 3459 2824 dicens
3485 2783 3504 2825 :

1898 2850 2085 2904 Adhuc
2124 2862 2171 2905 et
2208 2867 2295 2906 ros
2334 2854 2447 2907 sine
2492 2854 2755 2909 intellectu
2803 2857 2922 2910 estis
2945 2858 2972 2911 .’
2999 2874 3101 2912 non
3155 2862 3505 2918 recordamini

1897 2944 2118 3013 quinque
2148 2960 2341 3013 panum
2362 2954 2409 2998 et
2438 2955 2561 3013 qnot
2599 2946 2849 3017 cophinos
2876 2950 3166 3018 suntpsistis
3185 2993 3198 3015 ,
3226 2961 3275 3007 et
3303 2963 3500 3024 septeno

1903 3049 2092 3103 pmmtn
2113 3045 2160 3086 et
2186 3044 2310 3102 quot
2333 3047 2534 3106 spartes
2562 3039 2831 3108 accepistis
2852 3040 2879 3094 ?
2904 3056 3061 3110 quare
3087 3058 3189 3098 non
3210 3044 3500 3117 itttcllt'gitis

1898 3129 2021 3197 quia
2046 3144 2149 3183 non
2178 3128 2243 3182 de
2262 3128 2482 3209 panibus
2503 3130 2616 3184 dixi
2643 3133 2783 3186 vobis
2803 3174 2819 3199 ,
2849 3135 2935 3189 sed
2962 3134 3026 3187 de
3052 3134 3288 3191 doctrina
3311 3137 3507 3193 Phari-

1900 3232 2153 3283 sa'ormn,
2174 3227 2244 3293 nt
2271 3220 2549 3275 attendatis
2575 3224 2593 3291 (
2618 3219 2806 3275 Matth.
2838 3223 2926 3278 15.
2957 3223 3046 3279 16.
3081 3236 3128 3280 et
3156 3227 3243 3282 16.
3274 3227 3390 3302 9)?
3419 3229 3511 3285 γε.

1900 3304 2025 3360 den’
2051 3308 2327 3377 quomodo
2365 3318 2424 3365 et
2453 3311 2599 3365 circa
2636 3314 2895 3382 templum
2937 3318 3265 3388 evangelista
3290 3360 3308 3388 ,
3339 3332 3396 3377 et
3422 3323 3509 3379 hic

1902 3399 2154 3456 Christus
2185 3406 2484 3460 errantium
2507 3407 2874 3478 suspicionem
2900 3402 3169 3486 corrigat?
3196 3417 3289 3472 Sic
3318 3422 3500 3492 itaque

1902 3496 2032 3550 etin
2060 3511 2149 3563 eo,
2172 3499 2317 3568 quod
2356 3514 2415 3554 se
2444 3501 2711 3569 aequalem
2746 3503 2856 3559 Deo
2882 3504 3077 3575 faciat,
3109 3511 3154 3564 si
3188 3512 3281 3568 ille
3302 3529 3409 3569 non
3446 3530 3510 3572 so

1903 3587 2081 3659 ipsum
2103 3590 2364 3659 :equalem
2388 3591 2501 3647 Deo
2516 3594 2755 3661 iecisset,
2773 3597 2869 3653 sed
2890 3597 3061 3656 Judzei
3086 3603 3217 3660 illud
3243 3607 3504 3679 suspicati

1901 3689 2088 3735 essent
2130 3696 2197 3737 ex
2236 3682 2400 3738 dictis
2426 3684 2546 3753 ejus
2572 3702 2587 3743 :
2614 3687 2759 3743 illaut
2786 3692 3152 3763 suSpiciouem
3178 3704 3508 3760 correxisset

1902 3772 2234 3841 evangelista
2292 3775 2629 3847 dixissetque
2680 3778 2901 3838 Iudaeos
2951 3786 3175 3854 quidem
3236 3794 3515 3861 potavisse

1904 3864 2079 3936 ipsum
2108 3880 2168 3920 se
2194 3868 2460 3938 aequalem
2486 3868 2601 3924 Deo
2622 3868 2817 3928 iecisse
2841 3892 2857 3940 ;
2893 3874 3071 3947 ipsum
3104 3895 3234 3937 vero
3259 3898 3433 3955 neque
3460 3887 3511 3943 id

1903 3958 2096 4013 fecisse
2116 3974 2291 4028 neque
2314 3958 2599 4016 indicasse.
2611 3959 2681 4019 Ut
2699 3976 2881 4020 autem
2898 3967 2967 4022 ab
2985 3969 3115 4041 ipsis
3132 3972 3315 4030 verbis
3333 3976 3516 4037 discas

1901 4050 2045 4120 quod
2080 4050 2207 4105 illud
2254 4053 2491 4107 maxime
2535 4054 2588 4107 in
2635 4066 2846 4113 mentes
2882 4058 3165 4117 hominum
3200 4065 3515 4137 imprimere

1904 4143 2157 4211 voluerit,
2179 4160 2487 4201 sermonem
2516 4162 2545 4200 a
2571 4148 2844 4218 prioribus
2874 4166 3215 4213 resumamus
3244 4168 3301 4215 et
3328 4160 3512 4219 disca-

1901 4254 2025 4295 mus
2041 4240 2314 4311 quomodo
2343 4241 2558 4297 tandem
2574 4253 2866 4301 accusatus
2882 4261 3005 4305 sese
3019 4249 3345 4312 defenderit.
3370 4257 3509 4327 Quid

1904 4332 2068 4402 igitur
2086 4342 2204 4387 erat
2235 4332 2363 4388 illud
2386 4332 2454 4389 de
2478 4349 2588 4405 quo
2612 4338 3173 4410 accusabaturYQuod
3199 4346 3252 4401 in
3281 4348 3511 4405 sabbato

1900 4438 2066 4493 opera
2082 4422 2283 4480 faceret
2303 4441 2319 4481 :
2342 4423 2489 4490 Ideo,
2517 4426 2710 4496 inquit,
2723 4427 2871 4482 illum
2891 4428 3068 4486 Ju‘dai
3084 4439 3513 4507 persequebantur

1914 4514 2037 4583 yuod
2070 4516 2178 4568 tunc
2204 4515 2393 4585 faceret
2421 4514 2475 4569 in
2515 4515 2726 4571 sabbato
2755 4517 2773 4587 (
2798 4519 2960 4574 Joan.
2992 4521 3047 4578 5.
3084 4524 3153 4579 16
3180 4524 3222 4597 ).
3252 4526 3512 4597 Quasnam

1902 4604 2037 4660 illa?
2064 4606 2218 4674 Quod
2244 4606 2596 4679 paralyticum
2616 4614 2910 4678 curaverit,
2938 4614 3243 4685 acjusserit
3266 4623 3414 4679 illum
3432 4625 3512 4682 le-

1900 4709 2050 4754 ctum
2074 4715 2229 4754 suum
2249 4702 2494 4772 accipere
2516 4710 2569 4756 et
2594 4703 2813 4757 domum
2831 4705 3005 4763 abire.
3027 4708 3511 4787 ldeointerrogan.

1904 4790 2442 4856 tesillutndicebant,
2475 4793 2597 4862 quis
2626 4804 2773 4851 esset
2803 4797 2892 4867 qui
2925 4796 3273 4870 hmcjuberet
3304 4804 3421 4863 fieri
3455 4810 3510 4868 in

1902 4882 2169 4939 sabbato:
2206 4884 2294 4939 ille
2336 4895 2517 4939 autem
2547 4886 2718 4954 dixit,
2770 4887 2873 4956 Qui
2898 4906 2976 4946 me
3025 4908 3211 4948 sanum
3238 4898 3396 4967 fecit,
3424 4902 3515 4958 ills

1901 4976 2030 5031 mihi
2058 4977 2209 5043 dixit,
2239 4974 2389 5032 Tolle
2414 4977 2600 5032 lectum
2619 4988 2786 5048 luunt,
2814 4992 2861 5035 et
2884 4990 3013 5038 vade
3030 4986 3084 5039 in
3107 4986 3316 5044 domum
3344 5003 3507 5053 tuom.

1904 5070 2196 5140 Propterea
2225 5086 2367 5141 a-gre
2385 5070 2642 5140 ferentes,
2679 5076 3143 5145 persequebantur
3158 5081 3334 5151 illum,
3362 5088 3512 5158 quod

1903 5161 2020 5217 lucc
2036 5163 2251 5231 juberct
2302 5162 2355 5217 in
2387 5164 2633 5230 sabbato,
2667 5165 2811 5235 quod
2844 5167 3130 5226 videbatur
3170 5172 3306 5245 legis
3335 5187 3513 5236 trans-

1902 5258 2111 5325 gressio
2140 5272 2285 5312 esse.
2328 5256 2467 5324 Quid
2495 5272 2626 5327 ergo
2666 5258 2733 5313 ad
2780 5258 3153 5319 defensionem
3181 5280 3336 5325 suam
3378 5272 3512 5331 dicit

1902 5346 2209 5403 Christus?
2251 5346 2408 5403 Pater
2446 5365 2592 5404 meus
2636 5366 2796 5421 usque
2834 5353 2988 5408 modo
3013 5367 3300 5427 operatur,
3341 5373 3391 5417 et
3410 5382 3505 5436 ego

1902 5436 2270 5512 aperoonid.
2302 5458 2349 5495 υ.
2386 5441 2453 5497 Π
2480 5438 2525 5511 ).
2560 5443 2719 5512 Atqui
2748 5444 2914 5499 multa
2942 5446 3045 5502 alia
3072 5448 3253 5507 dicere
3276 5466 3511 5523 poterat,

1902 5533 1946 5586 si
1975 5546 2096 5587 sese
2133 5531 2426 5588 defendere
2453 5542 2659 5589 tantum
2682 5534 2939 5591 voluisset
2964 5579 2979 5601 ,
3010 5554 3111 5596 nec
3144 5544 3511 5613 aequalitatem

1902 5642 2056 5682 suam
2074 5626 2383 5681 ostendere.
2405 5626 2561 5697 Saepe
2580 5643 2811 5695 namque
2832 5630 3066 5685 solutmn
3090 5632 3187 5689 fuit
3202 5636 3507 5702 sabbatum.

1901 5735 1967 5775 ac
2008 5720 2185 5790 primo
2230 5718 2446 5789 quidem
2478 5719 2531 5773 in
2565 5720 2783 5775 civitate
2821 5720 3344 5783 Jcrichuntinornnt.
3375 5731 3509 5788 Cum

1903 5811 2048 5867 enim
2072 5826 2255 5866 muros
2274 5826 2588 5885 oppugnare
2607 5813 2799 5869 vellent
2824 5856 2838 5882 ,
2858 5814 2994 5885 jussi
3024 5829 3149 5875 sunt
3176 5836 3273 5890 per
3303 5837 3513 5899 septem
