4034 6412
575 325 675 375 ,ὶΙῗὶ

572 440 689 493 dies
719 440 855 495 tubis
878 440 1122 494 instructi
1153 439 1378 492 circuire
1409 450 1590 491 muros
1609 476 1625 501 ,
1654 444 1710 489 et
1734 434 1811 489 sic
1841 432 1966 487 urbs
1996 446 2153 486 ever-

574 548 631 585 sa
656 543 739 587 est
769 533 904 599 (λοι.
936 536 969 587 6
1018 534 1092 601 5).
1126 512 1276 597 Quod
1300 539 1476 583 autem
1504 529 1556 581 iu
1586 537 1791 595 septem
1818 525 1922 579 illis
1941 524 2151 587 diebus,

574 622 944 691 undecumque
973 616 1346 691 inc-operimus,
1382 619 1661 673 sabbatum
1694 616 1931 671 incidere
1963 630 2151 668 neces-

573 726 634 766 se
662 715 753 776 sit,
794 714 962 767 cuivis
1012 711 1348 765 nntnifestum
1402 720 1504 764 est.
1560 709 1832 764 Manifesta
1889 721 2019 776 ergo
2073 714 2156 773 est

571 803 771 856 solutio
825 802 1048 856 sabbati.
1079 801 1285 856 Rursus
1324 799 1630 855 circumcidi
1665 798 1824 867 jussit
1878 795 2150 851 hominem

575 905 761 947 octavo
795 894 881 947 die
903 911 915 946 :
939 907 1160 948 necesse
1187 906 1264 946 ρει
1305 891 1390 945 hic
1415 905 1625 959 quoque
1655 887 1935 951 sabbatum
1966 886 2099 940 solvi
2134 901 2148 949 ;

575 1003 693 1037 nam
725 1001 848 1039 eum
878 987 967 1053 qui
997 986 1049 1039 iu
1081 985 1302 1038 sabbato
1332 994 1487 1037 natus
1511 983 1599 1046 sit,
1620 994 1838 1035 necesse
1864 987 1949 1033 est
1970 978 2020 1031 in
2046 978 2151 1030 alio

570 1078 793 1131 Salihato
832 1078 1161 1132 circumcidi.
1208 1074 1521 1131 Sacerdotes
1564 1083 1744 1127 autem
1799 1070 1919 1125 eum
1962 1069 2152 1137 tnajori

572 1166 821 1223 facultate
847 1167 971 1223 illud
988 1167 1284 1229 solvebant,
1301 1180 1488 1220 rursus
1507 1165 1559 1216 iu
1584 1162 1808 1217 sabbato
1828 1160 2148 1215 sacrificium

570 1259 763 1313 oﬂ'erre
788 1260 922 1330 jussi
957 1281 971 1315 '.
1003 1260 1089 1315 ubi
1122 1273 1248 1312 vero
1273 1255 1618 1321 sacrilicimu,
1637 1262 1753 1309 erat
1772 1264 1825 1308 et
1846 1252 2147 1317 excoriare,

574 1368 761 1417 urere,
818 1363 873 1408 ct
922 1351 1077 1405 altari
1141 1351 1457 1419 imponere,
1514 1357 1569 1402 et
1612 1362 1804 1418 aquam
1858 1345 2051 1401 afferre
2098 1352 2183 1422 et‘

574 1442 710 1511 ligna
750 1442 1015 1508 scindere,
1060 1452 1115 1497 et
1153 1441 1364 1495 cineres
1405 1438 1597 1494 eﬂ'erre
1641 1448 1696 1492 et
1739 1437 1840 1491 alia
1881 1440 2042 1490 multa
2070 1434 2146 1489 fa-

571 1551 695 1588 cere
723 1548 943 1589 necesse
967 1544 1116 1600 erat,
1159 1545 1212 1587 et
1239 1532 1317 1588 sic
1345 1531 1625 1586 sabbatum
1661 1529 1891 1583 solvere.
1928 1527 2005 1581 Ad
2040 1531 2153 1580 hasc

569 1638 698 1679 Vero
725 1626 835 1695 ipsa
861 1627 1022 1679 etiam
1068 1624 1269 1678 creatio
1300 1622 1575 1677 sabbatum
1608 1619 1849 1675 solvebat
1874 1635 1887 1671 :
1925 1634 2044 1671 nam
2074 1617 2153 1671 sol

572 1725 825 1784 operatur
860 1716 911 1770 itt
939 1716 1183 1778 sabbato,
1227 1723 1297 1769 et'
1323 1714 1443 1767 luna
1470 1714 1657 1776 currit,
1702 1722 1755 1765 et
1780 1710 2023 1764 diversus
2066 1710 2155 1765 ille

570 1809 847 1864 stellarum
871 1809 1065 1862 chorus
1088 1817 1327 1876 apparet.
1345 1817 1398 1861 et
1422 1806 1565 1860 venti
1582 1804 1730 1867 ﬂant,
1762 1813 1817 1859 et
1841 1802 2016 1857 fontes
2038 1818 2156 1856 sca—

576 1900 799 1962 turiuut,
829 1909 883 1954 et
906 1897 1121 1951 ﬂumina
1154 1898 1344 1962 ﬂuunt,
1366 1911 1512 1950 mare
1542 1904 1931 1958 commovetur,
1954 1895 2159 1947 semina

571 1990 872 2060 germinant
898 1998 951 2043 ct
981 1989 1193 2056 plantae,
1220 1996 1360 2041 terra
1391 1988 1549 2054 parit.
1585 2002 1683 2040 nec
1720 2002 1824 2039 non
1860 1989 2011 2039 hruta
2045 2001 2161 2036 om-

575 2087 683 2142 nia,
709 2081 990 2149 ipsumque.
1020 2078 1294 2133 hOIttittllm
1322 2092 1512 2147 genus.
1543 2075 1839 2145 Numquam
1869 2074 2010 2129 enim
2046 2090 2160 2127 tuu-

576 2171 705 2225 Iiere
727 2172 778 2224 in
804 2169 1025 2223 sabbato
1046 2168 1398 2239 parturiente,
1421 2177 1605 2221 natura
1622 2166 2157 2235 exspectavitlcgem,

576 2262 867 2324 cttlistulit,
896 2260 1067 2316 donec
1095 2260 1374 2314 transisset
1400 2261 1699 2322 sabbatum,
1728 2271 1776 2313 et
1816 2269 1941 2313 tunc
1970 2267 2153 2327 partus

576 2356 980 2418 absolveretur;
1007 2354 1102 2407 scd
1138 2369 1292 2407 suum
1317 2368 1451 2421 opus
1480 2353 1640 2406 etiam
1665 2352 1717 2405 itt
1741 2351 1964 2404 sabbato
1995 2350 2159 2420 perii-

575 2450 771 2503 cicbat.
802 2448 865 2502 Et
890 2461 1140 2516 superine
1170 2461 1383 2515 quoque
1409 2445 1632 2497 virtutes
1662 2443 1715 2497 itt
1741 2444 1963 2497 sabbato
2002 2442 2159 2495 utiui-

574 2548 765 2601 strant,
820 2554 989 2609 neque
1044 2540 1405 2594 intermittunt
1447 2536 1799 2591 ministerium
1852 2551 2027 2589 suum.
2055 2532 2160 2589 Cur

574 2648 749 2700 ergo,
806 2630 891 2685 die
947 2630 1118 2695 mihi,
1172 2646 1294 2684 cum
1352 2637 1430 2682 tot
1487 2628 1567 2682 sui
1611 2627 1927 2681 defendendi
1972 2626 2158 2680 modos

578 2723 819 2787 haberet,
846 2722 987 2775 nullo
1020 2724 1208 2775 horum
1238 2729 1320 2774 est
1350 2734 1498 2782 usus,
1534 2733 1706 2787 neque
1736 2717 1869 2770 dixit
1894 2760 1905 2779 ,
1933 2717 2042 2771 Cur
2070 2732 2158 2772 me

576 2813 838 2867 accusatis
884 2812 1026 2882 quod
1072 2812 1349 2866 sabbatum
1397 2809 1645 2864 solvam?
1684 2808 1989 2863 sacerdotes
2016 2808 2156 2861 enim

577 2906 627 2956 iu
655 2903 870 2957 Jcricho
894 2904 1202 2967 solverunt,
1229 2913 1283 2957 et
1312 2903 1364 2956 in
1396 2903 1595 2972 templo
1622 2901 1835 2954 Solvunt
1869 2918 1882 2953 :
1916 2899 2041 2967 qttid
2072 2915 2159 2953 me

576 2997 841 3050 accusatis
878 2996 1017 3065 quod
1048 2994 1330 3050 sabbatum
1361 2993 1607 3047 solvam?
1633 2992 1713 3047 soi
1746 2992 1887 3046 enim
1922 2990 2079 3043 solvit
2104 2998 2159 3044 et

576 3088 697 3141 luna
731 3099 786 3143 et
811 3088 981 3142 stella:
1008 3095 1062 3143 et
1085 3090 1256 3142 omnis
1279 3094 1546 3150 creatura,
1575 3100 1801 3153 superna
1832 3094 1886 3139 ct
1918 3082 2154 3136 inferna:

574 3178 666 3231 sed
707 3178 789 3233 his
834 3178 1083 3232 omnibus
1128 3177 1307 3231 missis
1345 3176 1409 3229 ad
1458 3176 1669 3229 Patrem
1718 3174 1882 3239 venit,
1934 3173 2155 3227 dicens:

575 3268 731 3322 Pater
757 3285 897 3321 metu
924 3278 1198 3336 aperatur,
1231 3275 1281 3320 et
1308 3283 1400 3336 ego
1431 3282 1635 3333 aperor.
1692 3263 1874 3333 Neque
1910 3264 2053 3317 enim
2099 3276 2159 3315 se

576 3372 777 3416 tantum
804 3360 1096 3416 defendere
1125 3360 1359 3425 volebat,
1392 3358 1488 3413 sed
1528 3358 1687 3413 etiam
1714 3355 1933 3410 honoris
1962 3355 2159 3425 parita-

578 3468 682 3509 tem
712 3454 1018 3510 ostendere.
1065 3453 1189 3508 Ideo
1226 3466 1332 3506 non
1364 3452 1537 3514 dixit,
1569 3450 1814 3519 Operor;
1846 3465 2075 3517 namque
2102 3457 2158 3503 ct

580 3548 693 3617 ipsa
723 3554 908 3600 natura
934 3556 1223 3613 operatur;
1251 3559 1356 3597 non
1386 3543 1530 3597 enim
1570 3540 1661 3595 ille
1686 3550 1803 3594 erat
1838 3556 1902 3595 ex
1945 3549 2160 3594 creatu-

575 3652 753 3690 rarum
785 3649 1007 3691 numero
1032 3653 1045 3689 :
1071 3634 1162 3688 sed
1188 3675 1202 3697 ,
1231 3634 1461 3702 Operor,
1479 3641 1678 3686 nam-et
1705 3632 1862 3686 Pater
1882 3640 2155 3700 operatur.

576 3726 726 3780 illius
752 3717 1044 3780 enituerat
1068 3724 1381 3778 substantia:
1404 3732 1459 3777 et
1483 3722 1780 3790 potestatis.

641 3820 697 3870 4.
726 3816 1063 3884 Quapropter
1090 3826 1196 3869 non
1224 3822 1301 3869 ’κιο
1341 3814 1384 3867 si
1428 3828 1494 3869 ex
1523 3823 1896 3868 creaturarum
1930 3828 2158 3867 numero

573 3916 737 3972 esset,
762 3922 883 3960 sese
912 3904 1176 3970 defendit,
1200 3906 1294 3959 sed
1324 3914 1381 3959 ut
1407 3906 1551 3959 illius
1572 3905 1836 3975 genuinus
1879 3905 2062 3959 Filius.
2089 3905 2157 3960 Et

572 4009 630 4052 ut
651 4000 823 4053 discas
848 3999 961 4052 inec
990 4014 1094 4051 non
1123 4013 1191 4052 ex
1211 4002 1520 4067 conjectura
1546 3999 1685 4052 dicta
1706 3998 1891 4061 fuisse;
1912 3998 2156 4066 discipuli

572 4104 785 4160 quoque
825 4089 1112 4158 aliquando
1142 4089 1425 4144 sabbatum
1467 4090 1766 4153 solverunt,
1812 4104 1934 4142 cum
1978 4090 2156 4156 spicas

573 4183 867 4236 evellercut
898 4196 961 4234 ac
991 4180 1358 4241 comederent,
1405 4189 1459 4232 et
1487 4195 1609 4233 cum
1636 4178 1805 4233 Judmi
1838 4189 2155 4234 accusarent

572 4290 635 4327 ac
667 4273 933 4339 dicerent,
960 4272 1075 4327 Non
1101 4272 1250 4326 vides
1296 4272 1347 4326 in
1378 4272 1600 4325 sabbato
1630 4271 1756 4340 quid
1802 4273 1875 4325 illi
1921 4272 2155 4326 faciant?

571 4380 857 4433 ttumquatu
888 4360 1196 4417 Patrenfibi
1232 4369 1515 4427 memorat,
1545 4361 1641 4416 sed
1662 4361 1789 4431 quid
1818 4360 1985 4417 dicit?
2030 4362 2154 4417 Non

569 4456 758 4525 legistis
794 4454 918 4525 quid
957 4454 1127 4522 fecerit
1173 4453 1334 4505 David
1379 4452 1584 4521 quando
1627 4453 1848 4507 esuriit?
1900 4454 2153 4522 quomodo

569 4544 851 4609 intrauerit,
876 4554 921 4597 et
974 4561 1129 4613 panes
1171 4544 1531 4615 prepositiouis
1584 4544 1874 4604 comederit.
1902 4561 2025 4613 quos
2053 4562 2151 4598 non

570 4634 751 4686 licebat
794 4632 892 4703 ipsi
944 4633 1223 4696 comedere,
1254 4650 1343 4685 nec
1374 4633 1436 4686 iis
1465 4633 1551 4702 qui
1567 4627 1679 4685 cum
1707 4633 1797 4686 illo
1828 4634 2010 4686 erant?
2052 4651 2154 4687 non

570 4724 762 4792 legistis
792 4725 927 4790 quod
961 4723 1242 4777 sacerdotes
1270 4724 1321 4775 in
1367 4724 1554 4791 templo
1582 4725 1842 4777 sabbatum
1870 4725 2084 4790 violant,
2108 4736 2153 4779 et

567 4814 818 4882 inculpoti
843 4824 959 4868 sunt
1009 4812 1221 4882 (Matth.
1252 4815 1339 4868 ii.
1375 4816 1408 4869 ’5
1432 4846 1444 4854 ο
1473 4815 1587 4881 5)?
1621 4814 1806 4869 Viden’
1849 4817 2149 4886 quomodo,

566 4904 780 4974 quando
800 4905 866 4960 de
888 4905 1059 4959 Servis
1080 4906 1171 4959 dat
1204 4909 1492 4971 rationem,
1522 4921 1709 4961 servos
1727 4908 1779 4961 in
1813 4910 2048 4965 medium
2072 4909 2151 4964 af-

615 5120 2015 5143 ...Ἥ-..Ἃ

1282 324 1339 379 S.
1378 320 1653 379 JO.\.\".\'IS
1688 317 2163 376 CIIRYSOSTOMI
2204 316 2520 373 AltCllliii‘.
2563 314 3095 371 (ZONSTANTINOP.

3746 316 3851 371 516

2262 432 2419 496 femi,
2456 429 2709 483 Davidem
2737 441 2789 482 et
2821 429 3133 483 saetu'dotes
3161 446 3176 492 ;
3206 428 3423 498 quando
3452 439 3631 484 autem
3659 428 3731 485 de
3757 452 3816 486 se
3834 473 3851 494 .

2265 523 2509 577 l’atrcm?
2535 521 2687 589 Quod
2715 523 2758 575 si
2777 522 3064 591 aliquando
3081 524 3201 577 aliis
3226 532 3407 575 utat-zr
3424 524 3853 592 deft-usionibna,

2264 623 2318 666 ut
2344 630 2463 667 cum
2515 612 2678 667 dicit:
2725 611 2787 667 Si
2814 613 3459 683 circumcisionemaccipit
3508 615 3682 680 homo,
3730 617 3856 667 milii

2259 704 2601 774 indignemini
2624 745 2639 770 ,
2670 707 2807 773 quod
2847 714 3005 758 totum
3033 707 3288 757 hominem
3332 722 3514 759 sanum
3543 707 3752 776 frceriin
3805 711 3858 760 in

2266 797 2472 851 sabbato
2500 794 2677 867 (Joon.
2704 796 2758 849 7.
2800 794 2936 865 25)?
2962 810 3024 850 ac
3066 811 3300 857 rursum,
3335 798 3460 863 Quis
3486 814 3549 850 ea:
3575 797 3713 851 rubis
3761 811 3857 859 cat,

2264 890 2351 959 qui
2391 905 2491 942 non
2529 888 2690 943 solvat
2734 903 2887 943 oveut
2916 903 3066 942 suam
3113 896 3169 942 et
3196 887 3370 942 berem
3411 888 3567 958 (an.
3605 891 3692 945 15.
3727 891 3862 958 15)?

2268 980 2399 1037 ttihil
2448 980 2683 1035 mirum:
2736 996 2842 1035 non
2870 981 3011 1036 enim
3060 995 3276 1049 Semper
3321 982 3558 1050 loquitur
3599 992 3658 1036 ut
3692 983 3858 1047 licus,

2265 1073 2359 1127 sed
2390 1072 2678 1142 aliquando
2705 1072 2867 1128 etiam
2901 1081 2957 1126 ttt
2990 1072 3171 1137 homo,
3203 1073 3324 1141 quia
3353 1083 3404 1126 et
3439 1073 3578 1127 Deus
3608 1084 3666 1129 et
3692 1073 3860 1128 homo

2265 1171 2400 1218 erat.
2435 1163 2530 1217 Hic
2561 1177 2690 1218 vero
2716 1163 3012 1217 secundum
3058 1163 3374 1233 d'guitatem
3408 1179 3559 1217 suam
3594 1164 3857 1235 loquitur,

2265 1255 2487 1310 dicens:
2521 1254 2679 1309 Pater
2709 1272 2851 1310 meus
2880 1272 3037 1321 usque
3062 1256 3211 1308 modo
3239 1267 3501 1325 operatur,
3534 1269 3581 1309 et
3606 1275 3701 1327 rgo
3730 1274 3857 1327 ape-

2266 1363 2372 1399 ror.
2405 1345 2531 1400 Ideo
2568 1346 2645 1400 ait
2685 1346 3035 1415 evangelista,
3065 1346 3531 1416 Perseqnebantur
3559 1349 3711 1403 illum
3758 1349 3858 1401 .lu—

2270 1437 2406 1503 dzci,
2448 1452 2552 1492 nou
2587 1438 2762 1492 solum
2791 1438 2912 1507 quia
2962 1438 3245 1494 sabbatum
3276 1439 3523 1493 solvebat
3548 1482 3571 1507 ,_
3594 1441 3691 1494 sed
3730 1442 3858 1510 quia

2262 1532 2473 1587 Patrem
2498 1549 2651 1585 suum
2678 1532 2889 1586 dicebat
2911 1532 3098 1597 Deum,
3124 1532 3383 1602 avqnalem
3408 1547 3466 1587 se
3494 1532 3698 1588 faciens
3724 1534 3857 1588 Deo.

2262 1623 2373 1692 Ego
2405 1638 2533 1677 vero
2562 1633 2614 1678 et
2637 1624 2739 1678 hoc
2767 1623 2997 1678 libenter
3026 1622 3339 1678 lia-reticqu
3366 1624 3814 1694 interrogavi-riui
3842 1644 3857 1680 :

2264 1716 2473 1771 l’atreut
2507 1733 2663 1770 suum
2693 1716 2903 1771 dicebat
2949 1717 3137 1779 Deum,
3183 1727 3277 1771 aut
3328 1732 3434 1773 nou
3466 1702 3721 1771 dicebat?
3766 1720 3865 1773 Ju-

2262 1809 2426 1863 daica:
2473 1808 2743 1877 opinionis
2793 1810 2895 1863 hoc
2952 1820 3091 1874 crat,
3147 1818 3240 1863 aut
3290 1811 3571 1864 sententia:
3603 1810 3806 1865 Christi
3836 1812 3863 1865 ?

2266 1899 2482 1953 Etiamsi
2510 1901 2654 1953 enim
2679 1899 2964 1954 admodum
2998 1900 3334 1970 impudenter
3359 1902 3551 1970 egerit,
3571 1915 3601 1954 a
3630 1902 3863 1957 veritate

2261 1992 2619 2046 convincitur.
2648 1993 2885 2055 Dicebat.
2914 1991 3071 2046 Pater
3089 2010 3226 2046 meus
3243 2010 3402 2064 usque
3426 1987 3577 2048 modo
3592 2005 3861 2065 operatur,

2262 2092 2308 2134 et
2336 2099 2424 2154 ego
2456 2100 2636 2153 operor
2655 2100 2675 2137 :
2701 2085 2938 2139 solvebat
2966 2085 3271 2149 Sahbatum,
3297 2095 3389 2139 aut
3416 2102 3521 2140 non
3564 2088 3863 2143 solvebat?

2265 2175 2441 2231 Palam
2467 2189 2548 2231 est
2576 2190 2754 2232 autem
2782 2179 2925 2247 quod
2954 2179 3083 2232 illttd
3111 2179 3381 2234 solveret:
3403 2180 3635 2249 Oper-or,
3661 2183 3862 2251 inquit,

2240 2279 2315 2322 ret
2345 2270 2433 2323 ille
2472 2282 2746 2339 operatur.
2790 2269 2955 2340 Igitur
3004 2281 3251 2326 neutrum
3290 2288 3475 2327 eorum
3507 2290 3573 2329 ex
3600 2274 3866 2345 opinione

2262 2358 2480 2413 Judaica
2496 2370 2631 2421 erat.
2652 2362 2744 2415 sed
2773 2376 2837 2415 ex
2871 2360 3072 2417 Christi
3103 2363 3465 2419 declaratioue
3492 2375 3543 2419 ct
3563 2367 3862 2432 sententia,

2261 2462 2315 2506 et
2337 2453 2476 2523 quod
2504 2454 2738 2509 solveret
2764 2455 3068 2519 sabbatum,
3092 2464 3149 2511 et
3176 2456 3316 2528 quod
3348 2458 3560 2512 Patrem
3588 2473 3746 2513 suum
3776 2460 3866 2513 di-

2261 2554 2411 2597 ceret
2465 2545 2652 2598 Deum.
2690 2544 2973 2612 Quomodo
3015 2562 3164 2615 ergo,
3198 2562 3319 2601 cum
3350 2546 3464 2602 [nec
3492 2564 3555 2602 cx
3588 2550 3866 2604 sententia

2262 2634 2457 2688 Christi
2507 2650 2629 2690 esse
2675 2634 2839 2702 dicat,
2873 2636 3000 2690 illud
3035 2635 3348 2692 Judaeorum
3383 2640 3711 2708 suspicionis
3737 2656 3868 2697 esse

2261 2724 2417 2789 dicis,
2449 2741 2569 2779 cum
2604 2738 2777 2782 tamen
2804 2730 3200 2784 consectarium
3232 2732 3303 2784 sit
3327 2739 3383 2786 et
3406 2732 3529 2786 huic
3556 2742 3706 2788 arcte
3731 2734 3866 2802 jun-

2260 2828 2427 2881 ctum,
2458 2829 2509 2872 et
2531 2820 2691 2873 simili
2719 2819 2877 2873 modo
2902 2822 2970 2875 ab
2993 2824 3321 2893 eVangelista
3350 2826 3665 2880 enuntietur
3689 2828 3711 2878 ?
3734 2826 3867 2882 ll.ec

2260 2924 2457 2979 quippe
2478 2911 2655 2963 omnia
2687 2913 3174 2981 suutevangelistte
3204 2915 3473 2970 enarratio
3493 2955 3507 2976 ,
3534 2917 3868 2984 explicantis

2262 3017 2322 3056 ea
2346 3018 2463 3071 qum
2491 3021 2518 3054 a
2541 3002 2754 3057 Christo
2776 3002 2912 3057 dicta
2939 3015 3083 3057 sunt.
3114 3003 3341 3075 Ideoque
3365 3005 3567 3061 Jttdznis
3590 3023 3865 3064 accusan-

2266 3094 2672 3159 tihus,dicebat,
2702 3094 2842 3163 quod
2868 3109 3327 3165 persequerentur
3346 3098 3515 3165 illum,
3544 3116 3651 3154 nou
3680 3104 3861 3158 solum

2263 3185 2383 3253 quia
2406 3184 2682 3238 sabbatum
2710 3186 2972 3253 solvebat,
2999 3187 3091 3240 sed
3120 3187 3277 3241 etiam
3297 3190 3418 3260 quia
3447 3190 3667 3245 Patrem
3700 3209 3862 3247 suum

2264 3275 2472 3328 dicebat
2497 3276 2684 3342 Deum,
2707 3276 2941 3347 seipsum
2978 3279 3085 3332 Deo
3113 3281 3373 3349 aequalem
3407 3280 3634 3337 faciens.
3656 3283 3863 3339 Verum

2263 3364 2376 3418 inec
2394 3366 2764 3421 luereticoruut
2779 3368 3076 3424 confutatio
3091 3370 3178 3426 hic
3202 3370 3453 3427 idoneum
3473 3385 3528 3427 ct
3545 3391 3829 3446 congruent
3846 3408 3862 3419 -

2233 3491 2236 3495 -
2266 3465 2369 3512 tcm
2402 3455 2560 3510 habet
2592 3459 2747 3512 linem
2781 3477 2795 3511 τ
2826 3460 2870 3513 si
2900 3476 3029 3515 vero
3050 3463 3212 3515 etiam
3245 3463 3454 3519 discere
3481 3467 3680 3534 velitis,
3711 3485 3866 3539 qua-

2264 3563 2386 3601 nam
2413 3548 2481 3602 sit
2500 3551 2743 3617 operatio
2759 3566 2858 3619 qtta
2889 3550 3047 3605 Pater
3065 3565 3337 3622 operatur,
3358 3568 3413 3611 et
3430 3556 3595 3613 Filius
3614 3576 3863 3631 quoque;

2264 3639 2489 3694 dixerim
2522 3655 2641 3695 esse
2677 3642 3067 3711 providentiam
3099 3659 3228 3714 erga
3282 3661 3369 3701 res
3411 3662 3635 3714 omnes,
3665 3666 3863 3708 earum

2264 3734 2723 3787 conservatiOuem
2752 3743 2806 3787 et
2835 3750 3042 3788 curam.
3075 3735 3206 3801 Quae
3232 3738 3373 3791 enim
3402 3738 3655 3795 videntur
3672 3745 3862 3798 omnia

2264 3838 2357 3877 sex
2383 3822 2592 3875 dierum
2622 3826 2793 3893 spatio
2839 3824 2976 3880 facta
3026 3838 3182 3894 sunt,
3220 3827 3283 3881 Et
3309 3832 3551 3898 requievit
3603 3834 3745 3889 Deus
3775 3838 3865 3891 die

2264 3917 2475 3983 septimo
2524 3915 2674 3987 (Gen.
2706 3917 2760 3970 2.
2801 3918 2891 3988 9.);
2926 3920 3259 3988 providentia
3290 3932 3470 3978 autem
3500 3925 3717 3980 illorum
3748 3945 3859 3985 non

2265 4013 2544 4081 requievit.
2606 4011 2753 4067 lianc
2804 4012 2981 4081 itaque
3038 4013 3432 4081 providentiam
3478 4021 3859 4087 operationem

2264 4112 2419 4158 vocat
2464 4103 2710 4158 Christus
2742 4143 2757 4167 ,
2806 4104 2993 4159 dicens
3048 4122 3061 4157 :
3120 4104 3279 4161 Pater
3316 4125 3458 4162 meus
3486 4122 3756 4181 operatur,
3808 4127 3860 4169 et

2262 4216 2353 4269 ego
2382 4216 2583 4267 operor,
2621 4199 2925 4268 providens,
2973 4216 3188 4266 curans,
3246 4203 3437 4273 inquit,
3486 4222 3855 4277 conservans,

2261 4292 2565 4352 continens.
2590 4291 2719 4345 nihil
2748 4293 2931 4346 sitiens
2957 4293 3147 4347 difﬂui.
3168 4296 3482 4367 Dogmatum
3508 4315 3641 4368 ergo
3672 4317 3852 4359 recto-

2263 4398 2381 4437 rum
2412 4383 2868 4439 demoustratioae
2896 4386 2975 4439 vel
2997 4402 3062 4440 ex
3093 4388 3248 4443 dictis
3272 4402 3512 4460 accepta,
3536 4408 3859 4454 accuratqu

2264 4478 2383 4529 vita;
2427 4476 2723 4531 institutum
2770 4487 2824 4531 et
2866 4477 3132 4547 dogmatis
3176 4496 3471 4551 congruum
3527 4485 3799 4545 addamus
3843 4511 3858 4546 :

2261 4568 2692 4636 quandoquidem
2732 4584 2838 4623 non
2890 4570 3086 4624 sufiicit
3130 4573 3287 4627 nobis
3332 4574 3399 4627 ad
3450 4576 3685 4632 salutem
3740 4584 3860 4638 sola

2262 4670 2533 4714 rectorum
2561 4660 2868 4729 dogmatum
2897 4663 3143 4723 scientia.
3177 4664 3271 4719 sed
3300 4681 3437 4734 opus
3457 4678 3542 4722 est
3570 4670 3682 4724 vita
3714 4688 3861 4741 quo-

2259 4768 2363 4823 que
2408 4755 2645 4823 Optima;
2680 4766 2734 4809 ut
2766 4773 2861 4824 per
2901 4757 3079 4812 omnia
3104 4759 3215 4813 Deo
3241 4761 3477 4829 gloriam
3508 4762 3817 4821 referentes
3843 4809 3859 4832 ,

2263 4847 2520 4915 promiss‘a
2557 4848 2693 4901 bona
2723 4864 3151 4915 consequamur:
3176 4852 3260 4905 cui
3292 4852 3460 4922 gloria
3486 4865 3540 4909 et
3564 4855 3857 4927 iutperiuttt

2264 4942 2314 4994 in
2345 4940 2534 4994 sa'cula
2565 4940 2904 4994 smculorum.
2933 4944 3124 4996 Amen.

2023 5128 3853 5161 mm

1925 5225 2273 5290 HOMILIA
2320 5230 2404 5290 Χ.

580 5356 820 5424 Eiusdem
848 5361 1078 5423 Itomitia,
1100 5362 1267 5416 habita
1285 5364 1336 5417 in
1355 5366 1563 5419 ecclesia
1599 5366 1850 5435 Apostoli,
1886 5380 2148 5439 postquam

650 5452 914 5520 episcopus
942 5454 1116 5521 paucis
1135 5456 1457 5510 contionatus
1487 5458 1652 5526 fuerat
1678 5502 1693 5525 ,
1722 5460 1775 5513 in
1805 5461 1933 5513 illud
1962 5479 1981 5515 .'
2008 5463 2146 5519 Mes-

639 5544 713 5596 sis
750 5545 961 5609 quidem
1000 5546 1163 5599 multa
1190 5588 1204 5612 ,
1252 5549 1483 5617 operarii
1512 5562 1686 5605 autem
1726 5552 1881 5621 pauci
1912 5558 1929 5624 (
1958 5552 2140 5609 Matth.

634 5633 688 5686 9.
717 5634 847 5702 37).

637 5725 689 5779 ί.
710 5725 949 5781 Senectus
966 5728 1015 5781 in
1037 5728 1262 5783 Ecclesia
1282 5731 1435 5787 utilis.
1462 5731 1723 5798 Quomodo
1746 5737 1807 5791 sit
1830 5739 2130 5792 etiumutitis

2250 5375 2509 5443 juventus.
2534 5405 2604 5416 —
2633 5376 2844 5431 Vidistis
2870 5392 3054 5434 senem
3086 5381 3332 5436 eumdem
3364 5393 3419 5438 et
3441 5384 3694 5453 juvenem
3719 5404 3733 5451 ;
3759 5404 3848 5443 se-

2258 5482 2378 5521 nem
2419 5482 2644 5534 corpore
2666 5510 2678 5529 .
2718 5468 2969 5537 juvenem
2996 5473 3218 5526 animo?
3249 5473 3453 5529 vidistis
3484 5478 3743 5532 canitiem
3776 5497 3844 5534 vt-

2251 5571 2462 5627 gentem
2501 5570 2553 5612 et
2583 5571 2910 5616 senectutem
2955 5562 3149 5617 robore
3184 5565 3483 5633 vigentem?
3509 5568 3666 5623 Tales
3700 5572 3851 5624 cuin)

2250 5660 2369 5702 sunt
2386 5667 2469 5704 res
2486 5662 2887 5713 nostr-.e,coutra
2903 5671 3059 5724 quam
3072 5657 3209 5725 apud
3227 5667 3495 5713 externos.
3512 5663 3663 5729 Apud
3681 5674 3848 5714 exter-

2246 5754 2343 5795 nos
2383 5743 2521 5796 enim
2553 5758 2800 5799 senectus
2829 5746 3033 5805 inutilis
3057 5764 3174 5818 est;
3210 5761 3264 5805 ut
3290 5753 3441 5805 lttllt'S
3476 5755 3564 5823 qui
3596 5754 3662 5807 ad
3701 5757 3849 5811 illam
