4034 6416
156 418 257 472 fili

150 539 363 584 aetatem
397 532 663 599 pervenit,
698 547 804 586 tton
838 542 1014 602 potest
1038 548 1221 588 arcum
1254 531 1495 598 tendere,
1531 546 1635 586 non
1669 538 1750 585 te-

148 622 257 675 lum
288 623 572 688 emittere,
608 639 715 678 non
747 626 952 679 hastam
985 626 1228 687 vibrare,
1262 639 1435 694 neque
1463 625 1515 679 in
1556 637 1751 693 equum

147 713 543 777 conscendere,
575 732 751 785 neque
779 732 960 773 muros
987 733 1297 787 Oppugnare
1321 760 1336 782 .
1390 732 1566 789 neque
1607 715 1753 771 aliud

144 803 428 874 quidpiam
454 807 717 875 ejusmodi
749 807 924 863 facere
954 824 967 860 :
1000 819 1053 863 et
1078 811 1409 879 gubernator
1433 850 1448 876 ,
1499 823 1620 863 cum
1665 822 1752 863 se-

145 907 337 951 nectus
370 897 510 952 vires
531 900 851 966 attenuavit,
874 915 981 955 non
1013 912 1185 970 potest
1204 900 1357 956 funes
1377 901 1614 967 tendere,
1642 916 1747 955 non

142 990 262 1044 vela
296 991 615 1060 extendere,
638 1008 747 1048 non
779 995 1192 1060 gubernaculum
1228 1004 1479 1061 tractare,
1505 1009 1609 1048 non
1640 994 1750 1049 cla-

140 1096 239 1136 vos
267 1084 585 1149 transferre,
620 1102 727 1143 non
757 1101 879 1142 cum
909 1086 1157 1142 fluctibus
1196 1101 1455 1157 pugnare,
1496 1102 1594 1141 nec
1620 1084 1746 1157 quid

139 1176 323 1230 simile
366 1174 561 1231 facere.
598 1177 806 1232 Rursus
855 1180 1089 1249 agricola
1139 1180 1194 1233 in
1241 1189 1399 1234 tetatc
1444 1180 1598 1233 senili
1640 1194 1747 1233 non

140 1267 311 1323 boves
338 1269 586 1339 jnngere,
622 1286 728 1324 non
758 1282 994 1327 aratrum
1024 1273 1261 1335 trahere,
1291 1289 1397 1328 non
1424 1288 1611 1330 secare
1640 1281 1750 1328 ter-

138 1373 255 1411 ram
290 1369 383 1413 aut
404 1361 586 1415 sulcos
614 1361 896 1429 scindere,
927 1380 1033 1418 non
1079 1365 1331 1419 arborem
1372 1364 1551 1419 colere
1576 1405 1591 1431 ,
1636 1380 1743 1418 non

138 1453 473 1508 metentibus
503 1470 561 1509 se
588 1456 919 1525 adjungere,
956 1472 1059 1510 non
1102 1456 1301 1526 aliquid
1346 1457 1521 1512 simile
1569 1456 1745 1512 facere

137 1544 342 1609 poterit
374 1562 386 1597 :
422 1544 515 1599 sed
546 1561 735 1601 eorum
769 1547 963 1618 singuli
983 1547 1126 1602 domi
1151 1548 1359 1612 sedent,
1386 1548 1559 1602 (etatis
1589 1548 1747 1602 debi-

137 1633 293 1688 litate
335 1636 562 1703 detenti,
599 1628 665 1691 ac
716 1640 1039 1693 necessitate
1082 1654 1270 1709 magna
1301 1650 1356 1694 et
1383 1640 1511 1693 nihil
1537 1640 1745 1694 valente

132 1738 420 1783 senectute
450 1731 760 1800 compediti.
782 1731 977 1786 Verum
1004 1749 1108 1786 non
1138 1734 1214 1787 sic
1247 1734 1497 1788 Ecclesia:
1519 1734 1740 1799 doctor;

133 1819 231 1872 sed
259 1830 387 1875 tunc
415 1822 654 1877 maxime
699 1825 1069 1890 concertabit,
1117 1826 1474 1895 concionique
1522 1840 1740 1895 Operam

132 1909 319 1977 dabit,
356 1914 658 1969 doctrinam
691 1926 987 1986 proponet,
1013 1928 1063 1972 et
1098 1912 1278 1991 populi
1309 1933 1487 1973 mores
1517 1933 1743 1987 compo.

133 2020 270 2059 nere
301 2008 609 2061 conabitur.
644 2010 907 2065 Senectus
940 2012 1082 2064 enim
1112 2012 1163 2064 in
1190 2011 1310 2066 aliis
1354 2011 1569 2080 quidem
1612 2025 1742 2065 con-

131 2096 437 2153 ditionibus
470 2101 671 2155 inutilis
703 2113 805 2167 cst,
832 2105 884 2155 in
910 2103 1149 2157 Ecclesia
1182 2113 1361 2158 autem
1403 2112 1452 2157 et
1489 2106 1541 2157 in
1575 2104 1742 2157 virtu-

132 2188 203 2241 tis
277 2186 557 2244 laboribus
605 2192 912 2247 utilissima.
962 2194 1174 2249 Etenim
1223 2194 1413 2249 beatus
1467 2196 1739 2250 Abraham

131 2290 262 2333 tunc
308 2283 601 2335 maximum
632 2293 907 2339 certamen
952 2284 1068 2340 iniit
1111 2300 1233 2342 cum
1268 2284 1572 2355 hujusmodi
1604 2298 1736 2339 teta-

131 2373 201 2425 tis
242 2384 409 2427 esset.
445 2374 593 2430 Tunc
638 2377 805 2444 enim,
861 2388 987 2434 tunc
1033 2388 1238 2434 naturae
1294 2378 1628 2452 tyrannidem
1660 2380 1736 2433 vi-

128 2468 226 2531 cit,
257 2476 315 2521 et
340 2466 507 2522 tilium
535 2472 787 2523 mactavit
818 2488 832 2526 :
867 2472 1120 2527 mactavit
1141 2472 1284 2526 enim
1309 2473 1353 2526 si
1386 2488 1491 2526 non
1522 2486 1599 2535 re,
1632 2470 1737 2525 sal-

132 2570 242 2612 tem
272 2560 578 2629 voluntate;
612 2564 782 2617 sinon
804 2580 923 2619 cum
943 2566 1019 2620 rei
1044 2567 1171 2632 line,
1197 2574 1250 2620 at
1273 2582 1392 2621 cum
1420 2560 1731 2637 proposito;

131 2652 173 2703 si
202 2666 310 2704 non
344 2667 531 2721 opere,
566 2663 619 2706 at
649 2666 829 2710 mente
862 2675 874 2709 :
906 2667 1032 2711 tunc
1070 2671 1289 2711 suorum
1326 2658 1440 2726 ipse
1467 2659 1734 2713 viscerum

128 2741 389 2796 sacerdos
419 2741 590 2797 factus
617 2754 719 2809 est,
749 2756 801 2799 ct
832 2762 895 2800 ex
926 2747 1040 2816 ipsa
1069 2746 1181 2803 fere
1211 2758 1400 2803 natura
1418 2756 1735 2804 sese‘trat.s-

126 2832 342 2897 ferens,
376 2836 516 2888 etin
564 2835 755 2890 caelum
800 2838 1126 2915 appelletis,
1179 2838 1557 2894 admirandum
1602 2841 1733 2894 illud

123 2940 173 2979 et
205 2927 537 2996 stupendum
568 2943 701 2999 opus
729 2930 972 3000 perfecit.
1000 2931 1066 2986 Et
1089 2931 1305 2999 Paulus,
1339 2934 1486 2988 orbis
1515 2933 1729 3001 doctor,

80 2998 87 3002 ’
125 3022 174 3073 in
197 3021 462 3089 profunda
481 2998 757 3078 senectute
774 3024 841 3079 ad
868 3026 1141 3080 mirabiles
1161 3026 1283 3081 illos
1294 3042 1493 3098 agones
1510 3044 1733 3098 appara-

125 3126 211 3168 tus
239 3123 378 3180 erat,
410 3123 465 3169 et
490 3116 723 3181 vincula,
772 3126 990 3171 catenas
1033 3125 1088 3173 et
1129 3132 1379 3174 carceres
1413 3121 1465 3173 in
1515 3122 1733 3175 seniore

123 3218 361 3274 corpore
390 3220 515 3259 cum
562 3206 729 3260 multa
772 3208 1074 3261 constantia
1120 3208 1367 3264 ferebat:
1397 3218 1450 3265 et
1490 3210 1593 3264 hoc
1642 3211 1733 3266 ille

123 3296 410 3350 declarans
440 3296 654 3351 dicebat
680 3316 691 3350 :
720 3297 788 3352 Ut
814 3298 1014 3353 Paulus
1037 3318 1189 3355 senex
1213 3344 1226 3366 ,
1275 3320 1410 3360 nunc
1438 3312 1490 3355 et
1534 3305 1733 3357 vinctus

123 3390 172 3439 in
203 3390 409 3442 Christo
428 3388 557 3443 Jesu
585 3389 847 3461 (Philem.
878 3394 962 3463 9).
999 3395 1065 3449 Et
1109 3395 1225 3450 ltmc
1261 3396 1407 3461 dico,
1454 3414 1559 3451 non
1587 3400 1730 3468 quod

123 3480 459 3545 iuventutem
488 3497 738 3550 spernam
774 3499 790 3541 :
836 3500 958 3538 nam
988 3486 1253 3556 etilliqui
1302 3488 1574 3543 fornacem
1624 3490 1733 3545 cal-

128 3580 356 3636 carnnt,
388 3573 613 3640 juvenes
656 3575 946 3630 admodum
1002 3589 1056 3632 et
1104 3580 1254 3648 pueri
1307 3590 1497 3645 erant;
1544 3592 1595 3635 et
1642 3585 1731 3651 qui

131 3666 428 3735 prOpbetite
460 3667 661 3721 donum
690 3671 898 3739 accepit
942 3671 1241 3737 Jeremias;
1284 3675 1466 3729 Daniel
1520 3692 1732 3746 qucque

128 3773 246 3811 Ctlln
276 3759 465 3813 leones
489 3759 764 3826 frenabat,
800 3771 853 3817 et
884 3772 1104 3834 prepter
1133 3766 1451 3823 ineffabilem
1484 3769 1729 3822 fiduciam

126 3865 319 3903 arcana
377 3852 467 3905 illa
504 3854 836 3907 somniorum
886 3857 1028 3925 regis
1078 3858 1131 3911 in
1181 3858 1417 3915 medium
1466 3860 1725 3927 adduxit,

127 3945 283 4011 eique
310 3944 402 4013 qui
433 3944 645 3999 viderat
673 3945 993 4014 declaravit,
1030 3948 1319 4005 admodum
1342 3953 1557 4020 juvenis
1585 3965 1729 4019 erat;

128 4034 338 4089 etnihil
362 4035 739 4105 impedimenti
761 4038 1010 4107 juventus
1035 4042 1214 4096 attulit
1240 4044 1305 4097 ad
1336 4046 1585 4100 virtutem
1611 4065 1626 4096 \
1645 4048 1727 4100 iri.

129 4125 179 4178 In
198 4128 440 4183 externis
463 4129 608 4184 enim
629 4129 813 4196 rebus,
833 4142 890 4185 ut
912 4132 1045 4199 dixi,
1072 4144 1124 4189 et
1141 4146 1391 4190 senectus
1409 4149 1657 4208 pI'OVCt‘la
1679 4149 1732 4193 et

123 4217 379 4283 juventus
414 4220 698 4275 immatura
732 4223 957 4276 multum
987 4226 1372 4294 impedimento
1404 4226 1597 4282 fuerint
1630 4248 1641 4282 :
1678 4233 1728 4284 in

127 4312 338 4366 virtutis
362 4328 497 4366 vero
518 4315 906 4371 certaminibus
936 4334 1041 4372 non
1075 4320 1224 4384 item,
1260 4321 1353 4374 sed
1384 4337 1489 4375 uno
1521 4332 1725 4377 tantum

128 4406 283 4458 animi
332 4406 610 4473 proposito
653 4416 738 4460 est
776 4423 913 4476 opus
956 4411 1242 4480 animaque
1289 4423 1616 4481 prmparata;
1667 4432 1730 4469 ac

129 4512 296 4563 neque
321 4495 582 4565 juventus
614 4505 695 4551 est
723 4498 928 4554 inutilis
947 4543 960 4565 ,
990 4517 1165 4570 neque
1193 4504 1401 4556 senium
1450 4504 1685 4573 ineptum
1711 4525 1724 4571 ;

128 4588 213 4641 sed
232 4590 283 4642 itt
301 4597 532 4658 utraque
550 4600 704 4646 aetate
718 4592 844 4645 oriri
859 4592 1059 4646 videris
1078 4608 1315 4649 maturos
1335 4595 1535 4650 fructus
1556 4598 1727 4666 pullu-

130 4682 294 4733 lantes
321 4722 337 4746 ,
366 4681 681 4747 dummodo,
709 4693 765 4737 ut
795 4685 1036 4739 dicebant
1063 4728 1077 4751 ,
1107 4686 1339 4740 animam
1368 4689 1487 4757 quis
1532 4687 1729 4743 habeat

130 4772 334 4840 vigilem
356 4815 368 4837 ,
397 4782 453 4827 et
476 4789 597 4844 qua:
624 4776 757 4829 sciat
786 4776 1173 4846 philosophari,
1226 4790 1383 4847 atque
1420 4796 1483 4835 ex
1535 4797 1723 4851 magna

130 4866 323 4920 virtute
390 4866 486 4919 Dei
546 4868 974 4923 benevolentiam
1005 4872 1258 4926 attrahat;
1309 4873 1386 4930 Ne
1429 4876 1547 4945 quis
1598 4891 1726 4947 ergo

126 4956 339 5022 objiciat
367 4957 435 5010 ad
461 4958 707 5028 scgnitiei
738 4962 1141 5017 excusationem
1175 4965 1255 5019 vel
1276 4965 1614 5034 juventutetn
1641 4970 1722 5022 vel

128 5057 453 5103 senectutem
476 5065 492 5110 ;
522 5050 952 5120 quandoquidem
973 5056 1133 5109 etiam
1156 5072 1297 5112 nunc
1314 5060 1465 5113 multi
1488 5060 1723 5129 juvenes

130 5142 221 5195 hoc
250 5143 533 5212 spirituale
577 5144 846 5200 theatrum
878 5148 1085 5217 replent
1109 5166 1121 5212 ;
1142 5166 1301 5206 senes
1323 5164 1500 5208 autem
1535 5156 1585 5208 in
1606 5155 1722 5226 hip-

131 5235 397 5299 podromis
427 5238 681 5293 indecore
705 5256 762 5293 se
790 5252 1003 5310 gerunt.
1035 5244 1139 5297 Alii
1174 5260 1301 5301 vero
1322 5261 1481 5303 senes
1508 5264 1721 5304 rursum

128 5329 367 5382 canitiem
392 5333 713 5385 concionem
744 5334 1021 5389 audientes
1044 5349 1237 5391 ornant
1263 5356 1276 5403 ;
1316 5339 1543 5408 juvenes
1593 5355 1722 5398 Vero

128 5420 206 5470 alii
236 5436 327 5487 per
354 5423 443 5474 illa
472 5424 778 5490 spectacula
816 5423 1150 5493 juventntetn
1196 5446 1347 5482 suam
1378 5432 1597 5486 rationis
1617 5444 1715 5484 ex-

129 5520 321 5577 pertem
352 5524 802 5568 cotntnonstrant.
842 5516 1058 5571 Etiamsi
1094 5522 1235 5573 enim
1270 5523 1420 5575 tnttlti
1451 5523 1537 5578 hic
1569 5516 1721 5579 corr-

128 5614 417 5666 pareant,at
444 5620 553 5659 non
583 5607 752 5660 satior
785 5623 798 5656 :
826 5624 997 5677 neque
1016 5611 1157 5664 enim
1180 5614 1373 5666 multos
1400 5626 1602 5671 tantum
1636 5620 1719 5673 hic

128 5692 303 5748 adesse
345 5696 566 5759 vellem,
596 5695 692 5750 sed
741 5714 947 5764 omnes,
979 5712 1031 5754 et
1060 5703 1325 5757 nemiuem
1372 5706 1439 5759 ab
1488 5709 1715 5763 ecclesia

130 5782 321 5839 abesse.
355 5787 701 5857 Quapropter
727 5792 977 5861 quamdiu
1011 5804 1160 5849 extra
1188 5798 1397 5852 caulam
1446 5799 1519 5853 illi
1567 5814 1711 5860 sunt.

133 5875 389 5941 dirtsttipnr
415 5892 463 5929 rt
490 5880 768 5933 doloribus
796 5882 1084 5938 discindat:
1119 5888 1246 5939 Nam
1276 5904 1458 5948 pavor
1504 5894 1586 5945 illo
1621 5895 1709 5964 qui

433 5977 690 6037 Parnm.
761 5982 877 6038 (in.
932 5984 1150 6045 LXI”.

883 421 926 476 Χ
970 419 1275 479 ΗΟΜΞΗΛ,
1322 419 1383 472 l.‘~'
1428 418 1652 481 ΝΛΜ),
1697 419 1733 472 .‘d

1845 419 1937 475 sis
1977 420 2241 488 oummt
2286 423 2545 494 MULTA,
2592 427 2722 483 ETC

3364 438 3468 487 NX

1872 535 2163 604 nonaginta
2192 553 2383 593 novem
2412 541 2601 599 ovibus
2629 546 2832 601 relictis
2875 547 2942 602 ad
2991 565 3149 605 unam
3194 568 3464 611 errantem

1866 627 2222 696 properabat,
2256 647 2429 702 neque
2460 634 2607 702 prius
2631 637 2838 693 abstitit
2857 680 2873 705 ,
2903 655 3064 712 quam
3088 645 3237 701 illam
3259 649 3323 702 ad
3344 666 3465 718 gre-

1859 733 1979 787 gem
2001 721 2342 790 reduxisset;
2374 728 2706 801 multamque
2722 748 2785 787 ea
2812 733 2863 788 in
2892 751 2952 791 re
2973 752 3158 794 curam
3178 739 3464 812 impendit.

1860 807 2213 868 Centenarius
2240 818 2382 871 enim
2415 836 2670 878 numerus
2699 824 3054 897 claudicabat,
3093 832 3268 890 donec
3298 853 3460 893 unam

1859 906 2094 972 accepit,
2120 915 2171 959 et
2197 918 2322 963 tunc
2342 922 2557 967 centum
2588 930 2714 971 vere
2735 930 2950 975 centum
2982 921 3136 981 fuere
3161 967 3175 992 ,
3215 942 3337 983 cum
3373 929 3461 985 illa

1860 993 2076 1049 reducta
2111 1006 2165 1050 et
2190 1010 2402 1055 servata
2434 1001 2550 1057 fuit.
2583 1005 2658 1061 Ne
2686 1022 2816 1079 ergo
2854 1013 2983 1067 mihi
3036 1014 3241 1074 dixeris
3290 1036 3455 1075 ttutnn

1856 1098 1976 1138 esse
1991 1085 2210 1141 fratrem
2228 1092 2316 1159 qui
2344 1094 2521 1161 periit;
2546 1098 2637 1151 sed
2661 1101 2834 1170 cogita
2848 1104 2993 1173 quod
3013 1106 3083 1161 sit
3104 1107 3292 1175 frater,
3314 1113 3459 1182 quod

1856 1178 1988 1233 illud
2012 1182 2101 1246 sit,
2138 1185 2337 1240 animal
2368 1190 2522 1259 cujus
2554 1191 2695 1247 Dens
2728 1204 2930 1251 tantam
2969 1214 3155 1256 curam
3178 1206 3336 1274 gerit,
3362 1222 3461 1276 pro

1855 1284 1962 1338 quo
1981 1279 2126 1326 tanta
2147 1272 2283 1329 facta
2306 1275 2478 1345 fuere,
2498 1296 2593 1349 pro
2613 1299 2720 1353 quo
2741 1290 3008 1355 pretiosus
3029 1272 3460 1365 sangtiiseffusus

1852 1371 1907 1414 et
1930 1370 2134 1418 tantum
2158 1368 2389 1436 pretium
2414 1372 2650 1428 solutum
2681 1376 2813 1433 fuit:
2836 1392 3060 1451 propter
3079 1401 3239 1455 quem
3262 1391 3455 1446 emtum

1853 1464 2137 1512 extensum
2157 1469 2259 1528 est,
2285 1463 2363 1516 sol
2393 1480 2653 1523 accensus
2680 1482 2782 1536 est,
2802 1472 2923 1527 luna
2948 1479 3141 1545 currit,
3167 1482 3344 1538 varius
3368 1483 3458 1541 ille

1853 1549 2128 1606 stellarum
2156 1553 2358 1611 chorus
2390 1557 2576 1629 fulget,
2607 1578 2704 1618 aer
2732 1577 2989 1625 extensus
3012 1582 3116 1639 est,
3147 1590 3295 1632 mare
3321 1578 3455 1633 effu-

1852 1654 1992 1706 sum,
2035 1651 2175 1697 terra
2222 1645 2443 1703 fundata
2473 1662 2577 1719 est,
2626 1654 2803 1713 fontes
2850 1664 3173 1731 scaturiunt,
3232 1668 3453 1727 flumina

1853 1746 2092 1805 manant,
2122 1754 2335 1798 montes
2360 1744 2555 1801 firmati
2596 1760 2720 1805 sunt
2748 1772 2759 1806 :
2786 1767 3006 1826 propter
3032 1775 3190 1829 quem
3222 1773 3368 1831 prata
3402 1778 3457 1822 et

1853 1825 2015 1895 horti,
2052 1844 2272 1918 propter
2293 1854 2452 1906 quem
2485 1844 2693 1899 semina
2716 1856 2767 1900 et
2785 1825 3030 1916 arbores,
3049 1825 3275 1926 propter
3292 1874 3452 1927 quem

1850 1918 2059 1977 diversa
2087 1915 2387 1993 plantarum
2434 1948 2655 2002 genera,
2701 1951 2923 2010 propter
2964 1960 3122 2013 quem
3165 1963 3227 2002 ea
3255 1965 3374 2021 qua:
3401 1956 3452 2006 in

1850 2015 2143 2084 montibus,
2186 2036 2304 2089 qua:
2351 2022 2402 2077 in
2431 2025 2685 2095 desertis,
2733 2046 2855 2101 qum.
2882 2034 2935 2088 itt
2968 2038 3211 2106 urbibus,
3254 2015 3372 2111 quae
3399 2045 3450 2099 in

1847 2103 2088 2173 planitie,
2118 2124 2236 2179 qua:
2268 2112 2321 2166 in
2362 2116 2621 2185 saltibus,
2654 2136 2775 2190 qua:
2804 2125 2857 2177 in
2890 2127 3122 2184 collibus
3173 2103 3208 2186 ε’
3236 2103 3454 2205 prepter

1847 2212 2005 2266 quem
2030 2199 2307 2258 innumera
2325 2206 2551 2275 piscium
2570 2199 3284 2294 multitudo,propterquent
3309 2224 3451 2283 varia

1846 2290 2255 2361 quadrupedum
2285 2313 2510 2369 genera,
2559 2312 2665 2359 tam
2708 2306 2938 2364 diversa:
2987 2316 3165 2369 avium
3205 2321 3450 2387 species;

1845 2394 2066 2453 propter
2089 2404 2248 2456 quem
2276 2392 2383 2459 lex,
2408 2396 2710 2467 propheta),
2736 2405 2967 2470 apostoli
2996 2424 3008 2471 ;
3038 2421 3259 2479 prepter
3290 2429 3449 2481 quem

1846 2474 2127 2534 innumera
2170 2485 2427 2540 miracula
2482 2488 2618 2545 facta
2663 2502 2791 2547 sunt
2822 2513 2835 2548 :
2866 2498 2992 2565 qttid
3032 2474 3168 2570 opus
3208 2515 3290 2559 est
3344 2516 3450 2559 tam

1847 2572 2010 2625 tnulta
2044 2574 2265 2630 dicere?
2294 2590 2518 2650 propter
2565 2599 2726 2653 quem
2769 2591 3079 2661 unigenitus
3134 2597 3225 2653 Dei
3284 2600 3453 2659 Filius

1844 2663 2005 2717 homo
2038 2665 2209 2721 faetus
2240 2680 2344 2733 est,
2375 2682 2428 2726 et
2459 2676 2691 2732 occisus.

1912 2760 1965 2815 2.
1994 2760 2195 2817 Curtius
2225 2781 2343 2834 ergo
2388 2770 2678 2838 proximum
2727 2779 3140 2836 commendatur.
3181 2783 3369 2841 Ἡρα-(ι’
3406 2804 3450 2841 rt

1838 2855 2065 2925 reliquiae
2100 2860 2480 2927 apostolorum.
2502 2896 2569 2905 —
2598 2864 2781 2940 Cogita
2811 2882 3010 2943 quanta
3029 2875 3173 2931 Deus
3195 2892 3448 2946 Operatus

1841 2946 1909 3000 sit
1928 2961 2023 3014 pro
2037 2951 2211 3006 salute
2228 2952 2527 3022 hominum,
2548 2968 2601 3013 et
2624 2962 2831 3019 nullum
2853 2965 3123 3037 deSpicias
3142 2971 3446 3039 hominem;

1841 3040 1934 3093 sed
1965 3052 2251 3113 postquam
2283 3046 2388 3103 hoc
2414 3051 2697 3119 spirituale
2729 3055 2999 3113 theatrum
3047 3064 3286 3120 solutum
3332 3072 3443 3123 fue-

1842 3132 1928 3195 rit,
1952 3137 2304 3201 quaereillnm
2324 3141 2413 3209 qui
2446 3142 2639 3207 abfuit,
2673 3157 2820 3203 etne
2854 3152 2999 3219 prius
3032 3154 3263 3213 desiSIas
3285 3177 3444 3230 quam

1840 3222 1989 3279 illum
2022 3227 2313 3283 adduxeris
2342 3240 2396 3285 et
2424 3235 2579 3288 matri
2609 3238 2956 3307 conjunxeris
2977 3287 2991 3309 ,
3023 3255 3183 3317 atque
3228 3266 3255 3302 a
3304 3222 3447 3307 inalt

1838 3320 2230 3376 consuetudine
2257 3322 2570 3391 abduxeris,
2597 3338 2648 3383 et
2676 3334 2945 3401 captivum
2979 3343 3281 3397 servaveris
3304 3384 3316 3405 ,
3363 3356 3441 3397 at.

1838 3426 1943 3479 que
1972 3415 2310 3470 submersum
2338 3416 2389 3471 iu
2421 3436 2569 3475 mare
2597 3428 2920 3493 extraxeris,
2944 3439 3043 3485 ela
3074 3431 3205 3489 feris
3228 3446 3443 3506 captum

1837 3502 1905 3554 ah
1933 3503 2256 3560 immanibus
2289 3508 2484 3565 belluis
2507 3513 3032 3588 liberaveris.Quam
3050 3527 3195 3580 enim
3212 3532 3443 3598 veniam,

1839 3610 1998 3663 quam
2036 3596 2410 3658 defensionem
2435 3603 2733 3663 habueris?
2758 3612 2838 3666 Ad
2867 3617 3238 3683 apostolorum
3266 3596 3449 3678 thecas

1840 3690 2086 3745 venimus
2114 3709 2127 3745 :
2163 3693 2407 3751 videmus
2447 3700 2522 3769 (α)
2566 3701 2807 3771 ipsorum
2836 3707 3057 3764 vulnera
3082 3721 3137 3767 et
3159 3714 3408 3785 stigmata
3432 3762 3445 3782 ,

1839 3785 2153 3852 :-angnincm
2209 3787 2466 3844 ﬂuentem
2522 3808 2657 3849 auro
2712 3799 3134 3871 pretiosiorem,
3183 3818 3444 3873 catenas,

1840 3874 2071 3944 flagella,
2106 3891 2307 3934 moues
2336 3884 2702 3953 quotidianus,
2736 3906 2871 3959 quas
2902 3908 2999 3961 pro
3031 3894 3277 3953 Ecclesia
3307 3905 3447 3970 passi

1840 3977 1965 4020 Sunt
1997 3990 2008 4021 :
2047 3971 2191 4024 l’auli
2225 3972 2548 4043 discipulum
2582 3979 2779 4049 ubique
2821 3998 2943 4037 cum
2994 3985 3167 4042 Paulo
3213 3991 3448 4045 circum-

1838 4070 2167 4129 currentem,
2201 4076 2255 4119 et
2284 4070 2544 4136 magistro
2574 4074 2919 4141 aequandum,
2954 4079 3292 4152 vitulumque
3322 4100 3446 4139 cum

1841 4164 1993 4207 tauro
2016 4158 2257 4226 jngatum
2281 4164 2301 4224 ;'
2328 4163 2484 4229 primi
2531 4167 2896 4233 apostolorum
2927 4173 3168 4239 fratrem,
3217 4177 3448 4244 piscato-

1839 4263 1983 4313 rem,
2041 4252 2127 4319 qui
2176 4268 2431 4321 sagenatn
2460 4259 2777 4327 explicavit,
2833 4275 2887 4318 et
2930 4266 3180 4324 homines
3224 4284 3322 4338 pro
3368 4274 3449 4340 pi-

1846 4340 2023 4395 scibus
2051 4344 2288 4411 piscatus
2316 4358 2399 4404 est
2418 4368 2432 4417 ;
2453 4351 2727 4424 Evangelii
2750 4372 3057 4426 praeconem
3084 4381 3096 4417 :
3121 4370 3173 4415 et
3204 4363 3356 4432 quasi
3392 4365 3443 4417 in

1840 4445 1995 4501 prato
2026 4435 2092 4490 de
2120 4437 2236 4506 ejus
2265 4442 2548 4509 prmclaris
2576 4448 2741 4514 gestis
2768 4452 3028 4505 lmtemur.
3064 4454 3163 4520 Qui
3195 4471 3320 4510 vero
3348 4474 3445 4512 ιιυς

1838 4525 2229 4595 deseruerunt,
2288 4550 2553 4605 equorum
2614 4540 3062 4600 irrationabilium
3114 4560 3444 4617 spectatores

1835 4621 2044 4688 sedent,
2067 4627 2330 4681 Conviciis
2357 4639 2409 4682 et
2428 4634 2771 4687 ρυιιίιιπηυιὶίς
2795 4650 2853 4688 se
2884 4647 3072 4693 mutuo
3098 4640 3442 4713 impctentes,

1838 4714 2074 4771 furorem
2128 4729 2183 4772 et
2226 4735 2482 4790 pugnam,
2543 4742 2662 4794 qute
2710 4728 2912 4782 nullam
2942 4746 3161 4787 causam
3214 4735 3442 4803 habeat,

1839 4806 2225 4877 incendentes,
2266 4814 2460 4881 gaudio
2482 4816 2750 4883 ‘fruentcs
2788 4822 2931 4889 quod
2966 4824 3329 4882 miserabilius
3358 4841 3443 4885 est

1838 4901 1953 4969 ipso
1980 4902 2199 4967 dolore,
2240 4905 2306 4959 de
2352 4909 2553 4978 aurigis
2596 4912 2891 4967 victoribus
2920 4916 3007 4979 ,de
3035 4919 3285 4988 Cfllliam
3332 4922 3439 4975 fra.

1834 4996 1932 5049 ctis
1967 5012 2105 5065 :quo
2137 4998 2262 5066 quid
2298 5000 2720 5059 irrationabilius
2745 5006 2937 5061 fuerit?
2960 5009 3068 5064 Cur
3095 5028 3279 5083 quaeso
3304 5032 3435 5085 gan~

1833 5087 1969 5142 des?
1998 5104 2094 5144 cur
2110 5091 2372 5155 exsultas,
2418 5108 2514 5148 cur
2532 5096 2715 5149 exsilis
2737 5138 2751 5163 ,
2786 5109 2838 5152 et
2862 5099 2989 5156 inde
3021 5102 3174 5158 Letus
3208 5106 3437 5163 descen-

1833 5181 1949 5236 tlis?
1972 5181 2050 5235 Tu
2065 5198 2194 5237 vero
2208 5198 2301 5237 cur
2314 5184 2484 5252 doles,
2508 5197 2556 5242 et
2578 5204 2687 5257 prte
2713 5191 2919 5259 pudore
2942 5205 2994 5248 te
3018 5198 3260 5253 occultas
3277 5210 3438 5271 caput

1834 5276 2118 5344 inclinans,
2151 5281 2495 5351 animumque
2530 5291 2677 5338 tuum
2702 5286 2967 5353 lacerans,
3000 5292 3143 5360 quod
3176 5292 3263 5347 ille
3288 5296 3437 5361 vicit,

1830 5370 2039 5424 etalter
2068 5370 2239 5424 victus
2280 5374 2402 5425 est?
2433 5384 2486 5429 et
2516 5375 2644 5445 quid
2694 5378 2807 5433 haec
2837 5380 2900 5434 ad
2938 5382 3033 5436 te?
3076 5399 3234 5453 quam
3275 5389 3442 5442 ratio-

1832 5476 1956 5516 nem
1990 5460 2187 5517 habere
2212 5464 2381 5533 pUSsit
2409 5464 2523 5519 haec
2548 5482 2644 5521 seu
2674 5469 2912 5535 tristitia,
2945 5487 3041 5527 seu
3076 5476 3300 5530 lanitia?
3329 5494 3437 5548 quo

1831 5555 2097 5623 supplicio
2142 5566 2366 5626 uterque
2399 5558 2540 5629 digni
2574 5574 2681 5613 non
2711 5562 2917 5616 fueritis
2941 5606 2955 5628 ,
2987 5582 3109 5619 cum
3136 5568 3313 5622 anima
3350 5579 3436 5624 tua

1829 5646 2069 5715 quotidie
2118 5647 2167 5699 in
2213 5648 2353 5702 vitiis
2406 5650 2695 5717 volutetur,
2744 5652 2795 5706 id
2838 5654 2966 5707 nihil
3033 5671 3157 5710 cura
3190 5700 3203 5721 ,
3260 5660 3436 5727 deque

1829 5738 2151 5794 animalibus
2205 5742 2695 5810 irrationabilibus,
2748 5745 2921 5816 deque
2951 5748 3260 5805 hominibus
3304 5753 3432 5821 ipsis

1894 5904 1964 5963 (τι)
1993 5904 2081 5952 \‘el
2113 5906 2157 5953 in
2189 5907 2372 5967 pii-tura
2401 5905 2477 5955 vel
2506 5920 2593 5968 jcr
2623 5912 3038 5971 imaginationem.

2932 5987 3006 6049 ‘26
