4034 6454
637 454 743 511 519

637 570 797 622 etiam
848 564 1057 621 ratione
1107 559 1446 619 carentibus.
1479 554 1681 627 gaudes
1728 551 1812 607 vel
1854 545 2204 606 dolesi.Sed

636 672 703 711 ne
733 669 918 711 rursus
947 662 1111 710 totam
1141 646 1449 707 concionem
1484 647 1535 702 ln
1567 645 1683 700 hmc
1709 643 2038 697 insumentes
2070 648 2205 694 tem-

637 761 734 816 pus
785 755 1061 810 teramus,
1113 741 1326 797 illorum
1374 737 1714 806 correptione
1756 742 1949 788 vestra:
1997 729 2205 785 caritati

632 834 1024 896 commendata,
1053 832 1119 887 iis
1144 846 1269 901 qua:
1311 829 1471 884 hodie
1518 828 1651 882 lecta
1700 832 1824 879 sunt
1848 824 2038 877 demus
2068 834 2202 889 epe-

635 944 769 991 ram,
794 935 851 982 et
872 926 925 981 in
955 924 1351 993 Scripturarum
1371 921 1667 975 divinarum
1690 923 1895 985 pratum
1917 926 2011 967 vos
2046 910 2203 964 indu-

626 1033 750 1073 cere
780 1015 1098 1073 conabimur
1127 1030 1140 1066 :
1174 1028 1296 1068 nam
1329 1011 1416 1067 illa
1460 1018 1613 1079 prato
1651 1013 1776 1061 sunt
1800 1004 2019 1059 similia.
2052 1001 2201 1057 Sicut

622 1111 765 1165 enim
797 1111 851 1164 in
881 1116 1036 1179 prato
1065 1106 1263 1162 diversi
1293 1104 1453 1158 liores
1474 1110 1613 1161 sunt,
1644 1111 1833 1153 omnes
1870 1104 2047 1155 autem
2079 1092 2196 1163 pul-

622 1199 875 1255 clierrimi
899 1198 1217 1269 spectatoris
1245 1194 1429 1248 oculos
1445 1192 1719 1244 attrahunt
1748 1204 1761 1240 :
1790 1186 1860 1241 ita
1889 1195 1942 1240 et
1972 1186 2023 1238 in
2053 1182 2198 1238 Scri-

621 1294 792 1364 pturis
824 1291 1019 1348 divinis
1066 1288 1250 1343 videre
1287 1294 1388 1340 est.
1421 1283 1549 1337 Nam
1596 1282 1783 1336 beatus
1812 1278 1975 1332 David
2027 1278 2092 1329 ad
2136 1288 2195 1329 se

620 1395 854 1440 mentem
873 1392 1108 1438 nostram
1125 1375 1363 1440 attrahit,
1384 1383 1439 1429 et
1455 1371 1809 1443 apostolicum
1832 1368 2031 1424 dictum
2051 1368 2191 1421 circa

619 1473 989 1535 Timotheum;
1019 1470 1346 1537 insupcrque
1361 1464 1535 1519 audax
1567 1461 1658 1517 ille
1688 1461 1851 1515 Isaias
1872 1459 1939 1514 de
1959 1458 2187 1513 humana

618 1574 803 1619 natura
833 1559 1240 1633 philosophans,
1276 1556 1594 1624 illornmque
1622 1551 1880 1606 Dominus
1903 1549 2060 1603 Iesus
2104 1548 2189 1601 di~

616 1656 850 1724 scipulos
877 1652 1177 1722 alloquens,
1208 1662 1271 1703 ac
1298 1648 1485 1701 dicens
1516 1662 1529 1698 :
1564 1642 1743 1698 Messi:
1769 1642 1970 1713 quidem
2002 1640 2179 1702 multo,

613 1745 836 1815 aperarii
882 1753 1051 1796 autem
1096 1740 1246 1811 pauci
1291 1736 1521 1811 (Matth.
1567 1734 1620 1789 9.
1650 1735 1715 1789 37
1738 1735 1781 1804 ).
1816 1735 1925 1803 Age
1959 1731 2186 1801 igitur,si

612 1838 809 1905 placet,
836 1835 937 1890 hoc
960 1832 1157 1888 dictum
1184 1832 1235 1884 in
1261 1828 1493 1885 medium
1520 1825 1865 1890 adducentes,
1891 1822 2003 1891 ejus
2030 1836 2186 1876 sensa

610 1930 939 1997 esplicemus
972 1923 1112 1979 :etsi
1164 1923 1307 1978 enim
1357 1921 1517 1975 breve
1563 1917 1763 1972 dictum
1806 1914 1933 1971 illud
1979 1927 2080 1977 est,
2132 1921 2189 1969 at

610 2023 825 2087 pelagus
868 2017 1186 2070 immensum
1215 2010 1599 2066 sententiarum
1645 2007 1800 2060 nobis
1838 2006 2010 2059 oll’crt.
2044 2005 2184 2073 Qua-

611 2118 828 2179 propter
878 2107 944 2162 ad
990 2107 1165 2177 ipsum
1220 2119 1340 2158 cum
1394 2116 1586 2170 magno
1634 2099 1811 2153 studio
1841 2097 2182 2153 accedamus.

606 2203 741 2273 Quia
770 2202 913 2257 enim
946 2200 1096 2262 vidit,
1127 2197 1320 2267 inquit,
1352 2193 1746 2250 multitudinem
1778 2192 2037 2247 divulsam
2059 2233 2073 2257 ,
2104 2190 2185 2245 di-

609 2300 679 2352 cit
707 2294 985 2365 discipulis
1012 2309 1025 2345 :
1060 2291 1239 2346 Messi:
1268 2288 1471 2359 quidem
1499 2286 1659 2341 multo
1683 2328 1697 2353 ,
1746 2286 1966 2355 operarii
2018 2296 2183 2339 autem

611 2387 775 2449 pauci.
810 2387 940 2451 Qum
968 2383 1175 2443 messis,
1211 2380 1297 2435 dic
1327 2381 1478 2443 mihi,
1510 2386 1565 2432 et
1592 2393 1689 2432 cur
1718 2375 1795 2432 sic
1817 2377 1955 2431 hanc
1983 2376 2183 2430 doctri-

607 2494 725 2529 nam
754 2474 1002 2530 vocavit?
1043 2471 1187 2541 atqui
1220 2471 1408 2525 messis
1458 2471 1533 2523 rei
1578 2468 1700 2523 linis
1740 2478 1843 2523 est.
1894 2467 2180 2536 Postquam

608 2570 743 2624 enim
768 2584 949 2623 semen
974 2568 1025 2621 in
1040 2566 1212 2621 sinum
1232 2574 1387 2619 terra:
1404 2563 1603 2633 jactum
1630 2561 1945 2615 humiditate
1964 2561 2179 2615 fruitum

600 2669 701 2724 est,
721 2658 913 2713 deinde
930 2658 1289 2711 humectatum
1308 2663 1359 2709 et
1381 2653 1617 2707 inﬂatum
1632 2651 1958 2720 adjaCcntcm
1985 2661 2178 2704 terram

598 2750 910 2819 occupavit;
958 2757 1147 2819 postea
1203 2747 1255 2800 in
1306 2746 1600 2800 divisiones
1649 2742 1846 2796 multas
1885 2755 2175 2809 expansum

599 2846 653 2895 in
682 2837 1000 2911 profundum
1028 2836 1235 2891 radices
1264 2849 1390 2889 suas
1414 2833 1557 2889 misit
1581 2850 1595 2886 :
1638 2832 1867 2903 primum
1892 2830 2177 2900 prospicitc

605 2931 921 3002 superﬁcie;
952 2927 1146 2985 deinde
1172 2926 1445 2997 paulatim,
1475 2924 1609 2989 sole,
1642 2923 1820 2994 pluvia
1846 2932 1901 2977 et
1921 2936 2045 2977 aere
2072 2937 2173 2976 nu-

599 3026 781 3079 tritum
809 3020 1200 3093 germinatione
1230 3028 1388 3073 terra:
1418 3026 1641 3087 augetur
1660 3056 1675 3081 ,
1714 3025 1768 3070 et
1795 3014 2025 3071 cflicitur
2053 3014 2172 3084 qui-

593 3116 715 3169 dem
731 3112 965 3183 primum
994 3110 1159 3165 herba
1180 3109 1361 3165 virens
1380 3148 1396 3174 ,
1426 3117 1481 3162 et
1526 3116 1710 3161 tenera
1757 3105 1882 3161 folia
1933 3105 2167 3170 emittit;

592 3204 787 3261 deinde
815 3203 1153 3257 immaturam
1181 3200 1383 3270 spicam
1432 3196 1629 3263 effert,
1674 3206 1729 3252 et
1769 3196 2002 3251 instante
2048 3211 2173 3251 vere

590 3311 778 3352 rursus
804 3293 1066 3365 paulatim
1094 3300 1417 3346 maturatum
1444 3289 1513 3345 ad
1554 3289 1801 3361 stipulam
1841 3299 1900 3344 et
1940 3291 2169 3356 aristas,

589 3388 801 3458 plenum
820 3384 1058 3440 fructum
1085 3381 1280 3439 reddit.
1309 3380 1462 3438 Tunc
1491 3380 1707 3436 demum
1750 3380 1982 3451 agricola
2005 3421 2020 3445 ,
2070 3380 2166 3435 fal-

590 3493 709 3532 cem
738 3490 961 3544 acuens,
988 3486 1257 3529 messores
1283 3480 1595 3542 congregat,
1641 3480 1695 3525 et
1738 3470 2023 3525 collectum
2054 3470 2168 3526 fru-

596 3581 742 3627 ctum
781 3571 833 3623 in
860 3569 1023 3624 domo
1047 3566 1287 3637 deponit.
1318 3564 1507 3619 Messio
1536 3571 1616 3618 est
1645 3564 1804 3634 igitur
1844 3563 1964 3617 linis
1992 3564 2167 3618 omnis

596 3662 793 3718 laboris
817 3669 874 3718 et
914 3660 1272 3731 agriculturm.
1318 3655 1599 3724 Quomodo
1637 3670 1800 3725 ergo,
1848 3642 2064 3724 qumso.
2112 3654 2165 3709 id

597 3766 824 3808 messem
851 3760 1027 3819 vocat,
1051 3764 1169 3804 cum
1196 3763 1285 3804 res
1312 3746 1488 3802 adhuc
1507 3747 1557 3800 in
1587 3746 1861 3816 prowmiis
1908 3755 1962 3801 et
2002 3745 2166 3799 mitiis

590 3846 771 3902 esset?
794 3844 1044 3914 Impietas
1060 3843 1202 3898 enim
1234 3842 1429 3911 tibique
1454 3851 1718 3895 terrarum
1744 3838 2118 3892 dominabatur
2148 3855 2162 3891 :

590 3954 698 3991 anc
720 3935 1011 3997 ardebant,
1040 3942 1093 3988 et
1120 3932 1259 3987 idola
1290 3930 1670 3993 adorabuntur,
1714 3928 1873 3985 Jesus
1897 3929 2163 3999 despicie-

592 4030 768 4091 hatttr,
792 4035 846 4081 et
872 4024 1131 4096 profunda
1151 4040 1253 4078 nox
1281 4023 1457 4079 omnia
1480 4021 1789 4077 continebat
1816 4038 1830 4073 :
1862 4022 2031 4076 hiems
2050 4030 2167 4076 erat

590 4119 803 4178 acerba.
835 4132 984 4172 mare
1032 4116 1443 4185 tempestatibus
1469 4115 1724 4185 agitatum
1748 4155 1761 4177 ,
1795 4116 1969 4169 ventis
1999 4114 2164 4169 vehe-

589 4210 855 4264 mentibus
882 4210 1164 4263 humanam
1197 4209 1357 4261 vitatn
1390 4207 1727 4262 turbantibus
1751 4247 1766 4268 ,
1795 4208 1937 4262 vitiis
1982 4217 2163 4278 tyran-

590 4303 768 4357 nidem
800 4302 1171 4357 exercentibus
1192 4341 1206 4364 ,
1239 4301 1611 4369 immersisque
1640 4300 1907 4355 omnibus.
1957 4299 2163 4369 Ubique

590 4395 734 4448 enim
758 4392 1056 4455 fornicatio,
1080 4390 1396 4446 adulterium
1426 4398 1479 4444 et
1497 4390 1711 4443 lascivia
1735 4408 1747 4442 :
1768 4390 1961 4459 ubique
1990 4391 2165 4443 avari-

590 4486 683 4547 tia,
714 4483 933 4552 rapinte,
960 4481 1099 4537 bella
1135 4499 1147 4534 :
1179 4482 1395 4551 sanguis
1423 4480 1473 4533 in
1501 4490 1660 4544 terra,
1686 4481 1900 4549 sanguis
1928 4482 1977 4533 iu
2006 4481 2161 4545 mari,

590 4574 806 4643 sanguis
827 4588 1013 4629 eorum
1043 4574 1132 4643 qui
1176 4572 1414 4627 immersi
1461 4570 1690 4636 fuerant,
1726 4580 1780 4625 et
1804 4572 1980 4627 cardcs
2029 4574 2164 4628 istnc

591 4666 877 4718 intulerant
907 4662 1044 4718 bella
1072 4663 1368 4732 frequentia
1396 4671 1450 4717 et
1472 4679 1659 4733 pugna:
1678 4705 1692 4730 ,
1726 4664 2014 4734 civilesque
2054 4682 2162 4720 ca:-

585 4755 701 4818 des,
748 4752 925 4808 caedes
969 4754 1182 4823 inquam
1233 4753 1481 4807 omnibus
1535 4755 2162 4812 exsecrabilioresznam

596 4846 757 4899 etiam
783 4843 875 4897 lilii
914 4844 1537 4913 idolisimmolabantur;
1567 4855 1751 4899 natura
1797 4846 2160 4915 ignorabatur,

589 4936 836 5005 cognatio
867 4937 1237 4991 invertebatur
1270 4953 1281 4988 :
1319 4936 1511 5005 ubique
1559 4938 1848 5007 przccipitia
1882 4950 1927 4994 et
1959 4941 2159 5008 scopuli

586 5038 645 5082 et
671 5042 797 5082 saxa
828 5028 1043 5082 latentia
1070 5028 1289 5095 graxia;
1321 5036 1375 5083 et
1407 5027 1583 5083 nullus
1633 5029 1791 5083 homo
1837 5028 2162 5098 gubernator

589 5131 702 5174 erat
738 5137 749 5172 :
785 5121 893 5175 imo
920 5121 1303 5190 gubernatores
1338 5120 1487 5188 pauci
1538 5121 1588 5173 in
1621 5120 1928 5177 Judtcorum
1966 5132 2157 5192 gente;

592 5228 749 5268 nemo
780 5226 908 5266 vero
930 5220 1043 5266 crat
1080 5212 1169 5281 qui
1210 5212 1449 5277 audiret,
1497 5213 1671 5266 nautis
1708 5213 1847 5267 inter
1892 5229 1951 5268 sc
1981 5225 2162 5268 mutuo

589 5302 1032 5371 disceptantibus,
1066 5312 1118 5356 et
1144 5302 1313 5357 altero
1342 5303 1567 5357 alterum
1592 5305 1999 5358 eoneidentibus
2021 5317 2073 5360 et
2111 5309 2159 5362 in

588 5410 735 5448 mare
792 5394 1267 5463 prmcipitantibus.
1323 5394 1531 5448 Etenim
1593 5394 1839 5466 Scylhrc,
1885 5397 2159 5462 Thraces,

589 5485 775 5547 Mauri,
808 5484 939 5549 Indi,
971 5483 1168 5549 Persm,
1196 5484 1475 5550 Sarmatae,
1506 5495 1560 5540 ct
1585 5488 1670 5556 qui
1702 5486 1961 5542 Grzcciam
1995 5498 2047 5543 et
2073 5491 2160 5559 qui

588 5576 807 5644 Epirum
834 5574 1156 5641 incolebant,
1196 5586 1248 5630 et
1273 5576 1447 5631 omnis
1476 5576 1586 5631 fere
1631 5594 1747 5647 qua:
1778 5580 1877 5633 sub
1915 5580 2046 5633 czclo
2082 5590 2163 5635 est

587 5677 747 5732 terra,
778 5669 1052 5723 daemones
1081 5667 1331 5733 colebat,
1362 5678 1413 5722 et
1441 5669 1507 5724 ab
1534 5670 1878 5725 cxsecrandis
1910 5672 2014 5725 illis
2051 5672 2160 5741 spi-

584 5758 775 5814 ritibus
806 5762 980 5815 omnia
1027 5760 1527 5830 pessuuniabantur,
1574 5763 1719 5831 regio
1761 5764 1982 5830 quzevis,
2038 5766 2161 5818 urbs

581 5861 634 5905 et
654 5852 944 5920 desertum,
973 5863 1109 5906 terra
1146 5862 1196 5905 et
1223 5866 1385 5917 mare,
1419 5852 1657 5908 barbaria
1687 5862 1737 5907 et
1760 5853 1981 5920 Gratcia,
2011 5872 2158 5911 mem

1374 441 1430 498 S.
1468 435 1743 508 10$}le
1779 429 2258 491 CIIIWSOSTOMI
2297 429 2608 486 ARCIIII‘JP.
2652 429 3185 487 CUNSTANTINOI‘.
3802 425 3904 480 530

2320 554 2420 608 tes,
2472 544 2640 601 saltus
2689 555 2743 600 et
2794 547 2997 601 colles:
3030 562 3133 601 una
3187 545 3495 603 Judzcorum
3554 546 3735 609 natio,
3786 561 3901 616 quae

2308 634 2562 709 pietatem
2610 637 2804 691 scr-tari
2860 636 3179 702 videbatur,
3234 636 3523 709 prophetas
3571 636 3807 690 habebat
3852 648 3902 691 et

2310 724 2506 783 divinae
2535 728 2859 797 cognitionis
2887 743 3047 798 parva
3086 728 3336 794 semina;
3381 744 3566 783 verum
3614 729 3704 782 illa
3750 729 3898 798 lapsu

2308 816 2564 887 temporis
2593 819 2781 873 obruta
2810 830 2985 886 crant,
3010 828 3066 876 et
3091 819 3346 876 doctores
3376 820 3548 892 gentis
3572 820 3717 874 illius
3742 835 3901 874 aren-

2307 918 2512 965 satores
2536 910 2713 966 acerbi
2746 922 3085 981 peccatorum
3118 912 3223 967 illis
3247 912 3371 968 facti
3398 923 3557 976 sunt;
3587 928 3651 967 ac
3696 913 3895 969 ncdum

2305 1002 2440 1058 alios
2494 1004 2771 1059 erudirent
2828 1015 2884 1059 et
2937 1003 3006 1060 ad
3068 1005 3323 1075 pietatem
3390 1006 3778 1069 instituerent,
3843 1017 3898 1057 ιιι

2305 1093 2469 1148 etiam
2521 1095 2638 1149 aliis
2687 1094 3011 1150 olfcndieulo
3042 1105 3169 1151 tunc
3213 1106 3388 1151 erant.
3437 1097 3503 1152 Et
3548 1098 3651 1152 hoc
3708 1096 3894 1151 dcc'a-

2302 1198 2432 1238 rans
2477 1186 2738 1256 propheta
2787 1186 3044 1243 dicebat:
3080 1188 3302 1259 PrOpter
3352 1205 3439 1244 vos
3500 1206 3685 1243 nomen
3728 1205 3893 1243 meum

2301 1276 2681 1344 blasphematur
2743 1279 2797 1334 in
2860 1281 3090 1350 gentibus
3153 1279 3323 1350 (Isai.
3383 1280 3470 1338 52.
3514 1282 3567 1337 5.
3618 1281 3777 1335 Rom.
3837 1282 3886 1334 ἓ.

2297 1367 2426 1438 ει).

2366 1458 2419 1513 5.
2462 1459 2741 1528 Quomodo
2784 1478 2947 1533 ergo,
2981 1478 3103 1519 cum
3144 1472 3222 1519 tot
3250 1465 3387 1519 mala
3419 1464 3604 1520 orbem
3636 1480 3851 1533 occupa
3872 1495 3887 1504 -

2294 1561 2442 1616 rent,
2472 1568 2534 1607 ac
2558 1555 2794 1608 nondum
2823 1556 3027 1610 semina
3049 1557 3191 1625 jacta
3224 1556 3443 1611 fuissent
3472 1556 3491 1626 (
3516 1557 3713 1627 ubique
3740 1560 3889 1610 enim

2293 1643 2483 1711 spiam,
2518 1645 2721 1708 tribuli,
2771 1645 2953 1701 herba:
2996 1648 3216 1715 noxiar),
3268 1647 3504 1701 nonduin
3586 1661 3883 1717 expurgat:

2295 1744 2469 1800 terra,
2503 1751 2675 1807 neque
2718 1748 2897 1792 aratro
2947 1738 3183 1793 admisso
3212 1740 3467 1808 tiulloque
3495 1740 3646 1793 suer
3698 1739 3883 1791 facto:

2290 1826 2593 1895 quomodo,
2624 1828 2840 1898 inquam
2864 1870 2877 1892 ,
2908 1829 2974 1883 de
3002 1844 3179 1884 messe
3205 1829 3440 1899 loquitur
3470 1841 3521 1883 et
3550 1830 3700 1893 dicit,
3741 1830 3885 1881 sli-s-

2290 1919 2358 1972 sis
2383 1919 2538 1972 nmlla
2560 1920 2585 1973 ?
2608 1928 2663 1975 et
2692 1936 2790 1974 cur
2821 1922 2898 1975 sic
2914 1921 3259 1991 Evangelium
3309 1923 3507 1975 vocat?
3536 1922 3689 1975 (iur?
3732 1921 3887 1988 Qun-

2290 2011 2429 2064 niam
2460 2027 2547 2066 res
2588 2012 2657 2066 ita
2680 2012 2958 2082 dispositzc
2988 2023 3172 2077 erant,
3221 2024 3275 2068 et
3318 2014 3579 2067 missurus
3634 2024 3756 2068 erat
3817 2016 3881 2067 il~

2290 2102 2370 2157 los
2422 2120 2515 2172 per
2575 2113 2743 2159 totum
2785 2106 3004 2172 orbem;
3038 2106 3325 2161 verisimile
3363 2115 3540 2161 autem
3586 2118 3703 2162 erat
3758 2107 3884 2161 illos

2292 2194 2531 2250 turbatos
2572 2194 2779 2262 fuisse,
2830 2208 2883 2250 et
2927 2212 3108 2253 secum
3154 2200 3485 2268 reputavisse
3531 2214 3593 2253 ac
3629 2198 3882 2253 dixisse:

2288 2284 2567 2351 Quomodo
2591 2302 2717 2341 vero
2748 2287 2859 2341 ﬁeri
2902 2295 3115 2358 potest,
3146 2304 3267 2343 cum
3290 2290 3536 2344 undecim
3571 2300 3780 2344 tantum
3807 2294 3885 2345 si-

2286 2388 2405 2427 mus
2434 2376 2451 2444 (
2480 2391 2617 2429 unus
2654 2378 2797 2431 enim
2830 2393 2857 2430 a
2888 2378 3104 2433 diabolo
3135 2388 3324 2447 captus
3352 2380 3508 2448 est),
3544 2380 3739 2435 idiotas
3764 2422 3781 2447 ,
3819 2384 3885 2435 il-

2285 2464 2523 2520 literatos
2544 2508 2558 2531 ,
2584 2482 2866 2537 pauperes,
2896 2470 3179 2537 obscuros,
3211 2471 3385 2526 nudos
3406 2512 3421 2536 ,
3450 2487 3609 2525 uuam
3636 2475 3881 2528 tunicam

2285 2556 2541 2613 habentes
2561 2601 2575 2623 ,
2611 2560 2904 2628 nudipedcs
2928 2603 2941 2625 ,
2980 2577 3088 2615 non
3122 2577 3310 2616 zonam
3331 2602 3346 2627 ,
3377 2578 3481 2616 nou
3511 2564 3739 2633 virgam,
3768 2582 3881 2618 non

2283 2649 2498 2703 oboium
2558 2651 2827 2716 ferentes,
2883 2662 2940 2705 ut
3004 2662 3173 2707 totum
3236 2654 3495 2708 mttmlum
3555 2670 3881 2723 percurrere

2283 2742 2553 2796 valeamus
2594 2743 2671 2797 sic
2701 2743 3060 2813 dispositum,
3110 2745 3391 2816 ipsumque
3438 2761 3465 2799 a
3513 2747 3682 2801 veteri
3736 2763 3877 2803 cou—

2280 2830 2561 2887 suctudine
2622 2832 2886 2898 avellere,
2949 2844 3003 2888 et
3047 2834 3115 2887 ad
3162 2836 3286 2890 novi
3346 2834 3678 2891 Testamenti
3731 2837 3876 2909 dog-

2279 2930 2420 2976 mata
2450 2923 2702 2978 inducere
2722 2966 2736 2991 ,
2783 2933 2837 2979 et
2879 2927 3212 2996 peregrinam
3243 2927 3528 2998 quamdam
3560 2928 3872 2987 doctrinam

2278 3016 2547 3071 inculcare
2567 3017 2591 3069 ?
2610 3012 2949 3087 quandoiiam
2972 3021 3154 3089 spinas
3176 3022 3470 3077 avellemus
3486 3023 3508 3077 ἲ
3525 3025 3871 3093 quandonani

2276 3107 2479 3161 semina
2517 3107 2815 3177 iaciemus?
2840 3110 3054 3179 quando
3091 3121 3322 3166 mentem
3354 3127 3541 3167 eorum
3588 3124 3647 3169 ut
3675 3131 3871 3186 agrum

2276 3198 2551 3252 colemus?
2576 3198 2789 3267 quando
2815 3200 3067 3255 reddetur
3083 3202 3303 3257 semen?
3319 3204 3441 3273 quis
3468 3218 3567 3259 nos
3590 3221 3696 3260 non
3724 3207 3873 3262 abri.

2277 3289 2561 3358 piet?quis
2588 3304 2691 3343 non
2722 3305 2815 3359 per
2841 3292 3131 3362 praecipitia
3159 3292 3305 3349 dabit
3325 3294 3349 3346 i
3369 3296 3639 3365 quomodo
3665 3300 3871 3367 potui-

2274 3392 2391 3433 mus
2419 3378 2501 3432 vel
2525 3394 2584 3433 os
2613 3381 2846 3448 aperire,
2876 3391 3042 3447 stare,
3063 3382 3362 3452 disputare,
3394 3400 3712 3457 comparere
3740 3401 3871 3445 ante

2274 3479 2353 3524 tot
2392 3470 2560 3525 millia
2593 3470 2904 3527 hominum?
2944 3475 3214 3544 quomodo
3246 3484 3595 3548 tyrannorum
3626 3479 3867 3536 furorem

2272 3561 2721 3630 comprimemtts,
2749 3564 3081 3633 populorum
3121 3567 3573 3633 insurrectiones,
3608 3569 3865 3638 philoso-

2272 3646 2509 3716 phorum
2541 3652 3048 3718 argumentationes
3068 3694 3081 3717 ,
3118 3655 3400 3711 rhetorum
3444 3659 3826 3727 eloquentiam
3846 3702 3865 3726 .

2272 3739 2612 3809 praajudicati
2645 3742 2814 3796 animi
2836 3745 3200 3813 tyrannidem,
3221 3750 3421 3804 veteris
3443 3753 3868 3821 consuetudinis

2272 3829 2725 3893 vim,datmonum
2742 3833 3207 3897 insidias,animas
3222 3841 3367 3893 mille
3387 3842 3866 3899 tnorhisall‘ectas?

2271 3937 2371 3978 nos
2401 3923 2560 3994 igitur
2589 3924 2874 3993 undecim,
2901 3927 3172 3996 quomodo
3201 3944 3391 3985 omnes
3423 3930 3512 3999 qui
3547 3945 3642 4000 per
3671 3933 3863 3989 orbem

2269 4023 2394 4067 sunt
2439 4013 2803 4083 corrigemus,
2850 4015 3030 4071 idiota;
3073 4018 3377 4088 sapientes,
3416 4020 3542 4075 nudi
3588 4033 3862 4091 armatos,

2269 4107 2467 4161 subditi
2502 4108 2793 4177 principes,
2818 4109 2909 4179 qui
2940 4126 3101 4165 unam
3134 4120 3379 4167 tenemus
3401 4112 3636 4184 linguam
3666 4117 3867 4172 adver-

2268 4214 2359 4255 sus
2386 4200 2694 4255 innumeras
2721 4200 2929 4271 linguas
2956 4203 3291 4273 disputantes
3312 4248 3325 4269 ,
3360 4216 3413 4261 et
3445 4208 3708 4264 adversus
3732 4228 3865 4282 gen-

2269 4302 2350 4346 tes
2381 4292 2633 4346 barbaras
2663 4290 2995 4363 diversaeque
3024 4293 3217 4363 lingua:
3234 4295 3391 4366 ‘lqnis
3414 4314 3518 4351 non
3545 4298 3704 4367 feret,
3728 4319 3867 4373 quo-

2268 4400 2387 4439 rum
2425 4400 2492 4439 ne
2535 4384 2749 4453 quidem
2782 4384 3019 4455 linguam
3051 4385 3354 4458 intelligere
3384 4391 3600 4460 possit?
3644 4409 3713 4449 ne
3762 4395 3866 4451 hoc

2267 4491 2448 4532 seeitm
2499 4485 2808 4546 reputantes
2850 4480 3211 4547 turbarentur,
3246 4482 3592 4553 Evangelium
3626 4502 3862 4544 messem

2267 4567 2588 4636 appellavit;
2621 4582 2684 4623 ac
2713 4569 2757 4622 si
2792 4566 3000 4623 diceret
3031 4569 3261 4626 :Omnia
3285 4583 3538 4642 apparata
3562 4587 3710 4645 sunt,
3741 4594 3864 4634 om.

2270 4662 2354 4715 nia
2384 4660 2625 4715 ordinata
2650 4676 2668 4715 :
2692 4660 2757 4715 ad
2786 4671 3026 4731 paratam
3052 4678 3149 4717 vos
3176 4662 3446 4720 fructuum
3476 4669 3863 4728 collectionem

2269 4753 2422 4806 mitto
2453 4769 2465 4803 :
2500 4750 2689 4805 eodem
2736 4750 2852 4821 ipso
2879 4752 2969 4808 die
2993 4764 3047 4809 et
3074 4756 3343 4811 seminare
3371 4767 3425 4811 et
3467 4767 3677 4816 metere
3711 4773 3867 4831 pote-

2268 4844 2403 4897 ritis.
2429 4841 2579 4898 Sicut
2609 4842 2769 4913 igitur
2809 4845 3044 4914 agricola
3074 4845 3142 4901 ad
3171 4862 3400 4902 messem
3445 4851 3634 4920 exiens
3663 4857 3865 4924 gaudet

2269 4944 2323 4991 et
2350 4936 2502 4989 luctus
2531 4934 2799 5001 exsultat,
2834 4936 3047 4992 labores
3080 4946 3135 4992 et
3168 4938 3513 4996 difﬁcultates
3540 4958 3648 4997 non
3683 4949 3866 5002 consi-

2269 5028 2463 5080 derans
2487 5067 2501 5091 ,
2531 5025 2624 5080 sed
2657 5027 2808 5095 quasi
2839 5028 2905 5081 ad
2932 5037 3248 5098 proventum
3282 5041 3527 5101 paratum
3554 5034 3823 5094 festinans
3850 5083 3862 5098 .

2267 5130 2321 5174 et
2350 5119 2413 5173 ad
2444 5135 2651 5174 aunuos
2709 5120 2909 5175 fructus
2952 5136 3209 5187 currens,
3240 5133 3294 5178 et
3343 5126 3474 5180 nihil
3505 5137 3587 5183 est
3620 5129 3723 5199 ipsi
3775 5135 3867 5186 im-

2269 5212 2559 5282 pedimcnti
2608 5212 2687 5265 vel
2726 5212 2914 5278 obicis,
2956 5213 3096 5269 nulla
3147 5214 3309 5271 futuri
3358 5217 3720 5288 iucertitudo;
3759 5242 3864 5279 non

2270 5305 2470 5359 imbres
2490 5346 2503 5368 ,
2533 5303 2822 5375 grandines
2841 5347 2853 5369 ,
2886 5306 3100 5361 siccitas
3126 5349 3138 5372 ,
3171 5324 3276 5363 non
3306 5311 3477 5366 malus
3506 5313 3595 5367 ille
3621 5313 3862 5371 locusta-

2268 5416 2382 5453 rum
2434 5399 2709 5453 exercitus
2742 5416 2753 5451 :
2782 5414 2900 5452 nam
2934 5401 3024 5470 qui
3073 5404 3234 5456 messi
3280 5402 3371 5457 dat
3425 5418 3678 5474 operam,
3730 5411 3863 5465 nihil

2269 5490 2375 5543 tale
2427 5491 2760 5559 suspicatur;
2817 5490 2937 5545 ideo
2999 5492 3225 5548 choreas
3270 5506 3525 5565 agentes,
3588 5504 3862 5557 exsultan-

2273 5589 2394 5644 tes,
2452 5581 2723 5636 laboribus
2780 5582 3095 5638 ineumbunt
3138 5605 3151 5641 :
3205 5585 3277 5641 ita
3321 5597 3375 5642 et
3419 5605 3531 5656 vos,
3580 5594 3688 5645 imo
3738 5610 3862 5651 Clllll

2273 5671 2459 5738 majori
2489 5672 2760 5741 voluptate
2803 5674 2853 5726 in
2888 5675 3071 5729 orbem
3102 5678 3249 5733 exire
3279 5694 3497 5734 necesse
3532 5693 3634 5737 est.
3673 5686 3865 5743 Μεςςξς

2271 5765 2413 5817 enim
2442 5775 2523 5819 est
2554 5783 2639 5821 res
2680 5768 2823 5821 istaec
2846 5808 2859 5831 ,
2891 5769 3082 5823 messis
3125 5772 3343 5825 multam
3389 5772 3592 5827 habens
3638 5778 3861 5833 facilita-

2275 5871 2411 5915 trem.
2464 5864 2649 5917 neseis
2676 5878 2794 5931 quae
2838 5873 3044 5932 paratas
3096 5864 3246 5919 vobis
3290 5879 3551 5922 uicustrat
3594 5884 3810 5943 Segnis
