4034 6410
644 316 750 372 6‘25

648 429 864 486 Obsecro
910 438 990 493 te,
1033 423 1203 497 inquit
1223 432 1249 489 ,'
1281 419 1347 478 de
1383 439 1484 493 quo
1531 421 1776 492 propheta
1823 421 1931 475 hac
1983 415 2202 486 loquitur

647 519 786 588 (Act.
814 519 869 574 8.
896 516 1030 588 ειη
1056 525 1112 572 et
1134 514 1276 579 dicta
1305 528 1426 570 cum
1454 511 1744 568 attentione
1770 509 1933 564 multa
1961 506 2196 578 percipit.

648 609 828 679 Neque
857 607 957 662 hoc
986 614 1188 662 tantum
1208 646 1224 672 ,
1270 603 1671 673 sed-acceptum
1699 614 1804 657 non
1848 596 2202 669 procrastina-

649 703 744 764 vit,
773 713 878 754 non
907 696 1131 763 distulit,
1165 711 1272 750 non
1301 695 1457 762 dixit,
1483 694 1540 749 lu
1572 692 1795 762 patriam
1830 703 2000 744 meam
2022 701 2205 742 rever-

647 801 747 854 tur,
773 789 962 845 videbo
982 789 1329 859 philosophos
1369 800 1518 843 meos
1548 793 1605 842 et
1622 784 1905 840 familiares
1924 790 1978 836 et
2013 794 2209 850 cogna-

646 890 727 932 tos
769 878 953 950 :quod
981 878 1131 932 multi
1168 876 1586 933 Christianorum
1623 887 1762 930 nunc
1797 871 1981 928 dicunt
2017 868 2084 924 ad
2113 870 2208 924 ba-

648 971 840 1038 ptisma
874 969 1046 1023 vocati
1077 987 1091 1022 :
1121 968 1377 1025 Revertar
1397 969 1448 1022 ln
1479 966 1721 1036 patriam,
1741 963 1932 1020 videbo
1962 976 2204 1025 uxorem,

649 1062 838 1117 videbo
867 1060 1007 1116 filios
1031 1074 1151 1115 cum
1181 1059 1418 1130 cognatis
1445 1057 1578 1112 meis
1608 1073 1622 1112 :
1651 1056 1755 1110 illis
1779 1051 2127 1124 praisentibus
2155 1059 2209 1106 et

647 1168 858 1208 mecum
889 1151 1081 1207 festum
1115 1148 1506 1205 celebrantibus
1525 1189 1541 1216 ,
1593 1146 1674 1202 sic
1697 1145 2013 1215 baptismate
2041 1143 2202 1208 fruar,

645 1248 722 1299 sic
760 1245 943 1317 gratia:
969 1243 1237 1314 particeps
1257 1256 1372 1296 ero.
1425 1241 1496 1294 At
1516 1253 1622 1294 non
1669 1237 1759 1293 ille
1789 1235 2048 1291 barbarus
2083 1240 2208 1288 tunc

645 1337 761 1390 inec
790 1334 944 1399 dixit,
975 1332 1190 1388 tametsi
1218 1330 1430 1386 Iudaeus
1458 1336 1622 1394 esset,
1651 1337 1708 1384 et
1725 1325 1792 1381 ad
1816 1324 2038 1380 multam
2063 1321 2207 1377 loco;

644 1442 760 1479 rum
789 1423 1187 1481 observantiam
1215 1429 1270 1475 et
1295 1418 1496 1475 cultum
1517 1416 1813 1481 institutus,
1841 1428 1961 1468 cum
1979 1411 2232 1466 maxime

647 1518 958 1588 frequenter
1006 1515 1106 1584 ipsi
1133 1512 1460 1569 insonuisset
1498 1509 1673 1564 locum
1717 1505 1863 1562 illum
1915 1504 2204 1559 observan-

642 1608 770 1662 dum
808 1621 950 1672 esse,
979 1605 1206 1674 ideoque
1234 1616 1477 1672 magnam
1511 1593 1988 1670 peregrinationem
2029 1605 2207 1646 susce-

648 1701 816 1770 pisset
838 1738 854 1764 ,
887 1705 943 1752 ut
963 1697 1018 1751 in
1043 1711 1149 1767 quo
1176 1694 1295 1749 loco
1317 1693 1547 1763 iusserat
1575 1690 1714 1745 Deus
1733 1727 1749 1753 ,
1779 1685 2027 1740 adoraret
2055 1699 2070 1736 :
2115 1682 2209 1736 sed

653 1790 830 1844 statim
856 1787 1015 1842 talem
1027 1782 1468 1841 consuetudinem
1485 1778 1762 1849 abiicicns,
1786 1782 1885 1831 eta
1907 1773 1995 1828 tali
2021 1773 2208 1828 obser-

645 1879 857 1932 vatione
886 1873 1142 1930 recedens
1164 1888 1178 1933 ;
1197 1885 1317 1926 cum
1334 1883 1512 1925 sermo
1528 1865 1799 1923 absolutus
1810 1872 1974 1931 esset,
1994 1872 2048 1918 et
2061 1862 2210 1932 iuxta

647 1969 783 2022 viam
814 1966 1012 2022 fontem
1035 1963 1283 2027 videret,
1329 1961 1462 2016 dixit
1488 1979 1500 2014 :
1539 1959 1666 2013 Ecce
1689 1973 1871 2027 aquam
1903 1954 2064 2026 :quid
2094 1971 2213 2024 pro-

648 2058 777 2111 hibet
807 2073 882 2109 me
934 2054 1184 2126 baptizari
1238 2053 1373 2122 (Act.
1417 2053 1469 2106 8.
1527 2049 1657 2120 56)?
1702 2047 1944 2102 Vidistin’
1983 2059 2210 2100 messem

644 2163 831 2204 rursus
860 2145 1192 2202 confectam?
1218 2143 1451 2199 vidistin’
1475 2141 1673 2196 nullum
1698 2140 2022 2209 insumptum
2052 2138 2212 2192 fuisse

647 2251 858 2308 tempus
904 2236 996 2293 sed
1040 2247 1272 2305 terram,
1312 2234 1490 2291 statim
1541 2242 1698 2304 atque
1737 2247 1922 2290 semen
1966 2231 2210 2298 admisit,

643 2343 699 2387 et
745 2332 946 2402 spicam
988 2339 1289 2386 comantem
1335 2329 1577 2384 emisisse
1629 2335 1682 2381 et
1743 2336 2004 2380 maturam
2056 2339 2211 2378 uvam

647 2425 855 2480 fuisse?
883 2422 1017 2477 Ecce
1057 2437 1241 2492 aquam
1264 2462 1281 2488 ,
1332 2420 1518 2491 inquit.
1545 2418 1662 2473 Non
1712 2432 1891 2472 muros
1929 2415 2210 2487 qumsivit,

652 2532 758 2569 non
789 2522 984 2569 tectum
1034 2527 1287 2577 aureum,
1340 2525 1446 2565 non
1493 2509 1928 2565 vestimentorum
1985 2521 2213 2577 appara-

648 2616 759 2660 tum
782 2647 798 2671 ,
841 2619 944 2659 non
969 2604 1211 2668 calceos;
1254 2602 1349 2658 sed
1373 2603 1494 2672 quia
1519 2602 1752 2656 animum
1779 2610 2018 2672 paratum
2052 2599 2216 2655 babe-

650 2697 739 2749 bat
768 2706 817 2750 et
844 2695 1067 2750 ardebat
1089 2693 1356 2750 desiderio
1381 2693 1757 2761 alacritateque
1772 2705 2027 2746 accensus
2057 2703 2172 2746 erat
2194 2730 2210 2755 ,

646 2787 712 2841 ad
742 2789 961 2856 gratiam
994 2787 1171 2842 statim
1212 2784 1471 2848 accurrit,
1512 2792 1566 2839 et
1591 2783 1864 2838 doctorem
1895 2781 2116 2852 urgebat
2155 2789 2214 2835 ut

647 2878 713 2931 ad
747 2877 1066 2946 baptismum
1114 2878 1285 2945 ipsum
1322 2874 1645 2942 adduceret,
1675 2885 1832 2943 atque
1871 2872 1962 2926 illa
1990 2871 2210 2925 immor—

651 2969 772 3021 Iulia
809 2979 863 3022 et
916 2967 1188 3021 tremenda
1233 2966 1481 3038 mysteria
1518 2965 1615 3019 sibi
1654 2963 1941 3019 conferret.
1983 2961 2214 3019 ldeoille

647 3075 861 3128 quoque
888 3059 1066 3111 statim
1093 3059 1302 3123 annuit,
1331 3056 1656 3111 alacritatem
1682 3053 2015 3124 approbans,
2043 3061 2096 3107 et
2123 3053 2215 3108 ba-

652 3150 866 3218 ptizavit
900 3149 1068 3203 illum.
1092 3147 1294 3203 Idcirco
1326 3161 1554 3201 messem
1581 3155 1735 3200 vocat
1755 3145 2114 3215 Evangelium,
2145 3144 2215 3198 ob

646 3241 946 3294 facilitatem
989 3252 1145 3309 quam
1185 3238 1312 3307 ipsis
1340 3237 1624 3307 praebebat.
1657 3234 1787 3290 Nam
1824 3244 1878 3291 et
1908 3236 2034 3291 alibi
2065 3250 2210 3306 quo-

647 3347 750 3399 que
806 3331 934 3384 dicit
969 3328 1110 3400 quod
1163 3327 1318 3383 dictis
1368 3327 1517 3382 Pauli
1564 3325 1901 3382 attenderem
1945 3345 1956 3378 :
2008 3326 2204 3382 etenim

1344 312 1403 367 S.
1440 308 1712 369 JOANNIS
1753 300 2222 363 CURYSOSTO)“
2261 299 2570 355 ARCIIIEP.
2610 297 3140 352 CUNSTANTINOP.

3787 291 3888 350 53S

2314 410 2568 463 Dominus
2608 405 2815 478 aperuit
2842 422 2937 462 cor
2973 423 3155 463 eorum
3206 417 3263 463 ut
3294 407 3634 464 attenderem
3681 410 3750 464 iis
3773 426 3888 480 qua

2310 498 2619 554 dicebantur
2664 498 2733 552 ab
2762 496 2876 552 illo.
2924 496 3061 552 Cum
3091 508 3268 554 autem
3299 499 3451 554 audis
3493 499 3636 569 quod
3682 511 3892 555 montes

2311 593 2548 648 bumiliet
2568 633 2583 655 ,
2624 606 2851 647 messem
2877 591 3065 656 faciat,
3095 601 3362 648 maturum
3392 592 3625 648 fructum
3658 595 3852 648 reddat
3875 636 3890 658 ,

2310 695 2364 739 et
2405 683 2624 736 multam
2667 691 2819 752 paret
2861 682 3165 737 facilitatem
3190 724 3206 748 ,
3259 699 3328 742 ne
3375 685 3661 741 credentes
3715 687 3894 754 prives

2311 773 2555 827 maximis
2579 773 2832 842 Operibus
2861 791 2875 827 :
2913 788 3087 844 neque
3117 773 3261 829 enim
3293 775 3398 829 vim
3431 775 3698 831 inferebat
3730 775 3894 830 liber-

2313 863 2444 928 tati,
2496 877 2669 932 neque
2728 863 2953 918 liberum
3016 863 3294 920 arbitrium
3348 864 3749 932 labefactabat,
3798 867 3891 920 sed

2309 952 2731 1022 cooperabatur,
2772 951 3029 1022 iuvabat,
3076 968 3293 1009 manum
3340 955 3612 1012 tendebat.
3661 954 3800 1010 Nam
3850 957 3892 1010 si

2310 1049 2479 1096 totum
2510 1042 2652 1096 illius
2677 1051 2842 1109 esset,
2872 1043 3007 1098 nihil
3031 1043 3314 1114 impediret
3366 1046 3653 1115 quominus
3699 1061 3894 1102 omnes

2309 1133 2444 1188 salvi
2486 1133 2678 1189 tierent
2707 1153 2720 1190 :
2751 1149 2894 1190 nunc
2936 1145 3113 1191 autem
3173 1135 3322 1192 aliud
3349 1136 3490 1192 illius
3531 1148 3646 1193 erat
3677 1177 3694 1202 ,
3747 1137 3892 1191 aliud

2308 1238 2494 1280 eorum
2545 1225 2633 1296 qui
2679 1225 3005 1282 accedebant
3043 1245 3058 1282 :
3104 1226 3471 1283 accedentium
3528 1242 3725 1298 nempe
3774 1229 3894 1282 vel-

2310 1314 2419 1370 lent
2444 1323 2498 1370 et
2523 1317 2781 1386 eligerent
2804 1331 2868 1372 ac
2906 1317 3131 1373 multam
3171 1318 3516 1374 ostenderent
3558 1320 3893 1376 alacritatem

2309 1415 2364 1461 et
2379 1420 2690 1475 generosam
2719 1407 2916 1475 fidem;
2949 1409 3042 1464 Dei
3060 1417 3259 1475 autem,
3278 1409 3419 1482 quod
3442 1410 3580 1466 bona
3599 1411 3892 1482 praeberet,

2311 1504 2367 1550 et
2391 1495 2730 1552 manifestum
2759 1497 3012 1555 redderet
3036 1513 3342 1556 sermonem
3363 1501 3666 1572 claramque
3687 1502 3892 1558 doctri-

2310 1601 2454 1652 nam,
2473 1588 2780 1658 seminaque
2797 1590 3018 1658 iaceret,
3037 1600 3093 1646 et
3115 1590 3353 1646 auditum
3367 1591 3579 1661 iuvaret
3595 1593 3663 1648 ad
3683 1591 3707 1647 f
3708 1604 3894 1648 ructus

2313 1678 2694 1734 maturitatem.
2749 1677 2872 1737 "ch
2894 1681 3056 1752 igitur
3085 1684 3266 1738 omnia
3296 1684 3598 1754 cogitantes
3621 1725 3638 1749 ,
3688 1685 3761 1746 ad
3791 1688 3895 1741 vir-

2313 1769 2438 1823 tutis
2487 1768 2723 1825 laborem
2771 1771 2946 1840 ipsum
3000 1774 3325 1842 accipiamus
3369 1774 3708 1844 adiutorem,
3774 1791 3897 1846 qua:

2313 1869 2493 1914 nostra
2538 1871 2665 1915 sunt
2732 1860 3041 1919 inferentes.
3095 1863 3229 1920 Nam
3271 1867 3318 1922 si
3373 1881 3488 1922 rem
3533 1877 3641 1922 tam
3697 1867 3897 1923 difﬁci—

2315 1949 2419 2004 lem
2472 1951 2542 2005 ita
2595 1950 2751 2008 facile
2805 1954 3068 2023 perfecit,
3119 1971 3227 2012 non
3287 1958 3339 2012 in
3396 1973 3500 2013 una
3553 1959 3635 2013 vel
3683 1958 3899 2013 duabus

2314 2041 2398 2096 vel
2427 2043 2608 2111 viginti
2635 2044 2937 2101 civitatibus
2957 2087 2972 2113 ,
3004 2045 3098 2102 sed
3138 2063 3232 2116 per
3262 2057 3428 2104 totum
3453 2051 3662 2115 orbem,
3698 2050 3898 2118 praedi-

2316 2134 2582 2188 cationem
2608 2135 2813 2191 scilicet
2856 2144 2911 2191 et
2961 2137 3285 2205 doctrinam,
3317 2149 3371 2194 et
3415 2141 3524 2209 ipsa
3561 2156 3655 2208 per
3699 2152 3895 2203 totam.

2315 2243 2475 2296 quem
2493 2229 2572 2284 sol
2589 2231 2824 2299 respicit,
2854 2239 3052 2285 terram
3079 2246 3283 2301 sparsa,
3304 2234 3724 2305 pulcherrimum
3754 2235 3899 2290 hunc

2319 2319 2518 2387 profert
2548 2319 2774 2375 fructum
2807 2340 2819 2375 :
2854 2319 3027 2390 palam
3053 2331 3132 2377 est
3154 2338 3275 2378 cum
3302 2324 3369 2379 ad
3397 2325 3607 2380 virtutis
3639 2324 3897 2380 ferendos

2317 2410 2538 2467 sudores
2585 2411 2740 2468 nobis
2765 2427 2919 2483 opem
2951 2415 3176 2468 laturum
3205 2430 3345 2481 esse,
3375 2417 3664 2471 dummodo
3701 2433 3773 2470 ne
3805 2433 3896 2472 su-

2319 2502 2425 2572 pini
2460 2502 2543 2557 vel
2573 2503 2827 2559 socordes
2851 2505 3018 2560 simus
3037 2522 3155 2572 nos,
3175 2507 3268 2562 sed
3298 2508 3340 2561 si
3367 2515 3544 2563 nostra
3572 2508 3733 2563 simul
3761 2525 3898 2562 con-

2319 2592 2546 2646 feramus
2568 2632 2585 2658 ,
2634 2608 2825 2663 nempe
2862 2595 3188 2650 alacritatem
3212 2639 3226 2662 ,
3257 2613 3436 2651 curam
3469 2639 3484 2665 ,
3539 2599 3896 2667 voluntatem,

2317 2683 2716 2752 cegitationem,
2732 2687 2957 2756 vigilias,
2983 2687 3413 2755 sollicitudinem,
3436 2689 3521 2745 sia
3542 2693 3899 2747 saecularibus

2319 2775 2480 2829 rebus
2500 2789 2596 2829 nos
2617 2775 3007 2842 abstrultamtts,
3033 2777 3076 2830 si
3100 2793 3398 2847 qttteramus
3430 2778 3624 2845 futura,
3651 2783 3694 2834 si
3715 2785 3898 2850 quoti-

2317 2866 2403 2920 die
2416 2867 2528 2936 ipsa
2541 2877 2880 2936 appetamus.
2902 2869 2956 2924 Si
2973 2871 3115 2924 enim
3135 2874 3245 2926 lucc
3259 2883 3503 2928 accurate
3523 2873 3899 2937 exhibeunttts,

2319 2961 2477 3014 etiam
2500 2976 2617 3031 quae
2644 2961 2786 3016 illius
2816 2973 2939 3016 sunt
2965 2974 3292 3032 sequentur;
3319 2966 3491 3020 ctillis
3521 2982 3677 3036 Opem
3715 2968 3899 3025 feren-

2321 3053 2459 3107 tibus
2501 3053 2639 3109 bona
2683 3055 2911 3109 caelestia
2964 3071 3355 3126 consequemur
3381 3077 3393 3111 :
3423 3076 3540 3130 qua:
3570 3063 3773 3115 utinam
3805 3080 3902 3118 nos

2318 3160 2504 3201 omnes
2552 3146 2943 3216 nanciscamur,
2997 3152 3164 3219 gratia
3215 3161 3269 3206 et
3316 3151 3639 3224 benignitate
3688 3155 3901 3209 Domini

2319 3237 2486 3291 nostri
2511 3236 2639 3293 Jcsu
2663 3235 2880 3305 Christi,
2908 3240 2992 3294 cui
3018 3241 3187 3310 gloria
3221 3244 3591 3312 etimperium,
3625 3249 3674 3298 in
3704 3249 3903 3301 su‘cnla

2319 3330 2656 3386 saeculorum.
2689 3334 2880 3388 Amen.

1799 3469 3895 3496 _____________________________________________

1967 3572 2310 3636 HOMILIA
2360 3575 2453 3638 x1
2496 3576 2605 3659 (a).

658 3733 902 3803 Ejusdem
946 3730 1155 3784 humilia
1199 3729 1404 3792 habita,
1453 3735 1717 3796 postquam
1766 3726 1900 3778 alius
1943 3723 2216 3775 admodum

731 3839 882 3878 aenea:
901 3821 1223 3876 concionattts
1253 3823 1416 3890 fuerat
1445 3833 1462 3870 :
1500 3818 1560 3869 de
1590 3814 1839 3868 Eleazaro
1871 3824 1917 3868 et
1946 3814 2008 3866 de
2034 3823 2219 3882 septem

727 3915 913 3982 pueris.

727 4007 779 4058 l.
819 4002 1260 4073 Quamspeciosa
1307 4008 1390 4055 est
1426 3999 1538 4053 lucc
1575 3996 1864 4067 spiritualis
1910 3995 2025 4048 olea
2060 4011 2072 4046 :
2102 4008 2222 4046 cum

655 4097 788 4151 raini
805 4094 922 4165 ejus
937 4092 1330 4156 consenuerint,
1349 4098 1611 4144 maturum
1630 4096 1807 4142 tamen
1825 4086 1978 4141 nobis
1995 4083 2220 4138 fructum

658 4188 798 4242 tulit!
817 4187 930 4241 Non
955 4185 1095 4242 enim
1114 4185 1245 4239 tales
1260 4190 1381 4237 sunt
1399 4182 1588 4252 planta:
1607 4189 1785 4244 terra},
1802 4179 1988 4248 quales
2005 4178 2223 4233 arbores

664 4277 920 4332 Ecclesia:
947 4293 960 4329 :
991 4275 1093 4330 illae
1122 4289 1348 4344 namque
1393 4287 1512 4327 cum
1539 4268 1606 4325 ad
1633 4279 1942 4324 vetustatem
1967 4283 2224 4339 pervene-

667 4378 815 4430 runt,
845 4376 970 4421 tunc
1002 4365 1248 4421 foliorum
1287 4363 1510 4433 plurima
1559 4360 1827 4426 amittunt,
1860 4361 2221 4415 immaturum-

663 4477 764 4528 quc
809 4471 863 4514 et
892 4475 1063 4514 tarum
1094 4458 1324 4514 oll'ernnt
1345 4456 1596 4511 fructum.
1628 4454 1734 4510 illa:
1775 4463 1974 4517 autem,
2006 4469 2126 4507 cum
2155 4453 2218 4505 ad

662 4561 990 4608 senectutem
1015 4550 1272 4615 venerint,
1315 4559 1438 4603 tunc
1479 4548 1709 4602 maxime
1734 4544 1956 4600 fructum
1998 4543 2220 4599 ubertim

670 4650 862 4700 ferunt.
916 4643 1065 4710 Quod
1112 4654 1256 4699 certe
1306 4643 1484 4698 videre
1534 4650 1616 4696 est
1665 4641 1717 4695 in
1765 4640 1858 4694 illo
1913 4639 2000 4708 qui
2057 4636 2209 4691 hodie

668 4743 916 4807 loquutus
971 4745 1052 4791 est
1105 4755 1118 4789 :
1168 4735 1392 4804 ideoque
1446 4744 1618 4789 tacere
1673 4733 1802 4787 mihi
1855 4731 2025 4785 visum
2080 4740 2159 4785 est
2207 4750 2216 4782 :

665 4829 944 4897 oportebat
985 4827 1124 4881 enim
1149 4868 1162 4894 ,
1205 4835 1281 4881 tot
1315 4825 1529 4880 senibus
1572 4822 1921 4893 prtcsentibus
1951 4822 2037 4891 qui
2081 4821 2219 4889 loqui

663 4921 893 4982 scirent,
921 4919 1182 4987 iuniorem
1205 4917 1500 4987 quiescere.
1551 4916 1621 4969 lta
1653 4930 1748 4969 nos
1794 4913 2041 4968 erudiunt
2082 4913 2224 4966 Scri-

662 5022 833 5078 ptnrtn
881 5012 1113 5066 divina:
1160 5025 1282 5064 nam
1329 5023 1449 5062 eum
1484 5007 1750 5076 iuniorem
1779 5007 2121 5075 alloquuntur
2146 5007 2223 5057 di-

662 5115 790 5157 cunt
822 5121 834 5156 :
870 5103 1112 5171 Loquere,
1130 5103 1329 5172 juvenis
1347 5143 1360 5167 ,
1391 5100 1442 5154 in
1469 5109 1556 5152 tua
1580 5117 1766 5163 causa,
1791 5101 1872 5153 vix
1901 5099 1972 5152 bis
1995 5099 2039 5152 si
2065 5101 2220 5151 inter-

659 5205 869 5266 rogatus
921 5196 1123 5264 fuerit:
1169 5194 1326 5248 multa
1377 5193 1547 5264 paucis
1590 5192 1740 5244 dicito
1775 5190 1955 5261 (Ecrli.
1997 5190 2081 5244 52.
2136 5189 2220 5244 lO.

665 5287 777 5356 ll).
828 5285 1034 5342 Seniori
1082 5293 1256 5339 autem
1301 5297 1404 5338 non
1452 5298 1570 5337 cum
1618 5282 1708 5335 tali
1755 5281 2090 5335 distinctione
2147 5281 2220 5330 Io-

663 5378 860 5448 quitur,
906 5376 998 5431 sed
1029 5375 1174 5430 illum
1223 5375 1430 5430 dimittit
1461 5387 1515 5428 ttt
1555 5376 1669 5429 sine
1705 5375 1790 5428 liis
1820 5374 2056 5426 terminis
2103 5388 2222 5425 cur-

663 5481 743 5522 rut
771 5486 781 5522 :
816 5478 870 5525 et
895 5469 1154 5525 dictorum
1183 5468 1342 5524 etiam
1368 5468 1689 5537 voluptatem
1714 5509 1729 5534 ,
1763 5469 1806 5520 si
1838 5482 1956 5520 cum
1988 5465 2218 5535 pruden-

724 5626 794 5683 (η)
819 5626 992 5676 Habita
1026 5636 1099 5677 est
1124 5628 1274 5688 pridie
1300 5626 1404 5676 festi
1431 5627 1808 5678 Muchabtcorum
1830 5625 1954 5689 Quod
1988 5623 2230 5688 pfilDOtil"

662 5701 841 5738 lucttStS
868 5692 1066 5752 Augusti
1091 5704 1117 5738 a
1137 5690 1314 5740 Graecis
1340 5689 1630 5740 celebratur.

2325 3721 2394 3774 tia
2422 3723 2699 3795 loquatur,
2730 3731 2999 3787 admirans
3021 3773 3037 3800 ,
3064 3735 3143 3789 sic
3164 3735 3340 3790 aiebat
3372 3755 3386 3790 :
3420 3735 3650 3806 Loquere
3673 3779 3688 3802 ,
3716 3755 3902 3805 senex,

2326 3816 2414 3869 tibi
2442 3834 2654 3889 namque
2681 3823 2908 3876 convenit
2927 3862 2941 3886 ,
2966 3825 3020 3877 in
3049 3838 3287 3878 accurata
3305 3827 3515 3880 scientia
3545 3844 3563 3879 :
3595 3840 3641 3881 et
3662 3829 3908 3897 impedias

2325 3912 2517 3965 musica
2547 3911 2733 3981 (Ecclt'.
2772 3914 2858 3968 52.
2886 3915 2936 3968 4.
2964 3913 3042 3984 5).
3081 3916 3216 3982 Quid
3246 3917 3346 3972 sibi
3380 3919 3491 3972 vult
3518 3919 3670 3986 illud,
3707 3919 3774 3973 Et
3807 3924 3904 3974 int-

2329 4001 2496 4070 pcdies
2537 4003 2766 4057 musica?
2815 4003 2987 4070 Tibia,
3018 4007 3221 4061 cithara
3276 4018 3331 4062 et
3384 4009 3598 4075 ﬁstulrc,
3664 4027 3772 4065 non
3831 4013 3904 4066 ita

2335 4107 2525 4147 suaves
2551 4094 2887 4150 audientibus
2932 4107 3083 4163 sunt,
3129 4107 3188 4150 ut
3231 4099 3461 4154 senioris
3516 4101 3757 4156 doctrina
3781 4119 3905 4157 cum

2327 4196 2571 4240 accurata
2620 4187 2840 4241 scientia
2891 4190 3118 4256 prolata.
3150 4188 3426 4259 Scriptura
3465 4193 3608 4246 enim
3660 4195 3907 4263 volupta~

2329 4285 2432 4328 tem
2485 4290 2800 4344 cmnparans
2851 4278 3143 4346 voluptati,
3200 4279 3335 4334 hanc
3388 4282 3478 4335 illa
3531 4283 3685 4353 longe
3738 4288 3906 4354 majo-

2328 4382 2439 4421 rem
2483 4369 2586 4420 vim
2617 4384 2865 4422 excrccrc
2907 4368 3069 4434 dicit;
3123 4372 3257 4428 hanc
3298 4373 3551 4440 vincere,
3608 4377 3755 4430 illam
3807 4379 3903 4446 ipsi

2327 4459 2536 4515 cedere.
2619 4461 2738 4514 Ideo
2793 4460 2953 4526 dicit,
3017 4461 3270 4531 Itttpedies
3343 4468 3571 4528 musica;
3637 4467 3742 4522 hoc
3790 4479 3902 4533 est,

2327 4569 2431 4608 non
2464 4554 2604 4608 sines
2649 4555 2738 4607 illa
2788 4568 3120 4623 comparere,
3149 4554 3528 4611 obtencbrabis
3559 4558 3668 4626 illa,
3713 4560 3904 4615 obum-

2329 4645 2527 4698 brabis.

2400 4737 2660 4792 Auditores
2703 4740 3114 4807 Clu-ysostomum
3158 4741 3322 4809 ipsum
3379 4741 3558 4793 audire
3609 4745 3903 4812 cupiebant.

2329 4829 2736 4884 Mac/tabworum
2763 4837 2917 4900 festus
2946 4833 3073 4884 dies.
3097 4862 3165 4870 —-
3183 4832 3305 4886 ideo
3334 4848 3430 4886 nos
3455 4850 3666 4902 quoque
3695 4847 3908 4904 oporte-

2329 4927 2418 4982 bat
2457 4937 2628 4981 taccre
2648 4937 2700 4980 et
2745 4927 2929 4980 audire
2956 4969 2968 4991 ,
3019 4927 3163 4980 hunc
3192 4936 3370 4980 autem
3405 4928 3546 4995 loqui
3577 4938 3632 4981 et
3663 4929 3861 4984 docere
3891 4950 3903 4983 :

2329 5034 2352 5072 s
2377 5020 2441 5080 ιιι,
2473 5019 2610 5088 quod
2642 5032 2784 5086 smpe
2810 5017 2916 5072 dixi
2951 5058 2965 5080 ,
2994 5018 3097 5072 hoc
3127 5034 3267 5071 nunc
3295 5019 3453 5071 etiam
3478 5019 3651 5071 dicam
3687 5037 3700 5071 :
3735 5036 3906 5090 neque

2330 5121 2558 5166 vestram
2611 5111 2722 5163 fero
2754 5108 3125 5179 tyrannidem,
3170 5123 3342 5177 neque
3372 5108 3562 5161 horum
3612 5113 3904 5164 necessita-

2331 5209 2434 5252 tem
2463 5219 2474 5250 :
2511 5200 2630 5252 ideo
2659 5213 2844 5252 rursus
2875 5198 2939 5251 ad
2970 5206 3261 5252 consuetos
3293 5213 3482 5251 cursus
3511 5213 3595 5250 me
3624 5213 3903 5268 comparo,

2328 5307 2440 5345 rem
2485 5291 2752 5344 difficilem
2775 5333 2789 5355 ,
2824 5291 3078 5360 loquendi
3106 5306 3330 5359 nempe,
3370 5305 3488 5344 cum
3540 5291 3705 5343 multa
3741 5292 3906 5346 facili-

2331 5392 2434 5437 tate
2493 5392 2761 5447 tructans,
2820 5398 2927 5434 non
2975 5393 3192 5449 propter
3243 5396 3388 5434 meas
3445 5379 3765 5444 facultates,
3815 5384 3904 5436 sed

2331 5488 2540 5546 propter
2593 5488 2823 5528 vestrum
2875 5475 3200 5528 audientium
3261 5474 3608 5526 alacritatan
3681 5475 3813 5528 Nam
3858 5486 3899 5528 et

2329 5586 2495 5638 nttpcr
2523 5570 2584 5621 ad
2621 5579 2817 5623 tantum
2846 5568 3253 5636 profunditatem
3287 5567 3546 5620 deductus
3578 5583 3759 5620 sermo
3792 5570 3896 5634 (τι),

2396 5685 2464 5746 (u)
2495 5684 2609 5744 Quae
2635 5686 2708 5732 hic.
2738 5686 2972 5733 militetur
3000 5682 3191 5731 homtlia
3214 5695 3306 5731 non
3330 5687 3444 5731 satis
3470 5686 3784 5743 perspicuum
3814 5692 3900 5732 est.
