4034 6400
173 267 281 323 525

180 382 320 436 ἑλθω
366 382 447 443 είς
474 380 574 449 τὴν
614 381 867 449 πατρίδα,
908 376 1002 429 ἴδω
1028 376 1125 447 τὴν
1156 377 1385 443 γυναῖκα
1405 414 1422 439 ,
1456 375 1551 427 ἴδω
1571 374 1639 427 τά
1670 371 1858 427 παιδία

173 468 312 538 μετά
346 468 452 521 τῶν
492 466 642 537 ἐμῶν
682 464 959 534 συγγενῶν
990 481 1002 493 ·
1040 463 1325 530 παρόντων
1361 464 1585 515 ἐκείνων
1612 461 1706 514 καὶ
1734 476 1859 513 συν-

168 554 534 627 εορταζόντων
594 552 751 622 ἐμοὶ,
803 548 975 613 οὕτως
1013 548 1395 617 ἀπολαύσομαι
1424 548 1514 602 τοῦ
1549 547 1861 617 βαπτίσμαο

167 658 286 705 τος,
327 640 470 693 οὕτω
505 639 716 709 μεθέξω
762 639 860 707 τῆς
896 638 1135 708 χάριτος.
1184 637 1323 689 Ἀλλ’
1355 635 1455 706 οὐχ
1519 638 1548 687 ὁ
1583 635 1859 706 βάρϐαρος

166 729 290 781 τότε
340 728 551 791 ἐκεῖνος
580 727 752 780 ταῦτα
794 722 914 779 εἷπε
948 726 1015 779 τά
1056 727 1275 796 ρἡατα
1301 764 1316 786 ,
1365 724 1462 778 καί⁵
1511 723 1685 778 ταῦτα
1726 725 1860 775 Ἰου-

164 816 317 879 δαῖος
352 814 431 868 ὣν
463 816 554 867 καὶ
588 814 788 885 πολλὴν
816 812 927 867 τῶν
958 814 1139 867 τόπων
1181 814 1353 865 ποιεῖν
1386 812 1487 881 τὴν
1540 812 1863 882 παρατήρη-

170 921 253 957 σιν
306 904 779 973 πεπαιδευμένος,
834 904 926 957 καὶ
961 902 1195 973 μάλιστα
1246 900 1507 971 συνεχῶς
1535 898 1860 970 ἐνηχοῦντος

168 991 321 1061 αὐτῷ
342 1031 357 1055 ,
393 992 475 1043 ὃτι
507 991 590 1043 δεῖ
620 992 807 1061 τηρεῖν
856 989 949 1043 τοῦ
992 990 1161 1042 τόπου
1206 988 1307 1058 τὴν
1334 987 1578 1060 φυλακὴν
1602 1028 1616 1051 ,
1651 987 1746 1041 καὶ
1774 986 1862 1040 διά

166 1078 327 1132 τοῦτο
358 1077 577 1149 μακράν
615 1076 926 1149 ἀποδημίαν
968 1076 1318 1147 στειλάμενος
1343 1117 1358 1138 ,
1390 1076 1475 1130 ἵνα
1507 1078 1563 1128 ἐν
1594 1074 1672 1145 τῷ
1711 1075 1862 1146 τόπῳ

164 1160 213 1233 ᾧ
243 1165 529 1219 ἐκέλευσεν
569 1166 598 1217 ό
642 1164 777 1228 Θεὸς
827 1166 1184 1237 προσκυνὴσῃ
1210 1178 1224 1193 ·
1278 1164 1392 1217 ἀλλ’
1445 1164 1640 1233 ἀθρόον
1682 1164 1863 1217 πᾶσαν

167 1252 387 1321 ἐκείνην
425 1253 523 1323 τὴν
558 1252 845 1323 συνήθειαν
876 1250 1124 1305 ἐκϐαλὼν
1157 1250 1251 1305 καὶ
1275 1250 1520 1315 ἀποστάς
1552 1251 1651 1321 τῆς
1681 1251 1865 1303 τοιαύ-

165 1360 269 1413 της
324 1343 805 1413 παρατηρήσεως’
863 1342 1054 1413 ἐπειδὴ
1094 1342 1412 1413 ἀπηρτίσθη
1463 1344 1492 1395 ό
1536 1341 1731 1409 λόγος,
1769 1343 1865 1395 καὶ

168 1434 356 1502 πηγὴν
405 1430 511 1485 εἶδε
539 1432 692 1504 παρά
720 1432 815 1503 τήν
844 1433 982 1497 ὁδὸν,
1014 1433 1178 1503 φησίν
1208 1452 1221 1465 ·
1259 1432 1404 1487 Ἰδοὺ
1434 1432 1591 1500 ὕδωρ
1610 1471 1625 1494 ,
1660 1433 1719 1485 τι
1751 1450 1864 1486 κω-

163 1521 299 1573 λύει
326 1537 403 1588 με
416 1518 868 1588 ,βαπτισθῆναι;
898 1518 1051 1584 Εἶδες
1080 1520 1169 1572 τὸν
1199 1518 1458 1589 θερισμὸν
1491 1520 1653 1573 πάλιν
1686 1520 1865 1590 ἀπαρ-

164 1607 490 1678 τιζόμενον;
532 1604 674 1672 εἶδες
699 1608 889 1663 οὐδένα
926 1608 1119 1678 χρόνον
1149 1607 1498 1662 ἀναλωθέντα
1526 1647 1541 1671 ,
1577 1607 1693 1661 ἀλλ’
1723 1606 1862 1678 ὁμοῦ

162 1694 265 1764 τὴν
296 1695 404 1764 γῆν
448 1696 767 1767 δεξαμένην,
800 1697 894 1750 καὶ
948 1696 1039 1749 τὸν
1074 1696 1275 1766 στάχυν
1314 1695 1568 1766 κομῶντα
1596 1695 1858 1749 ἐκϐαλοῦ-

166 1799 301 1844 σαν,
352 1784 447 1836 καὶ
477 1784 736 1855 πέπειρον
768 1784 857 1836 τὸν
897 1783 1097 1854 βότρυν
1127 1784 1449 1855 γενόμενον;
1497 1782 1642 1838 Ἰδοὺ
1682 1784 1859 1853 ὕδωρ,

165 1872 354 1941 φησίν.
415 1874 489 1926 Οὐ
534 1873 746 1942 τοίχους
775 1873 1038 1943 ἐζήτησεν
1062 1912 1077 1936 ,
1116 1874 1216 1926 οὐκ
1241 1874 1437 1945 δροφον
1467 1873 1702 1944 χρυσοῦν
1722 1914 1736 1939 ,
1763 1875 1861 1943 οὐχ

165 1960 405 2028 ίματίων
437 1959 801 2030 κατασκευήν,
831 1960 929 2029 οὐχ
958 1960 1281 2033 ὑποδήματα
1307 1978 1317 1989 ·
1352 1960 1465 2013 ἀλλ’
1496 1960 1685 2031 ἐπειδὴ
1717 1961 1850 2030 γνώ-

168 2063 279 2115 μην
302 2042 416 2115 εἶχε
443 2047 967 2119 παρεσκευασμένην
992 2049 1083 2101 καὶ
1107 2048 1225 2111 ἔζεε
1250 2048 1327 2118 τῷ
1349 2048 1499 2118 πόθῳ
1526 2049 1621 2101 καὶ
1645 2048 1860 2119 ἀνήφθη

165 2136 233 2203 τῇ
264 2135 544 2205 προθυμίᾳ
569 2176 584 2199 ,
616 2137 705 2187 ἐπὶ
732 2138 831 2205 τὴν
862 2136 1020 2205 χάριν
1057 2136 1257 2199 εὐθέως
1296 2134 1537 2207 ἔδραμε,
1580 2137 1674 2188 καὶ
1734 2155 1863 2189 κατ-

164 2222 485 2288 επείγειτὸν
506 2224 823 2278 διδάσκαλον
850 2225 985 2295 πρὸς
1009 2224 1105 2295 τὴν
1129 2224 1518 2294 μυσταγωγίαν
1530 2224 1693 2278 αὐτὸν
1721 2241 1862 2295 χειρ-

164 2311 458 2379 αγωγῆσαι
483 2352 495 2372 ,
530 2312 625 2363 καὶ
658 2310 979 2381 μεταδοῦναι
1024 2310 1133 2364 τῶν
1182 2311 1466 2365 ἀθανάτων
1510 2311 1733 2364 ἐκείνων
1768 2314 1861 2365 καὶ

166 2397 416 2465 φρικτῶν
449 2400 784 2468 μυστηρίων.
818 2400 909 2453 Διὸ
931 2399 1181 2462 κάκεῖνος
1213 2398 1415 2462 εὐθέως
1448 2400 1731 2461 ἐπένευσε,
1762 2398 1861 2469 τὴν

168 2484 484 2553 προθυμίαν
538 2486 979 2555 ἀποδεξάμενος,
1044 2488 1138 2540 καὶ
1193 2486 1487 2539 ἐϐάπτισεν
1538 2486 1720 2539 αὐτόν.
1761 2486 1862 2539 Διά

169 2572 328 2624 τοῦτο
359 2573 619 2641 θερισμὸν
669 2574 729 2625 τὸ
757 2572 1083 2641 Εὐαγγέλιον
1124 2572 1312 2637 καλεῖ,
1359 2574 1449 2626 διά
1480 2572 1578 2645 τὴν
1608 2573 1860 2626 εὐκολίαν

167 2659 235 2725 ἢν
267 2663 530 2730 παρεῖχεν
576 2662 777 2724 αὐτοῖς.
815 2662 923 2714 Καὶ
955 2661 1065 2731 γὰρ
1115 2662 1210 2713 καὶ
1253 2660 1488 2731 ἀλλαχοῦ
1538 2678 1705 2731 φησιν
1728 2702 1742 2726 ,
1778 2661 1859 2713 ὃτι

169 2752 461 2816 προσεῖχον
495 2752 608 2810 τοῖς
650 2749 960 2818 λεγομένοις
995 2748 1099 2802 ὑπὸ
1124 2749 1217 2802 τοῦ
1259 2750 1473 2803 Παύλου
1495 2765 1509 2780 ⁸
1552 2752 1645 2803 καὶ
1693 2748 1803 2819 γάρ
1833 2752 1861 2801 ό

168 2835 375 2902 Κύριος
413 2834 646 2905 διὴνοιξε
686 2829 781 2905 τὴν
810 2836 1034 2906 καρδίαν
1066 2835 1243 2889 αὐτῶν
1288 2836 1579 2907 προσέχειν
1617 2838 1729 2898 τοῖς
1760 2834 1858 2887 λα-

168 2920 455 2991 λουμένοις
487 2923 578 2973 ὐπ’
605 2923 793 2976 αὐτοῦ.
821 2925 988 2976 Ὅταν
1012 2923 1067 2975 δὲ
1098 2924 1338 2994 ἀκούσῃς
1364 2963 1378 2986 ,
1422 2924 1509 2976 ὃτι
1535 2924 1637 2993 δρη
1671 2939 1861 2976 ταπειο

171 3013 270 3075 νοῖ,
298 3010 391 3062 καὶ
432 3011 692 3081 θερισμὸν
720 3010 1036 3080 ἐργάζεται,
1064 3013 1156 3064 καὶ
1185 3010 1394 3081 ώριμον
1431 3013 1576 3063 ποιεῖ
1602 3010 1694 3062 τὸν
1725 3028 1862 3081 καρ-

171 3097 292 3161 πὸν,
321 3097 414 3149 καὶ
445 3097 645 3151 πολλὴν
679 3097 1078 3161 κατασκευάζει
1100 3097 1198 3168 τὴν
1227 3097 1497 3165 εὐκολίαν,
1520 3096 1596 3169 μὴ
1624 3098 1861 3151 ἀποστε-

769 3305 1283 3315 --α-Ἠ-
1306 3306 1775 3316 _—_—-————-___._

1009 263 1077 318 XI
1118 263 1421 328 llOMlLlA,
1454 260 1542 316 DE
1586 260 1955 318 ELEAZARO
1994 261 2083 315 ΕΤ
2126 257 2403 316 SEPTEM
2446 259 2722 317 PUERIS.

3553 257 3660 313 (1‘34

1964 375 2138 445 ρήσῃς
2164 374 2291 437 τοὺς
2324 372 2682 436 πιστεύοντας
2712 373 2820 425 τῶν
2867 373 3141 442 μεγίστων
3172 372 3615 447 κατορθωμάτων
3641 394 3652 405 ·

1961 462 2082 515 οὐδέ
2121 461 2229 533 γὰρ
2280 460 2530 526 ἐϐιάζετο
2566 460 2666 531 τὴν
2716 458 3034 531 ἐλευθερίαν
3086 460 3187 531 τῆς
3236 462 3493 535 γνώμης,
3536 465 3658 519 ούδέ

1960 547 2282 617 ἐλυμαίνετο
2312 550 2376 601 τὸ
2403 548 2786 615 αὐτεξούσιον,
2818 547 2954 602 ἀλλά
2988 549 3328 620 συνέπραττε
3372 552 3465 604 καὶ
3500 552 3657 623 ἐϐοὴ-

1962 634 2046 687 θει
2102 636 2195 689 κα)⁸
2223 638 2384 707 χεῖρα
2422 635 2655 708 ὤρεγεν.
2687 637 2751 691 EI
2789 635 2899 708 γὰρ
2926 636 2989 690 τὸ
3025 638 3135 691 πᾶν
3159 639 3329 693 αὐτοῦ
3362 636 3431 711 ἦν
3451 683 3466 705 ,
3502 642 3657 696 οὐδὲν

1962 722 2201 776 ἐκώλυεν
2247 723 2494 788 ἅπαντας
2540 724 2842 790 σώζεσθαιο
2885 724 2984 779 νῦν
3026 726 3084 781 δὲ
3116 727 3179 781 τὸ
3212 728 3313 799 μὲν
3344 729 3511 783 αὐτοῦ
3540 731 3661 800 ἐγίο

1962 828 2118 875 νετο,
2152 811 2214 865 τὸ
2262 811 2319 865 δὲ
2357 812 2466 865 τῶν
2503 812 2841 884 προσιόντων
2866 830 2881 845 ·
2924 813 3035 868 τῶν
3088 814 3189 886 μὲν
3233 818 3568 889 προσιόντων
3602 821 3665 872 τδ

1965 898 2293 971 βουληθῆναι
2324 902 2419 954 καὶ
2462 901 2714 967 ἑλέσθαι,
2770 903 2867 957 καὶ
2911 903 3115 977 πολλὴν
3152 906 3529 972 ἐπιδείξασθαι
3567 907 3667 978 τὴν

1964 987 2274 1058 προθυμίαν
2306 991 2401 1043 καὶ
2445 990 2700 1058 γενναίαν
2734 991 2834 1064 τὴν
2876 992 3097 1059 πίστιν,
3157 993 3253 1047 τοῦ
3299 995 3357 1048 δέ
3413 996 3475 1049 τὸ
3522 1013 3667 1066 παρ-

1966 1078 2113 1146 έχειν
2139 1075 2207 1129 τά
2239 1076 2389 1148 δῶρα
2412 1116 2427 1140 ,
2464 1078 2559 1131 καὶ
2597 1076 2840 1149 εὖσημον
2868 1080 3095 1149 ποιῆσαι
3135 1080 3229 1133 τὸν
3259 1080 3417 1149 λόγον
3449 1084 3543 1135 καὶ
3572 1100 3668 1135 σα-

1967 1166 2043 1235 φῆ
2088 1164 2187 1237 τὴν
2237 1165 2632 1230 διδασκαλίαν,
2672 1168 2769 1220 καὶ
2827 1168 2895 1221 τά
2952 1167 3248 1238 σπέρματα
3295 1168 3666 1235 καταϐαλεῖν,

1966 1254 2061 1307 καὶ
2093 1252 2361 1324 βοηθῆσαι
2398 1254 2535 1326 πρὸς
2580 1254 2643 1307 τὸ
2695 1257 2907 1326 ὧριμον
2956 1254 3212 1324 γενέσθαι
3242 1255 3341 1325 τὴν
3378 1256 3665 1327 ἀκρόασιν.

1966 1341 2133 1395 Ταῦτ’
2161 1337 2256 1395 οὖν
2302 1342 2520 1396 ἅπαντα
2559 1342 2911 1408 ἐννοοῦντες,
2960 1344 3051 1397 καὶ
3109 1346 3190 1407 είς
3239 1344 3333 1397 τὸν
3374 1344 3517 1415 ὑπὲρ
3566 1344 3669 1415 τῆς

1966 1430 2169 1499 ἀρετῆς
2204 1430 2365 1482 πόνον
2402 1430 2565 1482 αὐτὸν
2594 1428 2853 1500 λάϐωμεν
2894 1430 3189 1501 σύμμαχον
3217 1434 3309 1485 καὶ
3343 1431 3567 1503 βοηθὸν,
3600 1435 3673 1487 τὰ

1967 1519 2098 1587 παρ’
2127 1517 2339 1570 ἐαυτῶν
2372 1518 2549 1570 πάντα
2577 1517 2950 1587 είσφέροντες.
2979 1519 3043 1572 El
3068 1518 3175 1589 γάρ
3201 1521 3435 1590 πρᾶγμα
3468 1520 3667 1573 τοσαύ-

1968 1620 2069 1673 την
2097 1603 2220 1675 ἐχον
2255 1604 2575 1667 δυσκολίαν,
2613 1603 2758 1658 οὕτω
2798 1604 3000 1676 ῥαδίως
3046 1605 3439 1677 κατώρθωσεν,
3478 1609 3579 1661 οὐκ
3612 1610 3674 1661 ἐν

1974 1694 2075 1763 μιᾷ
2104 1692 2313 1747 καὶδύο
2336 1694 2430 1746 καὶ
2462 1692 2641 1746 εῐκοσι
2681 1692 2922 1757 πόλεσιν,
2968 1693 3109 1747 ἀλλά
3158 1694 3436 1766 πανταχοῦ
3460 1695 3559 1765 τῆς
3591 1699 3674 1751 ol-

1972 1780 2266 1852 κουμένης,
2316 1779 2461 1849 λέγω
2493 1779 2558 1851 δὴ
2596 1778 2659 1832 τὸ
2698 1780 2965 1852 κήρυγμα
3015 1781 3110 1835 καὶ⁵
3158 1780 3259 1852 τήν
3298 1781 3671 1852 διδασκαλίαν,

1971 1868 2063 1920 καὶ
2092 1870 2171 1930 είς
2212 1869 2346 1936 ὅσην
2383 1868 2534 1937 ἥλιος
2568 1869 2744 1940 ἐφορᾷ
2773 1867 2879 1937 γῆν
2906 1868 3095 1922 ἁπασα
3123 1866 3264 1938 αὕτη
3295 1868 3672 1939 κατέσπαρται

1971 1956 2066 2007 καὶ
2094 1955 2347 2026 βρύειτῷ
2386 1955 2663 2027 καλλίστῳ
2719 1954 2896 2027 τούτῳ
2945 1954 3173 2027 καρπῷσ
3198 1954 3421 2025 εὔδηλον
3449 1958 3529 2010 ὅτι
3578 1958 3674 2011 καὶ

1969 2045 2049 2106 εἰς
2079 2046 2205 2107 τοὺς
2242 2045 2379 2115 ὑπὲρ
2427 2044 2527 2114 τῆς
2568 2043 2773 2114 ἀρετῆς
2821 2042 3059 2115 ἱδρῶτας
3113 2042 3485 2113 συνεφάψεται
3519 2047 3672 2117 ἡμῖν,

1972 2131 2133 2201 μόνον
2173 2132 2267 2185 ἐάν
2302 2133 2376 2203 μὴ
2428 2132 2611 2185 ὒπτιοι
2658 2132 2754 2185 καὶ
2792 2131 3253 2196 ἀναπεπτωκότες
3306 2126 3461 2204 ὦμεν
3490 2136 3673 2205 ἡμεῖς,

1972 2218 2123 2290 [395]
2156 2220 2292 2273 ἀλλὰ
2318 2220 2385 2272 τά
2413 2220 2543 2290 παρ’
2578 2219 2791 2274 ἑαυτῶν
2824 2220 3295 2293 συνεισφέρωμεν,
3340 2222 3673 2295 προθυμὶαν,

1972 2306 2241 2377 σπουδὴν,
2300 2306 2579 2377 βούλησιν,
2614 2307 2862 2379 γνώμην,
2908 2308 3241 2379 ἀγρυπνίαν,
3298 2309 3577 2380 φροντίδα,
3615 2310 3676 2363 τὸ

1968 2395 2079 2448 τῶν
2118 2396 2388 2464 βιωτικῶν
2418 2395 2838 2466 ἀπαλλαχθῆναι
2884 2397 3253 2469 πραγμάτων,
3303 2398 3364 2452 τὸ
3393 2397 3579 2469 ζητεῖν
3607 2398 3676 2452 τὰ

1972 2484 2256 2554 μέλλοντα,
2292 2485 2353 2537 τὸ
2379 2483 2501 2537 καθ’
2534 2484 2775 2555 ἐκάστην
2796 2485 3011 2557 ἡμέραν
3040 2485 3223 2539 αὐτῶν
3247 2486 3401 2558 ἐρᾷν.
3436 2488 3533 2541 Ἂν
3567 2488 3676 2560 γὰρ

1966 2572 2140 2627 ταῦτα
2173 2573 2311 2643 μετά
2351 2572 2639 2644 ἀκριϐείας
2687 2572 3044 2643 παρέχωμεν,
3097 2572 3191 2627 καὶ
3222 2574 3291 2627 τά
3331 2576 3464 2646 παρ’
3504 2575 3679 2629 αὐτοῦ

1970 2663 2149 2716 πάντα
2208 2661 2435 2729 ἓψεταυ
2490 2660 2585 2714 καὶ
2613 2660 2923 2729 γενομένων
2967 2660 3193 2715 ἐκείνων
3234 2662 3540 2734 τευξόμεθα
3568 2663 3680 2719 τῶν

1968 2750 2237 2819 οὐρανίων
2270 2748 2493 2817 ἀγαθῶν
2525 2765 2537 2775 ·
2589 2742 2665 2802 ὦν
2697 2749 2912 2817 γένοιτο
2944 2750 3153 2814 πάντας
3195 2752 3344 2821 ἡμᾶς
3372 2754 3678 2823 ἐπιτυχεῖν,

1968 2841 2151 2910 χάριτι
2188 2839 2282 2892 καὶ
2317 2838 2701 2909 φιλανθρωπίᾳ
2735 2836 2831 2891 τοῦ
2869 2838 3077 2909 Κυρίου
3114 2838 3276 2909 ἡμῶν
3319 2840 3497 2911 Ἰησοῦ
3537 2842 3676 2913 xeu-

1970 2927 2123 2992 στοῦ,
2140 2920 2185 2995 ᾧ
2206 2928 2239 2997 ἡ
2268 2926 2393 2994 δόξα
2421 2927 2515 2979 καὶ
2534 2925 2593 2980 τὸ
2614 2926 2815 2998 κράτος
2836 2928 2917 2990 είς
2934 2926 3060 2992 τοὺς
3081 2926 3286 2994 αἰῶνας
3305 2928 3416 2982 τῶν
3438 2928 3679 2988 αίώνων.

1983 3015 2178 3086 Ἀμήν.

1778 3571 2025 3625 ΟΜΙΛΙΑ
2055 3572 2157 3624 lA'.

177 3728 289 3783 Τοῦ
341 3728 531 3800 αὐτοῦ
585 3730 788 3797 ὁμιλία
829 3729 1138 3800 λεχθεῖσα,
1190 3726 1397 3800 ἐτέρου
1439 3729 1866 3800 προειρηκότος

242 3799 480 3919 σφςξρα
532 3797 1094 3871 πρεσϐύτουξπερι
1156 3797 1512 3867 Ἐλεαζάρου
1568 3798 1669 3852 καί
1714 3799 1867 3852 ἐπτά

239 3886 346 3921 παι
391 3887 494 3925 ων.

239 3954 312 4012 α’.
352 3956 444 4021 Ὠς
478 3958 654 4028 ὡραία
681 3959 714 4029 ἡ
749 3958 1094 4031 πνευματικὴ
1121 3958 1278 4013 ἐλαία
1303 3958 1475 4029 αὐτηί
1504 3959 1612 4013 τῶν
1655 3957 1865 4012 κλάδων

169 4042 342 4113 αὐτῆς
366 4046 777 4119 γεγηρακότων,
798 4045 1005 4116 ὥριμον
1030 4047 1161 4115 ἡμῖν
1185 4046 1386 4116 ἡνεγκε
1410 4045 1501 4098 τὸν
1527 4046 1760 4116 καρπόν.
1788 4046 1863 4097 υύ

170 4131 282 4201 γάρ
302 4130 529 4185 τοιαῦτα
546 4132 615 4185 τὰ
637 4135 775 4202 φυτά
799 4134 900 4202 τῆς
920 4134 1044 4204 γῆς,
1074 4129 1163 4189 οἷα
1184 4136 1251 4187 τά
1281 4135 1475 4207 δένδρα
1504 4135 1603 4205 τῆς
1636 4136 1866 4204 Ἐκκλη-

174 4220 338 4281 σίας·
402 4222 586 4275 ἐκεῖνα
639 4224 737 4292 μὲν
782 4223 894 4295 γάρ
953 4228 1033 4287 είς
1084 4224 1261 4296 γῆρας
1326 4224 1573 4291 ἐλθόντα,
1630 4225 1751 4278 τότε
1795 4224 1866 4279 τὰ

171 4309 396 4363 πλείονα
432 4310 538 4363 τῶν
568 4312 780 4381 φύλλων
826 4313 1165 4381 ἀποτίθεται,
1196 4316 1286 4367 τό)
1335 4330 1393 4368 τε
1438 4318 1671 4387 καρπὸν,
1708 4316 1766 4370 ὃν
1798 4316 1866 4370 ἂν

171 4398 396 4471 ἐνέγκῃ,
432 4398 618 4452 τοῦτον
658 4401 858 4472 ἔξωρόν
906 4418 967 4453 τε
1014 4402 1167 4472 φέρει
1207 4404 1301 4457 καὶ
1346 4404 1573 4474 ἀραιόν·
1610 4404 1781 4457 ταῦτα
1808 4405 1867 4459 δέ

171 4486 302 4537 ὅταν
329 4489 411 4551 είς
441 4488 615 4558 γῆρας
644 4490 788 4558 ἔλθῃ,
827 4490 948 4542 τότε
995 4490 1226 4560 μάλιστα
1253 4491 1333 4560 τῷ
1362 4491 1561 4563 καρπῷ
1596 4492 1862 4564 βρίθεται.

177 4576 241 4624 ’0
263 4574 329 4643 δὴ
361 4576 455 4628 καὶ
482 4578 573 4629 ἐπὶ
595 4580 687 4630 τοῦ
715 4580 957 4650 σήμερον
987 4580 1269 4650 είρηκότος
1290 4581 1436 4632 ἐστὶν
1469 4582 1597 4633 ίδεῖν
1624 4598 1633 4608 ⁸
1667 4580 1747 4633 διὸ
1776 4581 1867 4634 καὶ

172 4661 333 4727 σιγᾷν
376 4661 548 4728 ἔγνων
574 4678 586 4691 ’
634 4662 739 4717 ἔδει
771 4666 899 4735 γάρ,
954 4665 1223 4719 τοσούτων
1266 4668 1539 4740 γερόντων
1584 4668 1867 4737 παρόντων

170 4748 265 4797 καὶ
288 4746 467 4814 λέγειν
490 4750 725 4813 εἰδότων,
762 4752 852 4804 τὸν
891 4752 1007 4806 νέον
1036 4753 1265 4824 ἡσυχίαν
1298 4755 1475 4823 ἄγειν.
1504 4754 1660 4809 Οὕτω
1688 4756 1783 4809 καὶ
1810 4757 1866 4809 αἱ

170 4831 310 4885 θεῖαι
346 4835 385 4885 Γ
391 4836 565 4905 ραφαὶ
597 4838 942 4893 παιδεύουσιν
969 4841 1115 4910 ἡμᾶς
1136 4856 1147 4869 ’
1175 4842 1300 4895 ὅταν
1335 4842 1435 4913 μὲν
1465 4842 1573 4914 γάρ
1613 4843 1718 4914 νέῳ
1752 4844 1869 4897 δια-

169 4919 458 4985 λέγωνται,
515 4925 677 4991 φασί·
729 4927 1042 4995 Adducor,
1081 4930 1387 4993 νεανίσκε,
1428 4932 1480 4983 εὶ
1523 4931 1694 4999 χρεία
1724 4948 1864 4997 σου,

165 5010 345 5073 μόλις
375 5010 469 5075 δὶς
497 5012 606 5065 ἐὰν
634 5013 1012 5084 ἐπερωτηθῇς
1032 5034 1043 5043 ·
1084 5019 1508 5087 κεφαλαίωσωλ
1534 5021 1605 5072 ἐν
1633 5021 1861 5088 ὀλίγοις

170 5099 391 5150 malui.
436 5100 528 5171 Τῷ
566 5103 623 5155 δέ
654 5106 933 5177 πρεσϐύτῃ
964 5108 1024 5159 οὐ
1075 5107 1213 5178 μετά
1253 5108 1361 5161 τῶν
1406 5109 1666 5163 τοιούτων
1696 5111 1861 5182 διορι-

174 5183 327 5249 τμῶν
354 5187 683 5257 διαλέγεται,
716 5192 829 5246 ἀλλ’
860 5195 1018 5263 ἀφεὶς
1064 5195 1155 5247 τὸν
1198 5195 1361 5248 αὐτὸν
1392 5198 1485 5249 καὶ
1536 5198 1707 5268 χωρὶς
1751 5198 1861 5251 τῶν

170 5269 427 5353 τοιούτων
465 5276 613 5345 ὅρων
636 5284 907 5351 συγχωρεῖ
928 5280 1143 5352 τρέχειν
1166 5298 1177 5310 ·
1200 5283 1292 5335 καὶ
1322 5282 1420 5353 τὴν
1452 5282 1645 5353 ἡδονὴν
1672 5285 1727 5337 δὲ
1758 5286 1862 5338 πά-

172 5349 252 5403 λιν
280 5356 385 5408 τῶν
425 5358 755 5432 λεγομένων,
803 5367 929 5419 ὅταν
984 5368 1125 5439 μετά
1154 5368 1419 5431 συνέσεως
1450 5369 1699 5441 λέγηται,
1732 5370 1861 5423 θαυ-

175 5442 436 5511 μάζουσα,
468 5448 641 5514 οὕτως
675 5453 814 5522 ἔφη·
863 5455 1171 5523 Λάλησον,
1214 5460 1600 5527 πρεσϐύτερε,
1650 5460 1861 5526 πρέπει

174 5527 281 5593 γάρ
320 5547 438 5599 σοι,
481 5534 552 5586 ἐν
587 5536 814 5604 ἀκριϐεῖ
845 5539 911 5592 δὲ
956 5540 1280 5611 ἐπιστήμῃ,
1328 5542 1425 5595 καί
1468 5543 1861 5611 ἐμποδίσειςι

234 5632 439 5707 "Bibiia
468 5637 649 5707 habent
672 5642 757 5707 καὶ
782 5643 842 5702 μὴ
878 5644 1159 5707 symacom,
1194 5645 1325 5707 quod
1356 5644 1403 5694 in
1430 5648 1721 5694 contrariam
1744 5660 1861 5694 δρη-

175 5695 372 5744 tentmn
396 5706 644 5751 convertit
665 5695 842 5763 Chrys:
875 5695 923 5755 ιιὶ
952 5695 1288 5758 ίίδιιοιὶιέὼοει
1314 5708 1364 5757 δέ
1390 5716 1499 5771 μοδι
1526 5710 1725 5771 amavi.

1968 3725 2257 3797 μουσικά.
2292 3725 2359 3779 Τί
2394 3726 2564 3791 ἐστιν,
2596 3726 2706 3781 Καὶ
2735 3725 3087 3797 έμποδίσεις
3117 3730 3391 3798 μουσικά
3410 3749 3429 3797 ;
3457 3734 3680 3790 Δείκνυ-

1972 3832 2056 3869 σιν
2083 3816 2148 3867 ἐκ
2166 3813 2381 3879 τούτου,
2402 3814 2486 3867 ὅτι
2512 3814 2612 3886 οὐχ
2636 3814 2809 3880 οὕτως
2832 3816 2993 3881 αὐλδς
3015 3818 3112 3871 καὶ
3133 3818 3335 3891 κιθάρα
3368 3824 3463 3875 καὶ
3490 3810 3681 3895 σύριγο

1970 3920 2063 3971 γες
2090 3901 2190 3973 ἡδὺ
2215 3904 2329 3965 τοῖς
2360 3899 2675 3967 ἀκούουσιν,
2713 3902 2791 3966 ὡς
2828 3904 3140 3974 πρεσϐύτου
3182 3906 3507 3965 διδασκαλία
3539 3912 3683 3981 μετά

1970 3988 2235 4061 ἀκριϐοῦς
2268 3990 2585 4060 ἐπιστήμης
2622 3990 3036 4063 προφερομένη.
3080 3993 3273 4067 Ἡδονῇ
3325 3997 3434 4068 γάρ
3480 3997 3678 4069 ἡδονὴν

1970 4097 2045 4132 πα
2055 4078 2417 4149 ραϐάλλουσα,
2437 4078 2571 4133 πολὺ
2588 4078 2793 4149 ταύτην
2808 4079 3025 4151 ἐκείνης
3036 4086 3516 4156 τυραννικωτέραν
3538 4081 3679 4140 εἷναί

1969 4184 2125 4238 φησι,
2146 4167 2240 4220 καὶ
2269 4166 2369 4237 τήν
2398 4166 2498 4236 μὲν
2529 4168 2775 4238 κρατεῖν,
2802 4166 2903 4239 τὴν
2925 4167 2983 4221 δέ
3006 4170 3143 4240 αὐτῇ
3175 4176 3533 4243 παραχωρεῖν
3560 4194 3572 4206 ·
3598 4175 3682 4228 διὸ

1970 4256 2066 4309 καί
2099 4273 2288 4327 φησιν,
2332 4256 2716 4323 Ἐμποδίσεις
2734 4256 3035 4326 μουσικά·
3073 4258 3373 4324 τουτέστιν,
3401 4262 3503 4315 οὐκ
3526 4262 3679 4317 ἐάσει

1972 4342 2034 4415 [ι.
2066 4343 2271 4415 ἐάσεις]
2296 4344 2435 4399 αὐτά
2457 4344 2768 4415 φαίνεσθαι,
2791 4346 3177 4419 ἐπισκοτήσεις
3205 4348 3413 4414 αὐτοῖς,
3446 4353 3677 4407 σύσκια-

1972 4449 2032 4485 σε
2042 4450 2088 4495 ις
2114 4432 2274 4486 αὐτά.

2043 4558 2142 4611 Διά
2167 4557 2231 4629 δὴ
2260 4558 2434 4613 ταῦτα
2476 4560 2571 4613 καὶ
2612 4561 2760 4630 ἡμᾶς
2806 4562 2905 4631 μέν
2960 4561 3067 4615 ἔδει
3102 4564 3263 4635 σιγᾷν
3300 4566 3395 4618 καὶ
3427 4565 3673 4631 ἀκούειν,

1970 4646 2160 4700 τοῦτον
2194 4647 2251 4700 δὲ
2280 4647 2462 4716 λέγειν
2504 4648 2599 4701 καλ⁵
2641 4648 2918 4703 διδάσκειν
2944 4667 2956 4679 ⁸
2999 4650 3114 4703 ἀλλ’
3141 4651 3170 4704 ὃ
3200 4650 3465 4717 πολλάκις
3496 4649 3675 4719 εἷπον,

1970 4732 2129 4787 τοῦτο
2160 4735 2255 4788 καὶ
2276 4736 2373 4788 νῦν
2403 4734 2542 4807 ἐρῶ·
2573 4735 2697 4789 οὔτε
2721 4737 2876 4807 ὐμῶν
2900 4738 3052 4809 φέρω
3081 4739 3181 4811 τὴν
3213 4742 3526 4813 τυραννίδα,
3551 4742 3676 4797 οὔτε

1971 4822 2176 4875 τούτων
2208 4824 2308 4895 τὴν
2349 4824 2602 4895 ἀνάγκην
2627 4843 2639 4856 ·
2674 4825 2756 4879 διὸ
2784 4826 2848 4897 δὴ
2882 4828 3044 4880 πάλιν
3078 4829 3216 4899 πρὸς
3265 4831 3391 4893 τοὺς
3424 4831 3676 4901 συνήθεις

1972 4908 2279 4980 ἀποδύομαι
2315 4911 2575 4981 δρόμους,
2607 4914 2843 4984 πρᾶγμα
2881 4914 3160 4979 ἐπίπονον,
3196 4915 3259 4969 τὸ
3306 4916 3509 4986 λέγειν,
3538 4920 3677 4989 μετά

1973 4998 2174 5069 πολλῆς
2202 4999 2300 5068 τῆς
2352 5000 2604 5064 εὐκολίας
2642 5002 3063 5074 μεταχειρίζων,
3095 5006 3154 5057 οὐ
3178 5004 3267 5059 διά
3300 5007 3400 5077 τὴν
3433 5008 3674 5079 ἐμαυτοῦ

1971 5084 2224 5158 δύναμιν,
2256 5087 2394 5141 ἀλλά
2420 5089 2508 5143 διά
2538 5090 2638 5158 τὴν
2679 5090 2991 5163 προθυμίαν
3034 5092 3188 5163 ὑμῶν
3219 5096 3328 5149 τῶν
3381 5098 3675 5168 ἀκροωμέ-

1973 5193 2099 5229 νων.
2143 5177 2297 5229 Ἐπεὶ
2328 5180 2422 5231 καὶ
2458 5178 2651 5250 πρῴην
2683 5181 2819 5252 πρὸς
2854 5182 3109 5236 τοσοῦτον
3131 5183 3296 5254 βάθος
3325 5186 3676 5256 κατενεχθεὶς

1971 5266 1998 5317 ὁ
2033 5264 2190 5333 λόγος
2221 5266 2324 5318 οὐκ
2358 5266 2659 5339 ἀπεπνίγη,
2693 5270 2786 5321 καὶ
2820 5270 3008 5342 μακρά
3039 5272 3181 5325 οὕτω
3216 5274 3432 5344 πελάγη
3464 5274 3677 5328 διαϐαί-

1970 5368 2100 5413 νων,
2137 5352 2375 5421 οὐδαμοῦ
2420 5356 2680 5421 ναυάγιον
2708 5357 2837 5427 ὑμῖν
2865 5358 3125 5430 ὑπέμεινε
3150 5378 3162 5389 ·
3192 5362 3255 5413 τὸ
3278 5362 3334 5414 δέ
3358 5361 3552 5428 αἴτιον,
3580 5362 3674 5415 οὑ-

1968 5436 2142 5509 ὁαμοῦ
2176 5439 2454 5507 σπιλάδες,
2489 5443 2610 5495 οὐδὲ
2646 5444 2859 5513 ὕφαλοι,
2903 5448 3025 5500 οὐδέ
3060 5449 3336 5513 σκόπελοι,
3369 5449 3508 5504 ἀλλά
3538 5466 3677 5503 παν-

1970 5527 2138 5596 ταχοῦ
2223 5527 2443 5598 λιμένος
2499 5533 2861 5607 γαληνότερον
2925 5536 3152 5609 εὕρισκε
3234 5538 3509 5605 πέλαγος’
3580 5539 3675 5593 καὶ

1967 5614 2161 5687 ὥσπερ
2198 5618 2303 5671 ὐπὸ
2329 5616 2568 5691 ζεφύρου
2602 5623 2749 5688 τινὸς
2801 5627 2895 5678 ἐπὶ
2944 5627 3203 5697 πρύμνης
3252 5627 3543 5696 ἱσταμένου
3575 5625 3671 5679 τοῦ

1974 5704 2137 5757 πόθου
2188 5706 2285 5775 τῆς
2336 5708 2609 5780 ὑμετέρας
2655 5713 3013 5783 ἀκροάσεως,
3063 5715 3199 5787 πρὸς
3258 5714 3431 5769 εὐδιον
3476 5712 3672 5784 λιμένα
