4034 6412
435 281 542 340 325

434 408 840 478 παρεπέμπετο.
888 401 1070 472 Ὁμοῦ.
1097 416 1154 451 τε
1185 399 1292 467 γὰρ
1343 395 1578 466 ἐξεπήδα
1611 392 1760 465 [596]
1793 393 1889 460 τῆς
1923 389 2092 460 γλώτ-

431 513 532 564 της
559 495 657 561 τῆς
684 492 975 563 ἡμετέρας,
1004 488 1096 555 καὶ
1127 487 1324 547 πάντες
1347 484 1565 547 ὑπτίαις
1591 482 1749 535 αὐτὸν
1776 481 2093 551 ὑπεδέχοντο

433 585 610 656 χερσὶ,
637 583 809 636 καίτοι
838 597 896 647 γε
925 576 1209 630 δυσκολίαν
1245 574 1444 644 πολλὴν
1469 572 1659 642 ἔχοντα
1683 587 1695 601 ⁸
1731 568 1954 636 τοιαύτη
1985 566 2090 656 γάρ

431 669 500 741 ἦν
533 673 639 726 τῶν
664 670 942 739 νοημάτων
964 666 1072 720 τῶν
1093 664 1282 736 πρῴην
1304 665 1336 734 ή
1359 661 1518 732 φύσις
1543 677 1555 690 ’
1575 659 1688 712 ἀλλ’
1716 661 1863 728 ὅμως
1884 655 2089 724 καὶτῆς

434 757 736 828 προθυμίας
769 758 802 824 ή
834 752 1125 824 ὑπερϐολὴ,
1151 751 1242 804 καὶ
1273 750 1334 802 τὸ
1354 761 1379 790 ει
1425 750 1690 801 συντεῖναι
1723 745 1818 814 τήν
1854 745 2090 797 διάνοιαν

435 847 569 915 μετά
592 842 874 916 άκριὸείας
906 841 1142 908 ἀπάσης,
1175 838 1265 891 τὸν
1292 838 1448 892 πόνον
1469 838 1602 907 ,ἡμῖν
1632 831 2088 904 παρεμυθήσασθε

431 935 524 987 καὶ
566 932 635 985 τὰ
684 930 919 984 δύσκολα
956 928 1113 1001 ῥᾴδια
1172 924 1630 980 κατεσκευάσατε.
1660 921 1793 974 Οὐδὲ
1847 919 1955 989 γάρ
2010 920 2088 981 εἰς

432 1022 656 1090 πέτραν,
684 1019 804 1073 οὐδέ
827 1019 906 1080 είς
935 1014 1192 1077 ἀκάνθας,
1228 1013 1346 1065 οὐδέ
1381 1012 1457 1073 είς
1479 1011 1577 1081 τὴν
1614 1002 1731 1061 ὁδὸν
1761 1007 2088 1077 κατενεχθῆ-

428 1125 515 1160 ναι
543 1106 975 1176 συνεχωρήσατε,
1007 1101 1140 1154 ἀλλὰ
1180 1101 1355 1152 πάντα
1387 1099 1464 1161 είς
1498 1097 1655 1149 πίονα
1683 1096 1774 1150 καὶ
1804 1094 2087 1164 βαθύγειον

428 1198 668 1264 ἄρουραν
698 1188 1041 1254 ὑπεδέξασθε,
1082 1188 1162 1250 εἰς
1201 1187 1261 1239 τὸ
1305 1186 1403 1254 τῆς
1437 1183 1673 1246 διανοίας
1716 1183 1867 1252 ὑμῶν
1904 1181 2081 1251 βάθος.

432 1286 524 1334 Διὸ
554 1283 646 1335 καὶ
671 1281 788 1335 καθ⁹
830 1278 1066 1348 ἑκάστην
1099 1275 1309 1346 ἡμέραν
1361 1273 1614 1344 κομῶντα
1646 1273 1713 1324 τά
1742 1272 1864 1341 λήῖα
1893 1269 2084 1354 βλέπο-

434 1386 553 1438 μεν,
582 1367 700 1422 ἀντὶ
737 1365 968 1436 ζεφύρου
1008 1365 1125 1426 ταῖς
1177 1360 1270 1414 τοῦ
1318 1360 1628 1428 Πνεύματος
1664 1357 1857 1428 αὔραις
1891 1356 2084 1425 τρεφό-

432 1473 603 1526 μενα,
647 1453 741 1506 καὶ
795 1451 858 1504 τὸ
914 1450 1139 1519 θέατρον
1186 1447 1308 1500 καθ’
1365 1447 1599 1515 ἑκάστην
1659 1442 1907 1513 λαμπρὸν
1954 1444 2084 1511 ήμῖν

428 1542 732 1611 γενόμενον.
761 1537 861 1590 Διά
900 1537 964 1607 δὴ
1001 1534 1285 1611 τοῦτο-,καὶ
1319 1535 1554 1603 σήμερον
1601 1530 1708 1582 τῶν
1755 1528 2084 1599 λειπομένων

429 1609 668 1698 ἅψασθαι
696 1625 1013 1693 ἐϐουλόμην.
1059 1609 1217 1674 Ἀλλά
1259 1620 1310 1671 τί
1341 1619 1527 1685 πάθω;
1562 1618 1666 1670 τῶν
1714 1615 2084 1670 Μακκαὸαίων

426 1722 455 1771 6
490 1715 646 1788 χορὸς
682 1713 788 1785 πρὸ
819 1712 929 1787 τῶν
955 1707 1248 1779 ὀφθαλμῶν
1282 1707 1492 1759 ἵσταται
1538 1704 1646 1757 τῶν
1694 1703 1862 1774 ἐμῶν,
1890 1703 1982 1757 καὶ
2016 1705 2082 1774 τῇ

427 1801 727 1873 λαμπηδόνι
752 1799 858 1851 τῶν
887 1796 1099 1850 οίκείων
1124 1794 1450 1865 τραυμάτων
1481 1788 1838 1859 καταυγάζων
1866 1807 1964 1859 μου
1987 1791 2084 1861 τὴν

427 1891 683 1950 διάνοιαν,
718 1887 850 1958 πρὸς
881 1884 980 1955 τὴν
1011 1882 1216 1936 οἰκείαν
1245 1882 1549 1954 εὐμορφίαν
1588 1879 1742 1932 καλεῖ
1775 1880 1874 1950 τὴν
1912 1877 2083 1946 γλῶτ-

427 1994 524 2029 ταν
555 1977 652 2046 τὴν
699 1973 989 2045 ἡμετέραν.
1037 1969 1196 2024 Ἀλλά
1245 1969 1434 2041 μηδεὶς
1487 1968 1740 2038 ἀκαιρίαν
1779 1961 2083 2034 καταγινω-

428 2062 600 2115 σκὲτω
642 2058 736 2112 τοῦ
791 2057 972 2125 λόγου,
1005 2058 1088 2110 ὅτι
1138 2057 1238 2127 τῆς
1275 2056 1485 2126 ήμέρας
1535 2055 1642 2106 τῶν
1699 2052 2084 2121 παλαισμάτων

423 2147 610 2220 αὔριον
634 2146 819 2217 οῦσης,
866 2147 1106 2215 σήμερον
1150 2145 1277 2206 τούς
1326 2143 1620 2211 στεφάνους
1656 2141 1942 2210 πλέκομεν,
1992 2141 2083 2192 καὶ

425 2239 532 2306 πρὸ
561 2235 654 2289 τοῦ
685 2233 879 2306 καιροῦ
908 2232 1016 2287 τῶν
1050 2231 1303 2301 πολέμων
1330 2231 1392 2283 τὸ
1417 2231 1676 2302 τρόπαιον
1716 2227 2081 2298 ἀνακηρύττο-

428 2341 547 2394 μεν.
570 2322 635 2377 Εἰ
666 2321 774 2392 γὰρ
810 2321 874 2391 δὴ
899 2320 1092 2390 γάμων
1133 2318 1563 2388 ἐπιτελουμένων
1594 2319 1642 2370 οἱ
1677 2317 1946 2378 συνιόντες
1986 2315 2081 2367 καὶ

427 2410 532 2480 πρὸ
554 2409 652 2479 τῆς
671 2408 864 2478 κυρίας
884 2408 978 2462 καὶ
1015 2405 1290 2468 παστάδας
1322 2404 1604 2474 ὑφαίνουσι
1648 2405 1742 2456 καὶ
1797 2403 2081 2471 στεφάνοις

425 2502 526 2561 τὰς
542 2498 716 2559 οίκίας
738 2491 1141 2564 κατακοσμοῦσι
1168 2494 1260 2547 καὶ
1287 2493 1749 2564 παραπετάσματι
1777 2507 1790 2520 ’
1823 2489 1998 2561 πολλῷ
2017 2489 2079 2542 δί·

429 2584 628 2654 μᾶλλον
654 2584 814 2654 ήμεῖς
845 2581 1002 2636 τοῦτο
1034 2580 1398 2651 ἐργασόμεθα,
1419 2581 1529 2650 ὅσῳ
1557 2581 1653 2632 κα)⁵
1701 2576 2082 2648 πνενματικώο

423 2688 578 2743 τερος
600 2665 753 2733 οὗτος
785 2671 813 2722 6
835 2669 1032 2739 γάμος,
1058 2668 1158 2721 οὐκ
1181 2665 1467 2738 ἀνθρώπου
1499 2669 1752 2735 γυναῖκα,
1781 2665 1915 2718 ἀλλὰ
1945 2663 2080 2717 Θεοῦ

422 2762 520 2823 τὰς
540 2758 713 2828 ψυχὰς
744 2755 851 2812 τῶν
873 2754 1174 2827 ἀνθρώπων
1206 2752 1606 2825 άρμοζομένου.
1646 2753 1843 2824 Διόπερ
1880 2754 1981 2806 οὐκ
2017 2754 2082 2806 ἄν

422 2864 505 2908 τις
525 2845 756 2915 ἁμάρτοι
776 2841 881 2896 τῶν
900 2841 1191 2913 μαρτύρων
1204 2840 1302 2912 τὴν
1315 2840 1491 2912 ψυχὴν
1511 2839 1726 2911 νύμφην
1749 2839 2078 2909 προσειπὼν,

423 2933 640 3002 νύμφην
680 2931 1048 3000 πνευματικήν
1074 2946 1088 2958 ’
1136 2929 1257 2981 ἐπεὶ
1299 2929 1393 2982 καὶ
1451 2931 1650 3000 προῖκα
1685 2927 1744 2980 τὸ
1787 2924 1926 2998 αἷμα
1970 2929 2080 2981 είσ-

423 3017 684 3086 φέρουσι,
730 3016 925 3085 προῖκα
964 3013 1230 3083 μηδέποτε
1275 3013 1686 3085 δαπανωμένην.
1726 3015 1866 3068 Ἀλλ’
1905 3017 1934 3068 6
1983 3016 2080 3085 μὲν

418 3105 529 3153 τῶν
583 3100 870 3171 ἐγκωμίων
918 3099 1106 3170 καιρὸς
1171 3102 1248 3164 είς
1297 3102 1396 3170 τήν
1437 3101 1624 3173 αῦριον
1679 3105 1827 3174 ήμᾶς
1867 3103 2080 3175 ἡμέραν

420 3189 732 3258 ἀναμενέτω
756 3203 770 3218 ·
808 3188 1043 3258 σήμερον
1069 3187 1125 3241 δέ
1148 3189 1274 3250 τοὺς
1314 3189 1734 3258 ἀσθενεστέρους
1775 3191 1884 3243 τῶν
1928 3191 2080 3244 ἀδελ-

421 3280 535 3345 φῶν
560 3277 710 3348 ἡμῶν
729 3275 1110 3346 διορθώσομεν.
1141 3277 1359 3348 Ἐπειδὴ
1383 3278 1489 3347 γὰρ
1532 3279 1716 3332 πολλοὶ
1743 3279 1852 3338 τῶν
1887 3281 2080 3349 ἀφελε-

423 3368 626 3438 στέρων
658 3365 797 3417 κατά
822 3363 916 3434 τὴν
941 3364 1174 3417 διάνοιαν
1207 3363 1552 3434 χωλεύοντες,
1582 3367 1686 3420 ὐπὺ
1720 3367 1828 3421 τῶν
1869 3363 2100 3439 ἐχθρῶν

420 3451 519 3520 τῆς
582 3449 904 3519 Ἐκκλησίας
953 3449 1392 3520 παρασυρόμενοι
1415 3491 1431 3516 ,
1471 3452 1532 3504 οὐ
1570 3453 1668 3523 τήν
1695 3456 2078 3525 προσήκουσαν

421 3536 679 3608 περὶτῶν
718 3535 886 3604 ἁγίων
904 3533 1105 3588 τούτων
1135 3534 1289 3600 δόξαν
1320 3536 1552 3606 ἔχουσιν,
1597 3538 1717 3591 οὐδέ
1764 3540 1964 3610 ὁμοίως
1997 3543 2077 3606 είς

417 3625 512 3676 τον
557 3623 740 3675 λοιπὸν
783 3622 892 3674 τῶν
928 3621 1218 3693 μαρτύρων
1257 3623 1450 3687 αὐτοὺς
1496 3625 1853 3695 καταλέγουσι
1894 3630 2073 3699 χορὸν,

420 3713 667 3777 λέγοντες
688 3709 768 3762 ὅτι
795 3709 892 3778 οὐχ
935 3708 1342 3781 ὐπὲρ,Χριστοῦ
1391 3711 1453 3763 τὸ
1500 3707 1636 3783 αἷμα
1674 3714 1910 3784 ἐξέχεαν,
1961 3717 2075 3770 ἀλλ’

425 3797 568 3866 ὑπὲρ
617 3795 708 3848 τοῦ
738 3795 903 3865 νόμου
934 3795 1028 3849 καὶ
1055 3795 1162 3849 τῶν
1185 3798 1242 3850 ἐν
1266 3796 1344 3867 τῷ
1369 3799 1514 3868 νόμῳ
1541 3802 1903 3871 γραμμάτων,
1938 3804 2075 3877 ὑπὲρ

421 3883 669 3954 χοιρείων
708 3882 1006 3950 σφαγέντες
1033 3882 1208 3954 κρεῶν
1230 3901 1244 3912 '
1280 3885 1409 3956 φέρε
1447 3886 1511 3957 δὴ
1558 3887 1656 3958 τὴν
1683 3889 1903 3942 ἐκείνων
1931 3891 2075 3964 διορ-

420 3969 681 4038 θώσωμεν
724 3969 960 4024 διάνοιαν
993 3985 1008 4003 ·
1059 3970 1153 4023 καὶ
1189 3971 1298 4042 γάρ
1319 3973 1540 4043 αἰσχρὸν
1569 3973 1636 4027 ἂν
1663 3977 1744 4045 εἴη
1775 3979 2076 4049 πανήγυριν

420 4054 797 4118 ἐπιτελοῦντας
821 4057 1033 4124 ἀγνοεῖν
1062 4057 1162 4127 τῆς
1192 4060 1552 4131 πανηγύρεως
1572 4064 1672 4132 τὴν
1695 4063 1968 4120 ὑπόθεσιν.

492 4144 558 4211 β’.
591 4143 685 4195 ”1ν’
709 4137 802 4196 οὖν
827 4143 901 4214 μὴ
924 4145 982 4196 ἐν
1009 4145 1074 4213 τῇ
1100 4146 1249 4215 κοινῇ
1284 4147 1497 4200 πάντων
1529 4149 1688 4221 ήδονῇ
1730 4151 1880 4222 μόνοι
1920 4155 1970 4206 οί
2010 4155 2078 4210 τά

417 4229 642 4282 τοιαῦτα
673 4230 952 4292 νοσοῦντες
989 4230 1248 4298 ἀλγῶσιν,
1275 4233 1388 4286 ἀλλ’
1416 4235 1694 4307 εἰλικρινεῖ
1721 4240 1926 4312 διανοίᾳ
1953 4246 2078 4307 τοὺς

417 4317 720 4384 ἀγωνιστὰς
743 4317 1197 4388 περιπτύξωνται.
1223 4320 1316 4373 καὶ
1343 4322 1601 4393 καθαροῖς
1621 4325 1862 4396 ὄμμασιν
1881 4329 2077 4393 αὐτοὺς

420 4402 590 4466 ἴδωσι,
613 4402 673 4454 τὸ
701 4403 977 4473 ὐφορμοῦν
1004 4404 1183 4457 αὐτῶν
1207 4409 1326 4469 ταῖς
1353 4407 1612 4473 διανοίαις
1657 4415 1892 4485 σήμερον
1941 4418 2075 4472 ὑπο-

421 4488 700 4562 σύραντες,
729 4490 1019 4578 εἰλικρινεῖ
1039 4495 1104 4562 τῇ
1139 4492 1326 4564 γνώμῃ
1377 4496 1470 4547 καὶ
1519 4499 1731 4571 καθαρᾷ
1766 4505 1830 4572 τῇ
1872 4502 2077 4578 διανοίᾳ

420 4577 908 4646 παρασκευάσομεν
959 4577 1143 4650 αὔριον
1184 4580 1379 4642 αὐτοὺς
1427 4583 1732 4655 ἀπαντῆσαι
1785 4591 1921 4659 πρὸς
1978 4577 2077 4664 τὴν

417 4665 723 4735 πανήγυριν
746 4665 844 4735 τὴν
879 4669 1266 4738 πνευματικήν.
1298 4669 1436 4738 Ἐγὼ
1455 4672 1562 4744 γάρ
1584 4674 1833 4730 τοσοῦτον
1855 4680 1914 4731 οὐ
1940 4699 2078 4752 παρ-

424 4749 680 4819 αιτοῦμαι
717 4750 855 4821 μετὰ
885 4751 994 4805 τῶν
1010 4752 1181 4806 ἄλλων
1206 4759 1521 4827 καταλέγειν
1540 4763 1735 4827 αὐτοὺς
1763 4749 2072 4840 μαρτύρων,

416 4840 499 4932 οτι
531 4837 592 4932 δή
627 4837 719 4891 καὶ¹
751 4838 1158 4932 λαμπροτέρους
1179 4845 1399 4932 τούτους
1429 4844 1564 4901 εἷναί
1611 4868 1772 4922 φημι.
1809 4837 2074 4932 Τότε-γαρ

416 4925 770 4994 ἠγωνίσαντο,
831 4927 918 4980 ὅτε
969 4929 1180 4983 οὐδέπω
1221 4927 1358 5002 ἦσαν
1409 4939 1463 4988 αἱ
1518 4940 1714 5007 χαλκαῖ
1762 4925 2074 5000 κλασθεῖσαί

417 5011 602 5074 πύλαι,
633 5010 755 5088 οῦτε
788 5015 815 5066 6
838 5015 1030 5084 μοχλὸς
1062 5019 1090 5069 6
1134 5018 1382 5090 σιδηροῦς
1428 5028 1812 5096 περιαιρεθεὶς,
1863 5032 1950 5085 ὅτε
1997 5035 2076 5089 ἔτι

415 5101 450 5166 ἡ
472 5099 711 5169 ἁμαρτία
745 5102 982 5172 ἐκράτει,
1016 5106 1108 5157 καὶ
1143 5107 1409 5181 ἡκατάρα
1440 5111 1588 5181 ἤνθει
1614 5154 1627 5179 ,
1663 5119 1754 5170 καὶ
1812 5121 1905 5174 τοῦ
1957 5123 2072 5177 δια-

417 5186 572 5239 δόλου
602 5189 632 5256 ἡ
671 5189 960 5256 ἀκρόπολις
998 5196 1354 5265 συνειστήκει,
1387 5200 1476 5252 καὶ
1500 5202 1726 5274 άτριϐὴς
1772 5202 1838 5278 ἦν
1872 5210 1950 5263 ἔτι
1977 5212 2075 5282 τῆς

417 5273 670 5344 τοιαύτης
699 5277 899 5346 ἀρετῆς
926 5280 959 5348 ή
993 5279 1125 5342 ὁδός.
1154 5282 1264 5335 Νῦν
1300 5285 1396 5355 μὲν
1430 5289 1536 5360 γάρ
1569 5291 1661 5343 καὶ
1692 5297 1948 5365 μειράκια
1982 5273 2073 5354 κο-

421 5362 544 5430 μιὸῇ
570 5362 664 5415 καὶ
692 5363 947 5434 παρθένοι
976 5367 1166 5422 πολλαὶ
1185 5372 1447 5445 πολλαχοῦ
1469 5377 1566 5447 τῆς
1584 5362 1904 5455 οἰκουμένης
1930 5389 2072 5442 άπα-

418 5447 507 5500 λαὶ
535 5449 629 5543 καὶ
657 5449 1016 5524 άπειρόγαμοι
1047 5458 1183 5512 κατὰ
1210 5461 1303 5531 τῆς
1355 5463 1444 5517 τοῦ
1493 5465 1723 5521 θανάτου
1764 5477 2072 5543 τυραννίδος

419 5534 755 5590 ἀπεδύσαντο
779 5551 794 5567 ⁸
825 5540 944 5594 τότε
988 5542 1043 5596 δὲ
1077 5545 1182 5614 πρὸ
1225 5548 1322 5619 τῆς
1357 5552 1447 5605 τοῦ
1491 5555 1725 5626 Χριστοῦ
1773 5534 2072 5632 παρουσίας

483 5679 507 5706 ⁸
534 5677 814 5742 chcndum
836 5691 890 5750 τῇ
924 5689 1153 5756 ὑπερῧοὶῇ
1178 5695 1253 5741 καὶ
1273 5698 1354 5758 τῷ.

1211 278 1266 331 S.
1303 272 1589 330 1063'le
1632 268 2107 325 CHRYSOSTOMI
2152 268 2472 324 ARCIIIET’.
2513 269 3063 325 CONSTANTINOI’.

3762 267 3862 327 5'26

2199 392 2292 444 καλ
2315 391 2511 445 δίκαιοι
2536 392 2736 463 σφόδρα
2762 389 2921 446 αὐτὸν
2939 391 3179 463 ἔτρεμον.
3206 390 3357 463 [597]
3390 394 3449 444 Ὀ
3476 392 3609 461 γοῦν
3627 393 3866 462 Μωῦσῆς

2194 477 2280 529 διά
2325 477 2510 531 τοῦτον
2554 479 2720 547 ἔφυγε
2751 479 2843 531 τὸν
2876 479 3060 549 φόϐονυ
3101 478 3196 532 καὶ
3235 479 3417 543 Ἠλίας
3451 481 3868 551 τεσσαράκοντα

2191 563 2415 635 ἡμερῶν
2479 565 2598 618 ὁδὸν
2640 564 2888 618 ἐντεῦθεν
2959 564 3166 637 ἀπέδρα
3209 583 3223 596 θ
3276 567 3368 619 καὶ
3427 567 3455 618 6
3514 568 3866 638 πατριάρχης

2205 650 2454 721 Ἀϐραάμ
2474 651 2561 705 διὰ
2575 652 2731 704 τοῦτο
2755 654 2819 722 τῇ
2849 653 3066 719 γυναικὶ
3096 654 3329 724 παρῄνει
3364 649 3652 720 λέγειν,ὄτι
3680 647 3866 705 Ἀδελ-

2192 738 2266 807 φὴ
2299 739 2462 792 αὐτοῦ
2518 740 2633 810 είμι
2666 740 2759 793 καὶ
2791 741 2849 792 οὐ
2873 741 3029 810 γυνή.
3064 741 3173 793 Καὶ
3195 741 3247 791 τί
3277 741 3355 792 δεῖ
3380 742 3504 804 τοὺς
3530 740 3726 803 ἄλλους
3774 740 3861 792 λέο

2191 842 2308 892 γειν
2330 845 2344 892 ;
2367 827 2526 890 αὐτὸς
2545 828 2652 898 γὰρ
2678 828 2706 880 6
2737 828 2940 898 Πέτρος
2969 827 3140 890 οὕτως
3170 827 3424 881 ἐδεδοίκει
3469 829 3558 880 τὸν
3606 827 3861 884 θάνατον.

2191 913 2266 977 ὡς
2303 914 2437 984 μηδὲ
2463 914 2705 986 θυρωροῦ
2741 914 2969 986 ἀπειλὴν
2991 917 3234 982 ἐνεγκεῖν
3269 933 3282 945 ·
3322 917 3422 969 καὶ
3465 915 3572 986 γάρ
3627 915 3863 987 φοϐερὸς

2187 996 2254 1071 ἦν
2285 1002 2378 1053 καὶ
2402 1003 2712 1073 ἀπρόσιτος,
2734 1002 2944 1056 οὐδέπω
2975 1001 3138 1056 αὐτοῦ
3157 1002 3263 1056 τῶν
3280 1003 3486 1074 νεύρων
3515 1005 3866 1072 ἐκκεκομμέ-

2188 1106 2313 1152 νων,
2331 1090 2449 1143 οὐδέ
2478 1091 2576 1160 τῆς
2594 1090 2872 1161 δυνάμεως
2901 1090 3367 1162 καταλελυμένης.
3402 1091 3541 1144 Ἀλλ’
3582 1092 3737 1161 ὅμως
3767 1083 3862 1144 οῦς

2185 1189 2267 1227 τοι
2291 1175 2436 1238 τότε,
2468 1177 2554 1230 ὅτε
2587 1176 2728 1230 οὕτω
2751 1176 2980 1248 φοϐερὸν
3011 1178 3182 1239 ἔπνει,
3207 1177 3650 1247 κατηγωνίσαντο
3692 1177 3864 1231 αὐτὸν

2188 1264 2280 1316 καὶ
2307 1264 2733 1318 κατεπάλαισαν.
2775 1265 2990 1337 Ἐπειδὴ
3016 1269 3125 1338 γάρ
3156 1265 3347 1337 ἔμελλε
3368 1265 3553 1319 λοιπὸν
3577 1267 3606 1318 6
3631 1266 3734 1336 τῆς
3779 1266 3829 1319 δι
3850 1294 3863 1303 -

2185 1349 2478 1421 καιοσύνης
2503 1351 2743 1422 ἀνίσχειν
2763 1352 2932 1423 ἥλιος,
2957 1353 3092 1424 ὅπερ
3121 1354 3213 1407 ἐπὶ
3244 1355 3342 1424 τῆς
3372 1355 3585 1425 ήμέρας
3621 1354 3862 1422 γίνεται,

2187 1437 2279 1489 καὶ
2321 1438 2438 1490 τότε
2479 1440 2696 1508 συνέϐη.
2742 1439 3008 1512 Καθάπερ
3047 1442 3154 1511 γάρ
3188 1442 3282 1494 καὶ
3324 1443 3548 1513 μηδέπω
3595 1443 3862 1512 φανέντος

2185 1524 2356 1594 ἡλίου,
2388 1525 2609 1596 φαιδρὸς
2638 1529 2771 1596 ἡμῖν
2797 1530 2824 1580 6
2844 1527 3037 1599 ὄρθρος
3068 1529 3334 1598 φαίνεται,
3371 1530 3477 1582 τῶν
3498 1531 3596 1601 μὲν
3621 1533 3866 1584 ἀκτίνων

2187 1614 2394 1667 οὐδέπω
2421 1615 2756 1686 γιγνομένων
2789 1617 3004 1694 δήλων,
3055 1617 3148 1670 τοῦ
3180 1619 3235 1672 δέ
3271 1621 3446 1688 φωτὸς
3476 1620 3582 1672 τῶν
3622 1621 3864 1674 ἀκτίνων

2184 1704 2282 1774 τὴν
2306 1704 2628 1773 οἰκουμένην
2653 1705 2745 1759 καὶ
2773 1705 3056 1778 πόρρωθεν
3097 1708 3546 1779 καταλάμποντος
3570 1725 3581 1739 ο
3608 1708 3755 1761 οὕτω
3794 1709 3862 1778 δὴ

2185 1792 2280 1842 καὶ
2310 1791 2429 1843 τότε
2455 1792 2673 1862 συνέϐη.
2735 1794 2949 1863 Ἐπειδὴ
2990 1795 3097 1866 γὰρ
3132 1797 3528 1867 παραγίνεσθαι
3565 1798 3796 1867 ἔμελλεν
3835 1801 3865 1850 6

2182 1879 2280 1947 τῆς
2313 1877 2658 1949 δικαιοσύνης
2677 1881 2846 1949 ἥλιος,
2881 1881 3148 1954 λοιπὸνδὴ
3184 1885 3242 1936 τὸ
3277 1887 3465 1948 σκότος
3509 1887 3610 1955 τῆς
3654 1888 3865 1949 δε.λίας

2184 1965 2386 2031 ἐλύετο,
2416 1967 2512 2019 καὶ
2541 1967 2752 2020 οὐδέπω
2792 1970 3056 2039 παρόντος
3101 1972 3264 2024 αὐτοῦ
3305 1972 3445 2025 κατὰ
3489 1974 3700 2044 σάρκα,
3741 1975 3862 2027 ἀλλ’

2183 2053 2348 2122 ἐγγὺς
2376 2053 2538 2106 αὐτοῦ
2579 2056 2672 2107 καὶ
2709 2055 2768 2108 ἐν
2805 2057 3107 2126 προοιμίοις
3134 2058 3305 2122 ὄντος,
3338 2061 3431 2112 καὶ
3460 2061 3640 2114 αὐτῶν
3671 2061 3864 2114 λοιπον

2185 2140 2490 2210 ἁπτομένου
2515 2141 2620 2195 τῶν
2643 2143 3001 2212 πραγμάτων.

2255 2225 2376 2279 Ὅτι
2438 2227 2536 2297 μὲν
2586 2224 2676 2282 οῦν
2724 2229 2917 2300 πολλὴν
2959 2231 3211 2302 ἀνδρείαν
3243 2233 3589 2300 ἐπεδείξαντο
3627 2238 3684 2288 ἐν
3744 2242 3862 2301 τοῖς

2182 2316 2393 2386 καιροῖς
2419 2315 2813 2386 ἀγωνισάμενοι
2853 2321 2962 2379 τοῖς
3011 2318 3290 2383 τοιούτοις,
3344 2325 3503 2376 παντί
3547 2343 3649 2377 που
3697 2327 3862 2395 δῆλον

2183 2404 2328 2455 ἐστιν
2354 2420 2364 2431 ·
2394 2405 2474 2456 ὅτι
2506 2404 2561 2456 δὲ
2594 2406 2686 2456 καὶ
2713 2405 2852 2474 ὑπὲρ
2881 2405 3116 2474 Χριστοῦ
3175 2408 3242 2460 τά
3289 2410 3576 2480 τραύματα
3636 2413 3861 2478 ἔλαϐον,

2182 2491 2337 2544 τοῦτο
2379 2492 2479 2562 ἤδη
2529 2492 2695 2559 δεῖξαι
2736 2493 3087 2563 πειράσομαι.
3143 2495 3298 2558 Τίνος
3350 2495 3458 2567 γὰρ
3494 2499 3682 2553 ἕνεκεν
3718 2503 3862 2555 ἔπα-

2183 2578 2310 2644 θον,
2367 2580 2488 2632 εἰπέ
2539 2597 2669 2651 μοις
2710 2581 2812 2633 Τοῦ
2864 2581 3049 2650 νόμου,
3096 2583 3289 2652 φησὶν,
3340 2584 3564 2650 ἕνεκεν,
3606 2587 3700 2641 καὶ
3750 2589 3863 2643 τῶν

2183 2665 2239 2715 ἐν
2274 2662 2350 2733 τῷ
2393 2663 2542 2734 νόμῳ
2586 2663 2853 2732 κειμένων
2909 2667 3271 2736 γραμμάτων.
3325 2670 3422 2720 “Av
3476 2671 3655 2723 τοίνυν
3706 2678 3859 2746 φανῇ

2182 2751 2412 2822 Χριστὸς
2438 2752 2466 2803 ὁ
2499 2755 2514 2773 ³
2550 2750 2639 2803 τὸν
2669 2751 2830 2820 νόμον
2850 2752 3057 2805 ἐκεῖνον
3082 2753 3349 2820 δεδωκὼς,
3383 2757 3481 2811 οὐκ
3505 2757 3733 2830 εὔδηλον
3772 2763 3860 2814 ὃτι

2183 2836 2322 2908 ὑπὲρ
2345 2835 2438 2889 τοῦ
2462 2836 2624 2907 νόμου
2657 2836 2935 2905 παθόντες,
2961 2839 3099 2910 ὑπὲρ
3127 2839 3222 2893 τοῦ
3265 2843 3553 2913 νομοθέτου
3578 2848 3682 2915 τὴν
3707 2865 3782 2901 κα
3792 2867 3858 2920 ρ-

2180 2924 2364 2996 τερίαν
2412 2923 2753 2989 ἐπεδείξαντο
2795 2927 2976 2981 πᾶσαν
2994 2927 3242 2998 ἐκείνην;
3290 2930 3425 3000 Φέρε
3451 2931 3514 3003 δή
3553 2929 3646 2986 οῦν
3693 2935 3859 2990 τοῦτο

2180 3010 2550 3081 ἀποδείξωμεν
2602 3014 2861 3083 σήμερον,
2910 3014 2990 3066 ὅτι
3037 3015 3271 3084 Χριστός
3304 3017 3450 3071 ἐστιν
3483 3021 3510 3072 6
3557 3020 3649 3074 τὸν
3687 3025 3860 3094 νόμον

2179 3097 2441 3160 δεδωκώς.
2474 3098 2569 3160 Τίς
2593 3095 2684 3152 οῦν
2712 3097 2884 3153 ταῦτά
2905 3116 3069 3170 φησιν
3092 3119 3105 3167 ;
3142 3102 3200 3154 '0
3216 3103 3385 3156 ταῦτα
3415 3106 3601 3175 σαφῶς
3626 3109 3860 3166 ἐπιστά-

2184 3203 2359 3256 μενος,
2393 3184 2463 3238 τά
2499 3202 2558 3238 τε
2597 3185 2803 3241 παλαιά
2821 3187 2914 3240 καὶ
2939 3187 3009 3241 τὰ
3041 3189 3155 3255 νέα,
3203 3178 3437 3256 Παῦλος,
3469 3195 3497 3246 6
3531 3195 3631 3266 τῆς
3672 3201 3859 3254 οἰκου-

2183 3274 2350 3346 μένης
2401 3272 2716 3337 διδάσκαλος
2745 3291 2756 3302 ·
2810 3275 3115 3346 Κορινθίοις
3168 3277 3275 3350 γὰρ
3311 3281 3661 3350 ἐπιστέλλων,
3707 3288 3860 3344 οὕτω

2181 3360 2298 3423 πώς
2326 3377 2488 3431 φησιν
2513 3379 2529 3394 ·
2561 3363 2643 3415 Οὺ
2672 3363 2824 3416 θέλω
2850 3362 2918 3415 δὲ
2937 3362 3092 3432 ὑμᾶς
3131 3365 3399 3435 ἀγνοεῖν,
3433 3369 3682 3442 ἀδελφοὶ
3700 3417 3714 3439 ,
3765 3377 3858 3432 ὅτι

2179 3451 2232 3502 οἱ
2258 3448 2505 3516 πατέρες
2529 3447 2699 3518 ἡμῶν
2722 3449 2944 3516 πάντες
2967 3451 3085 3531 ὑπὸ
3115 3453 3230 3521 τὴν
3251 3455 3517 3526 νεφέλην
3537 3457 3722 3531 ἦσαν,
3751 3467 3854 3521 καὶ

2180 3535 2401 3602 πάντες
2429 3535 2526 3590 διὰ
2554 3535 2661 3605 τῆς
2685 3537 3004 3604 θαλάσσης
3037 3537 3309 3608 διῆλθον,
3350 3545 3450 3598 καί
3491 3547 3719 3617 πάντες
3765 3556 3860 3620 εἰς

2177 3623 2285 3678 τὸν
2320 3623 2590 3713 Μωῦσῆν
2619 3624 3016 3713 ἐϐαπτίσαντο
3043 3627 3113 3704 έν
3145 3626 3220 3696 τῆ
3252 3630 3478 3701 νεφέλῃ
3529 3636 3628 3690 καί
3665 3639 3738 3692 ἐν
3775 3641 3858 3713 τῇ

2180 3711 2466 3780 θαλάττῃ,
2499 3710 2597 3768 καί
2634 3710 2858 3778 πάντες
2898 3712 2963 3766 τὸ
3007 3701 3154 3768 αὐτὸ
3187 3716 3401 3787 βρῶμα
3441 3701 3857 3793 πνευματικὸὲ

2178 3799 2427 3869 ἔφαγον,
2467 3799 2534 3886 τὸν
2553 3799 2728 3870 μάννα
2757 3799 2951 3868 λέγων.
2980 3802 3080 3854 καί
3135 3803 3357 3872 πάντες
3388 3807 3454 3861 τὸ
3501 3813 3651 3866 αὐτὸ
3688 3817 3856 3886 πόμα

2179 3885 2585 3972 πνευματικὸν
2605 3885 2795 3952 ἔπιον,
2830 3887 2891 3940 τὸ
2913 3886 3057 3959 ὔδωρ
3076 3888 3249 3959 λέγων
3275 3891 3336 3944 τὸ
3364 3894 3471 3948 ἀπὸ
3499 3896 3598 3967 τῆς
3617 3885 3853 3972 πέτρας.

2180 3971 2310 4036 Εἶτα
2339 3972 2549 4036 δεικνὺς
2580 3973 2662 4025 ὅτι
2696 3974 2724 4026 6
2751 3974 2986 4046 Χριστὸς
3033 3975 3208 4031 ταῦτα
3244 3981 3415 4034 ἐποίει
3461 3983 3529 4037 τὰ
3571 3971 3852 4060 θαύματα,

2178 4063 2457 4133 ἐπήγαγεν
2489 4078 2503 4092 ο
2545 4062 2790 4116 Ἐπινον
2820 4063 2927 4133 γὰρ
2953 4065 3020 4118 ἐκ
3051 4069 3458 4140 πνευματικῆς
3485 4073 3855 4137 ἀκολουθού-

2179 4165 2295 4218 σης
2319 4151 2537 4216 πέτρας
2563 4167 2576 4181 -
2610 4149 2648 4217 ἢ
2685 4149 2753 4202 δὲ
2791 4151 2975 4219 πέτρα
3001 4148 3080 4222 ἦν
3102 4157 3135 4208 o'
3155 4157 3428 4223 Χριστός.
3457 4161 3566 4214 Καὶ
3591 4164 3852 4234 είκότωςο

2178 4239 2237 4290 οὐ
2273 4239 2380 4309 γάρ
2411 4240 2442 4305 ή
2469 4237 2627 4305 φύσις
2658 4238 2756 4308 τῆς
2789 4238 2993 4308 πέτρας
3019 4241 3166 4309 ἠφίει
3188 4243 3246 4295 τδ
3271 4242 3412 4317 ὕδωρ
3437 4248 3530 4300 καὶ
3575 4253 3702 4316 τοῦς
3754 4273 3852 4310 πο.

2178 4327 2384 4395 ταμοὺς
2417 4327 2675 4389 ἐκείνους,
2709 4327 2821 4380 ἀλλ’
2846 4329 2878 4397 ή
2903 4327 2996 4381 τοῦ
3026 4330 3263 4400 Χριστοῦ
3286 4333 3536 4403 ἐνέργεια
3566 4338 3856 4400 τύπτουσα

2178 4412 2268 4465 τὸν
2319 4412 2486 4477 λίθον,
2532 4413 2870 4467 ἀναδίδοσθαι
2927 4415 3026 4479 τὰς
3079 4420 3261 4487 πηγὰς
3309 4427 3712 4494 παρεσκεύαζε.
3751 4434 3856 4488 Διά

2177 4500 2333 4553 τοῦτο
2355 4502 2447 4554 καὶ
2479 4501 2851 4572 πνευματικὴν
2881 4503 3086 4573 πέτραν
3120 4507 3362 4575 ἐκάλεσε,
3399 4515 3492 4566 καὶ
3531 4516 3856 4576 ἀκολουθεῖν

2176 4585 2281 4657 ἔφη
2311 4605 2322 4616 ·
2349 4589 2380 4658 ή
2412 4587 2468 4639 δὲ
2493 4588 2723 4659 αἰσθητὴ
2746 4589 2846 4641 οὐκ
2886 4590 3188 4655 ἀκολουθεῖ,
3241 4595 3355 4648 ἀλλ’
3399 4599 3457 4651 ἐν
3509 4601 3590 4656 ἐνὶ
3640 4604 3854 4676 ἵδρυται

2178 4677 2360 4744 χωρίῳ
2386 4691 2400 4706 ·
2450 4675 2612 4745 ἀλλ’ἢ
2660 4677 2933 4746 πανταχοῦ
2970 4680 3218 4750 παροῦσα
3260 4684 3486 4757 δύναμις
3534 4692 3628 4745 καὶ
3669 4695 3854 4750 πάντα

2179 4757 2690 4844 θαυματτλυργοῦσα,
2714 4762 2899 4844 ἐκείνη
2922 4763 3013 4814 καὶ
3039 4764 3139 4836 τὴν
3170 4768 3374 4838 πέτραν
3405 4773 3729 4844 ἀνέρρηξεν.
3787 4783 3852 4836 Et

2177 4841 2231 4892 δὲ
2267 4842 2362 4894 οὐκ
2395 4844 2640 4912 ἀνέχοιτο
2666 4843 2772 4896 τῶν
2806 4844 3066 4915 ῥημάτων
3102 4850 3304 4903 τούτων
3332 4855 3359 4906 6
3408 4841 3680 4926 Ἰουδαῖος,
3716 4865 3851 4936 φέρε

2176 4927 2238 4997 δή
2261 4931 2369 4992 τοῖς
2396 4931 2616 4992 οἰκείοις
2648 4931 2808 4983 αὐτὸν
2835 4931 3016 4995 ὅπλοις
3046 4934 3276 5005 ἕλωμεν,
3299 4940 3450 4994 οὐδὲν
3480 4944 3589 4998 ἀπὸ
3626 4927 3850 5005 Παύλου

2178 5015 2271 5066 καὶ
2296 5016 2497 5084 Πέτρου
2529 5017 2624 5070 καὶ
2669 5018 2935 5083 Ἰωάννου,
2971 5021 3084 5073 ἀλλ’
3115 5025 3222 5077 ἀπὸ
3244 5027 3353 5080 τῶν
3376 5033 3673 5099 προφητῶν
3697 5039 3850 5099 αὐτῴ

2176 5099 2564 5169 διαλεγόμενοι,
2599 5102 2683 5154 ἵνα
2710 5101 2855 5176 μάθῃ
2883 5105 2962 5156 ὅτι
2998 5104 3064 5159 τά
3093 5109 3390 5180 πράγματα
3422 5097 3553 5185 παρ’
3572 5118 3742 5189 αὐτῷ,
3779 5097 3851 5175 τά

2176 5185 2231 5237 δὲ
2261 5189 2503 5256 νοήματα
2531 5190 2659 5258 παρ’
2687 5190 2834 5259 ἡμῖν.

2247 5275 2313 5334 γ’.
2352 5270 2446 5331 Τίς
2474 5266 2564 5321 οἷν
2594 5271 2698 5323 τῶν
2729 5274 3020 5344 προφητῶν
3050 5276 3224 5331 ταῦτά
3264 5299 3446 5352 φησιν,
3483 5285 3565 5338 ὅτι
3608 5286 3707 5358 τὴν
3737 5295 3848 5345 [10.-

2177 5354 2329 5409 λαιὰν
2372 5357 2532 5420 αὐτὸς
2567 5357 2731 5411 ἔδωκε
2769 5361 3070 5432 Διαθήκην;
3126 5366 3183 5419 Ὀ
3215 5369 3278 5421 ἐκ
3313 5372 3517 5436 κοιλίας
3562 5354 3852 5445 ἀγιάσίιεὶς

2189 5442 2473 5514 Ἱερεμίας,
2502 5445 2530 5496 ὁ
2558 5447 2613 5497 ἐν
2646 5447 2854 5518 νεότητι
2890 5451 3128 5521 λάμψας.
3165 5455 3275 5509 Ποῦ
3315 5461 3405 5512 καὶ
3444 5462 3570 5515 ποτε
3593 5442 3620 5528 ;V
3644 5442 3852 5522 Ἄκουε

2173 5533 2283 5586 τῶν
2309 5534 2568 5605 ῥημάτων
2607 5537 2804 5603 αὐτῶν,
2840 5541 2934 5593 καὶ
2975 5543 3226 5600 παιδεύου
3255 5551 3438 5620 σαφῶς
3469 5554 3532 5607 ἐκ
3563 5557 3669 5610 τῶν
3695 5579 3822 5628 Λεγο
3842 5595 3854 5604 .

2177 5621 2369 5691 μένων.
2424 5621 2554 5674 Τίνα
2608 5624 2784 5679 τοίνυν
2841 5629 2958 5682 ἐστὶ
3015 5631 3081 5686 τὰ
3127 5636 3380 5707 ρήματας
3430 5641 3574 5696 Ἰδοὺ
3639 5621 3855 5717 ἡμέραι

2240 5723 2269 5758 4
2293 5721 2431 5771 Tolle
2468 5724 2738 5774 articulum.
