4034 6408
189 326 290 380 €233

190 461 293 495 mn
326 437 619 492 sull'ocatus
644 439 728 482 est
751 470 765 488 ,
800 438 852 480 et
881 432 1085 478 tantum
1118 418 1337 489 pelagus
1365 428 1638 475 emeusm,
1676 424 1777 460 non

190 534 523 599 nau'ragium
553 535 744 593 passus
761 528 873 573 .est.
925 516 1098 569 Causa
1139 520 1317 564 autem
1356 503 1611 599 estquod
1656 513 1782 599 nus:

188 640 347 695 quam
377 588 578 691 petrae,
603 630 703 669 nec
728 624 854 665 saxa
887 603 1129 668 latentia,
1158 615 1259 655 nec
1287 595 1492 695 scepuli
1526 592 1656 655 sint,
1685 588 1777 690 sed

195 688 397 784 tibique
425 724 573 765 mare
595 708 713 777 ipso
734 712 888 772 portu
912 694 1248 767 tranquillius
1277 688 1477 745 invenit
1511 704 1524 739 ε
1551 694 1605 738 et
1626 688 1777 751 quasi

192 808 433 876 zephyro
455 800 688 871 quodam
716 794 783 850 ad
802 785 1356 863 proraminsufﬂante,
1382 790 1781 876 vestro-nenqu

189 868 441 954 audiendi
464 868 665 953 studio,
684 887 749 941 ad
766 881 1110 953 tranquillum
1128 885 1340 948 portum
1354 868 1776 942 appellebamus.

188 991 385 1048 Statim
430 985 575 1041 enim
618 992 780 1051 atque
806 992 874 1033 ex
899 990 996 1030 ore
1024 980 1213 1027 nostro
1252 980 1431 1021 sermo
1475 959 1783 1031 profereba-

192 1094 313 1148 tur,
387 1091 577 1133 omnes
634 1070 842 1141 supinis
896 1067 1047 1121 illum
1113 1059 1361 1116 manibus
1417 1051 1777 1148 excipiebant,

186 1142 403 1231 etiamsi
449 1168 671 1225 multam
720 1163 946 1217 haberet
999 1151 1371 1212 difﬁcultatem
1412 1164 1427 1206 :
1468 1146 1589 1199 talis
1638 1142 1782 1198 enim

199 1280 375 1335 nuper
404 1270 522 1318 erat
549 1255 939 1315 sententiarum
989 1256 1179 1303 natura
1211 1261 1230 1302 :
1255 1249 1489 1295 attamen
1516 1231 1777 1335 atacrita-t

193 1327 661 1425 tis-magnitudine
686 1357 740 1401 et
782 1342 978 1401 mentis
1019 1338 1250 1395 attentio
1281 1349 1401 1390 cum
1450 1327 1780 1385 accurationi

190 1424 411 1518 magna,
441 1453 494 1501 et
517 1444 567 1498 in
606 1440 790 1496 labore
815 1436 973 1492 nobis
999 1431 1251 1488 solatium
1278 1424 1554 1518 attulistis,
1583 1431 1637 1518 et
1667 1433 1783 1489 qua:

194 1513 439 1596 difficilia
462 1542 635 1597 erant,
664 1531 837 1585 facilia
865 1524 1196 1582 reddidistis.
1228 1518 1412 1588 Neque
1440 1515 1583 1570 enim
1609 1513 1661 1567 in
1692 1526 1786 1581 pc-

195 1642 359 1694 tram,
391 1641 563 1697 neque
594 1625 645 1678 in
672 1622 877 1692 Spinas,
900 1630 1073 1686 neque
1094 1627 1245 1667 seeu'
1268 1610 1406 1664 viam
1424 1605 1617 1663 cadere
1643 1604 1788 1697 sine-

196 1693 358 1783 batist
379 1693 685 1774 sed—omnia
716 1714 765 1766 in
792 1711 984 1780 pingtte
1005 1716 1058 1761 et
1083 1701 1404 1776 profundum
1429 1712 1616 1753 arvum
1645 1693 1789 1749 exci-

208 1812 463 1883 piebatis,
508 1808 559 1863 in
600 1802 919 1876 profundum
950 1812 1143 1865 nempe
1182 1804 1376 1849 vestra:
1419 1786 1784 1883 mentissldeo

196 1878 422 1973 singulis
439 1898 625 1955 diebus
641 1904 877 1952 comatas
893 1900 1102 1960 segetes
1121 1886 1382 1949 videmus,
1407 1879 1627 1950 zephyri
1646 1878 1783 1939 loco,

208 1967 443 2066 Spiritus
470 1992 614 2046 auris
644 1986 953 2048 innutritas,
983 1990 1036 2036 et
1072 1979 1340 2033 theatrum
1360 1972 1517 2027 nobis
1546 1967 1786 2066 quotidie

196 2064 540 2157 splendidum
592 2082 866 2137 ell'ectum.
917 2075 1145 2144 Ideoque
1188 2070 1350 2124 hodie
1395 2064 1788 2157 praetermissos

196 2155 452 2246 reliquias
471 2186 744 2228 resumere
759 2168 1026 2223 volebam.
1050 2164 1154 2221 Sed
1177 2161 1305 2233 quid
1325 2158 1551 2214 faciam?
1572 2155 1789 2211 Macha-

196 2269 436 2322 bzeorum
466 2264 665 2318 chorus
686 2270 790 2315 stat
808 2268 932 2314 ante
958 2254 1144 2310 oculos
1172 2268 1343 2317 meos,
1365 2260 1418 2306 et
1436 2250 1642 2320 fulgore
1672 2248 1789 2301 vul-

196 2372 387 2429 nerum
418 2370 637 2412 suorum
672 2361 907 2407 mentem
938 2363 1111 2403 meam
1141 2346 1445 2412 illustratus,
1467 2340 1534 2394 ad
1561 2340 1790 2409 pulchri-

196 2450 439 2504 tudinem
485 2461 639 2502 suam
692 2446 927 2515 linguam
968 2448 1204 2494 nostram
1254 2442 1431 2489 vocat.
1477 2432 1584 2488 Sed
1625 2445 1787 2487 nemo

192 2554 501 2595 sermonem
554 2548 613 2591 ut
658 2533 1095 2605 intempestivum
1151 2528 1455 2600 improbet,
1503 2526 1625 2595 quia
1664 2539 1785 2578 cum

194 2631 389 2686 horum
414 2629 769 2686 certaminum
800 2627 919 2681 dies
943 2623 1213 2681 crastinus
1239 2622 1340 2688 sit,
1370 2619 1528 2674 hodie
1556 2630 1789 2671 coronas

194 2722 463 2776 nectimus
489 2762 505 2785 ,
558 2729 613 2773 ct
636 2727 763 2772 ante
806 2715 932 2771 belli
979 2722 1190 2782 tempus
1233 2721 1494 2780 tropznum
1525 2708 1786 2778 prmdica-

193 2829 335 2868 mus.
381 2812 438 2868 Si
494 2812 638 2867 enim
690 2824 811 2865 cum
868 2808 1068 2875 nuptia:
1109 2806 1483 2865 celebrantur,
1534 2801 1623 2871 qui
1680 2814 1784 2854 una

192 2913 429 2970 coeunt,
463 2912 591 2957 ante
630 2902 773 2956 diem
820 2902 1152 2968 assignatum
1185 2905 1239 2951 et
1285 2895 1551 2950 thalamos
1596 2900 1788 2960 parant

192 3009 247 3053 et
277 2998 497 3052 coronis
518 2996 711 3051 domos
735 3002 932 3048 ornant
961 3000 1121 3061 atque
1151 2988 1339 3042 animis
1375 3004 1388 3039 :
1425 2987 1592 3039 multo
1616 2985 1787 3055 magis

191 3105 291 3144 nos
332 3089 437 3144 hoc
482 3090 657 3159 ipsum
688 3086 947 3142 faciemus
972 3125 986 3149 ,
1031 3091 1233 3153 quanto
1277 3081 1436 3135 etiam
1479 3079 1650 3146 magis
1675 3077 1787 3146 spi-

192 3183 415 3238 rituales
445 3191 572 3235 sunt
596 3178 680 3234 hae
708 3178 909 3246 nuptize
935 3217 949 3240 ,
992 3191 1097 3230 non
1134 3174 1354 3228 homine
1385 3186 1609 3225 uxorem
1636 3211 1650 3233 ,
1686 3169 1785 3223 sed

193 3273 303 3327 Deo
328 3272 542 3326 animas
570 3270 845 3325 hominum
886 3267 987 3322 sibi
1030 3266 1412 3335 deSponsaute.
1447 3262 1787 3331 QuaprOpter

194 3379 301 3418 non
360 3362 698 3418 aberravcrit
741 3361 832 3431 qui
882 3367 1179 3430 martyrum
1235 3358 1472 3410 animam
1528 3367 1783 3422 sponsam

193 3456 425 3520 dixerit,
456 3468 712 3523 sponsam
754 3466 949 3521 nempe
988 3449 1323 3521 Spiritualem
1355 3446 1656 3516 :siquidetn
1690 3458 1786 3513 pro

192 3548 317 3601 dote
356 3550 671 3617 sanguinem
715 3544 981 3611 aﬂ'erunt,
1027 3543 1208 3598 dotem
1272 3554 1563 3609 numquam
1615 3537 1778 3593 absu-

195 3639 468 3695 tuendam.
517 3638 626 3694 Sed
674 3636 891 3694 laudum
942 3646 1154 3706 tempus
1193 3634 1259 3688 ad
1300 3634 1442 3688 diem
1496 3630 1785 3686 crastinam

196 3746 295 3785 nos
328 3739 611 3802 exspectet
639 3748 652 3785 :
686 3730 845 3786 hodie
868 3744 999 3784 vero
1029 3728 1352 3783 infirmiores
1375 3726 1594 3780 fratrum
1620 3723 1790 3780 corri-

194 3840 410 3893 genius.
459 3823 595 3891 Quia
647 3823 789 3879 enim
840 3822 995 3876 multi
1041 3836 1105 3876 ex
1138 3818 1556 3888 simplicioribus
1608 3824 1791 3871 mente

194 3914 591 3978 claudicantes,"
616 3913 683 3967 ab
710 3912 968 3967 Ecclesiae
998 3910 1231 3965 inimicis
1260 3911 1493 3972 attracti,
1526 3922 1631 3960 non
1661 3921 1791 3961 con-

195 4016 479 4077 gruentcm
528 4005 597 4060 de
645 4008 847 4059 sanctis
878 4004 1026 4058 hisce
1067 4002 1375 4072 opinionem
1417 3999 1643 4062 habent;
1696 4012 1791 4052 ne-

195 4102 300 4169 que
342 4098 464 4153 illos
512 4097 565 4151 in
613 4098 821 4167 reliquo
865 4106 1162 4167 martyrum
1200 4094 1369 4148 choro
1396 4099 1787 4155 annumerant,

194 4189 437 4244 dicentes
457 4229 472 4255 ,
506 4202 611 4243 non
642 4204 737 4258 pro
766 4187 980 4242 Christo
1031 4187 1177 4255 ipsos
1206 4198 1521 4255 sanguinem
1548 4182 1786 4246 fudisse,

195 4280 285 4336 sed
316 4294 416 4349 pro
441 4279 561 4350 lege
585 4288 638 4335 et
666 4294 761 4351 pro
791 4280 1074 4349 scripturis
1104 4293 1225 4349 quae
1253 4278 1306 4332 in
1334 4278 1452 4347 lege
1476 4284 1651 4341 erant,
1690 4290 1789 4345 pro

200 4372 373 4425 Suillis
410 4370 663 4426 carnibus
699 4369 970 4440 jugulatos
1018 4386 1031 4423 :
1082 4383 1179 4437 age
1230 4382 1360 4438 ergo
1407 4367 1790 4437 cogitationem

196 4463 411 4517 illorum
428 4461 781 4531 corrigamus.
808 4460 989 4530 Turpe
1016 4474 1250 4529 namque
1276 4468 1422 4519 esset
1452 4459 1573 4513 illos
1601 4458 1793 4513 festum

196 4553 551 4618 celebrantes,
584 4552 915 4607 celebritatis
942 4566 1159 4606 causam
1195 4551 1472 4621 ignorare.

265 4644 320 4699 2.
344 4644 415 4702 Ut
436 4660 505 4700 ne
523 4660 650 4715 ergo
680 4645 713 4698 ii
738 4646 827 4715 qui
856 4646 946 4699 tali
967 4645 1157 4700 morbo
1178 4645 1422 4699 laborant
1450 4646 1502 4699 in
1522 4644 1794 4699 communi

198 4739 436 4793 omnium
462 4738 649 4792 latitia
667 4738 766 4792 soli
796 4738 1030 4802 doleant,
1058 4738 1151 4794 sed
1169 4739 1375 4793 sincera
1395 4751 1571 4792 mente
1592 4740 1796 4809 pugiles

198 4830 317 4884 illos
344 4830 763 4898 amplectantur,
794 4831 1011 4899 etpuris
1052 4830 1220 4885 oculis
1243 4814 1362 4883 illos
1392 4830 1605 4884 videant
1630 4849 1642 4883 :
1668 4830 1794 4899 quid

197 4920 406 4975 illorum
436 4930 645 4975 mentes
668 4921 1195 4977 concitaverithodie
1214 4921 1579 4987 traducentes,
1605 4923 1654 4976 id
1678 4922 1793 4976 effi-

197 5012 401 5067 ciemus
419 5021 610 5067 utcras
622 5012 829 5067 sincera
846 5023 1023 5067 mente
1040 5022 1089 5067 et
1110 5029 1239 5083 puro
1256 5015 1435 5067 animo
1455 5014 1713 5068 accedant
1727 5012 1795 5068 ad

196 5105 528 5174 spiritualem
551 5105 939 5159 celebritatem.
970 5106 1260 5161 Enimvero
1287 5121 1388 5174 ego
1412 5116 1617 5159 tantutn
1646 5107 1799 5160 abest

200 5205 257 5249 nt
293 5210 538 5251 recusem
581 5195 910 5251 blaccabrcos
946 5198 1155 5251 cmleris
1187 5199 1511 5266 martyribus
1540 5213 1800 5251 annume-

198 5303 336 5351 rare,
357 5297 411 5341 ut
425 5289 587 5342 etiam
606 5286 995 5355 Splendidiores
1014 5289 1132 5341 illos
1146 5304 1263 5343 esse
1276 5289 1469 5342 dicam.
1487 5289 1637 5342 Tunc
1650 5288 1797 5343 enim

196 5387 665 5443 concertaverunt,
682 5392 800 5431 cum
816 5379 1049 5433 nondum
1069 5390 1235 5449 porta:
1253 5396 1408 5433 aerea:
1430 5379 1604 5433 fracta:
1617 5388 1799 5434 essent

197 5487 367 5540 neque
392 5471 561 5526 vectis
580 5469 791 5525 ferreus
818 5474 1120 5527 abstractus
1146 5494 1157 5526 :
1183 5490 1303 5528 cum
1323 5474 1497 5528 adlme
1521 5486 1796 5542 peccatum

197 5565 588 5627 dominaretur,
622 5574 674 5618 et
696 5566 1000 5620 maledictio
1028 5567 1260 5635 vigeret;
1287 5578 1441 5637 atque
1462 5584 1581 5621 cum
1600 5569 1795 5623 diaboli

198 5672 287 5709 arx
314 5655 491 5708 adhuc
512 5663 703 5717 staret,
736 5655 965 5709 necdum
997 5657 1115 5709 talis
1138 5658 1350 5711 virtutis
1382 5659 1461 5711 via
1484 5659 1603 5712 trita
1628 5670 1793 5713 εεευι.

200 5743 341 5800 hunc
383 5746 529 5801 enim
586 5745 668 5800 vel
700 5746 985 5802 admodum
1026 5749 1231 5818 pueruli
1272 5760 1324 5804 et
1354 5752 1581 5821 virginea
1614 5758 1792 5807 ntu’te

970 312 1034 357 Μ
1075 299 1377 361 ιιυλυωλ,
1425 300 1511 351 DF.
1554 292 1919 351 ELEAZARO
1962 292 2050 347 ET
2093 293 2365 349 SEPTEM
2407 292 2676 350 PUElliS.

3379 289 3481 341 5'26

1886 420 2083 459 lt‘ltcl'u:
2115 418 2167 460 et
2196 408 2432 475 inuenta:
2464 409 2512 461 in
2552 406 2803 460 omnibus
2828 405 2973 459 orbis
3001 406 3257 476 partibus,
3290 417 3475 460 contra

1885 500 2072 553 mortis
2118 497 2452 567 tyrannidem
2501 506 2883 553 concertavere
2925 515 2939 551 :
2974 506 3099 551 tunc
3143 504 3323 551 autem
3356 508 3484 551 ante

1884 586 2081 640 Christi
2111 589 2423 653 adventum,
2452 590 2614 643 etiam
2646 590 2677 642 ii
2702 591 2791 659 qui
2818 589 2947 658 justi
2974 598 3128 643 erant
3148 630 3163 655 ,
3196 568 3484 643 adinodutn

1886 680 2027 734 illam
2058 680 2434 734 formidabant.
2461 681 2671 751 Moyses
2688 681 2830 737 enim
2852 680 3007 750 hujus
3029 682 3221 735 timore
3246 682 3448 751 aufugit
3472 699 3484 733 :

1885 771 2067 826 llelias
2092 788 2187 839 per
2212 773 2561 842 quadraginta
2592 774 2799 827 dierum
2831 773 2971 826 viain
2998 781 3284 841 propterea
3313 772 3443 842 fugit
3470 791 3482 825 :

1884 876 1938 919 et
1969 864 2236 918 Abraham
2279 864 2579 933 patriarcha
2622 864 2742 919 ideo
2778 879 3000 918 uxorem
3035 864 3288 917 manebat
3315 873 3371 917 ut
3417 879 3476 919 se

1884 972 2123 1011 sororem
2153 955 2387 1022 diceret,
2442 971 2545 1011 non
2580 971 2821 1011 uxorem.
2853 956 3049 1026 Ecquis
3091 965 3306 1024 Oportet
3346 955 3484 1011 alios

1884 1048 2099 1104 dicere?
2146 1050 2260 1118 ipse
2315 1065 2543 1117 namque
2586 1049 2773 1105 ['etrus
2824 1050 2895 1104 ita
2948 1061 3178 1105 mortem
3223 1051 3483 1117 timebat,

1886 1150 1946 1196 ttt
1973 1158 2038 1196 ne
2063 1142 2299 1196 Ostiariue
2332 1142 2549 1210 quidem
2576 1143 2751 1197 minas
2784 1143 2969 1197 tulerit
2996 1161 3009 1195 :
3042 1143 3298 1197 terribilis
3331 1159 3486 1197 nam.

1885 1250 1991 1304 que
2036 1249 2183 1287 mors
2210 1242 2325 1288 erat
2352 1245 2405 1288 et
2437 1235 2734 1299 inaccessa,
2766 1250 2888 1289 cum
2917 1235 3155 1289 nondum
3188 1235 3338 1289 nervi
3369 1234 3485 1304 ejus

1886 1326 2089 1379 exseeti
2121 1325 2344 1380 fuissent
2375 1341 2472 1379 nec
2508 1336 2745 1395 potestas
2774 1326 2893 1395 ejus
2913 1325 3114 1380 soluta.
3150 1328 3401 1380 Attamen
3433 1324 3485 1379 hi

1886 1426 2048 1484 tunc,
2100 1419 2313 1488 quando
2365 1420 2452 1473 illa
2508 1429 2613 1472 tam
2671 1418 2987 1477 terribiliter
3025 1419 3293 1489 spirabat,
3341 1419 3485 1473 illam

1889 1522 2330 1580 expugnaverunt
2358 1518 2413 1565 et
2440 1510 2777 1566 devicerunt.
2807 1510 2945 1578 Quia
2985 1511 3127 1566 enim
3160 1511 3271 1580 jam
3303 1511 3485 1581 solju«
3520 1540 3523 1543 λ

1889 1603 2047 1657 stitia:
2071 1602 2306 1656 orilurtts
2336 1611 2472 1667 erat,
2497 1602 2636 1672 quod
2659 1602 2712 1657 in
2733 1602 2934 1672 vulgari
2954 1602 3041 1657 die
3070 1604 3147 1665 lit,
3174 1602 3337 1657 etiam
3361 1611 3487 1656 tunc

1889 1692 2112 1760 Contigit
2143 1709 2156 1745 :
2201 1694 2338 1746 sient
2368 1694 2513 1747 enim
2540 1693 2655 1746 sole
2687 1692 2922 1747 nondum
2955 1702 3269 1762 apparente,
3303 1692 3487 1747 laztutn

1893 1792 2069 1837 tamen
2130 1784 2285 1839 nobis
2334 1784 2625 1838 diluculum
2676 1792 2944 1854 apparet,
2990 1794 3046 1838 et
3084 1799 3207 1838 cum
3250 1783 3488 1839 nondum

1892 1875 2097 1930 solares
2126 1875 2259 1930 radii
2310 1876 2417 1930 sint
2449 1874 2762 1941 manifesti,
2816 1875 2906 1929 lux
2974 1875 3246 1929 radiorum
3304 1876 3489 1945 procul

1892 1968 2082 2021 orbein
2118 1968 2383 2021 illuminat
2417 1986 2429 2020 :
2464 1966 2604 2022 idem
2634 1976 2689 2019 et
2716 1974 2843 2020 tunc
2888 1966 3130 2035 contigit.
3164 1966 3297 2033 Quia
3343 1965 3487 2019 enim

1891 2064 2221 2116 adventurus
2247 2071 2364 2115 erat
2383 2060 2729 2131 Soljustitite,
2752 2058 2967 2113 tandem
2990 2057 3227 2112 diuturni
3258 2060 3492 2127 torporis

1890 2154 2129 2207 tenebrre
2188 2152 2565 2219 solvebantur,
2622 2153 2725 2207 etsi
2773 2150 3012 2205 nondum
3067 2160 3389 2219 apparuerat
3438 2153 3489 2203 iit

1888 2260 2075 2311 carne,
2108 2246 2199 2301 sed
2233 2261 2399 2315 prope
2431 2256 2624 2301 eratet
2664 2244 2821 2315 quasi
2846 2245 2899 2298 itt
2928 2244 3235 2315 procemiis,
3282 2253 3337 2297 et
3375 2242 3489 2312 jam

1890 2353 1979 2394 res
2007 2338 2148 2408 ipsas
2173 2337 2441 2408 tangebat.

1965 2431 2226 2486 Probatur
2252 2431 2581 2486 Macltabwos
2609 2449 2701 2503 pro
2718 2431 2919 2487 Christo
2944 2447 3118 2499 passos
3135 2428 3488 2495 esse.—Qttod

1892 2524 2055 2594 igitur
2108 2540 2357 2595 magnam
2413 2524 2767 2579 exhibuerint
2819 2525 3075 2578 virtutem
3108 2563 3123 2587 ,
3186 2522 3237 2575 in
3297 2521 3489 2576 talibus

1891 2628 2269 2673 concertantcs
2317 2618 2674 2688 temporibus,
2708 2616 2932 2672 omnino
2973 2615 3148 2685 palam
3193 2623 3317 2669 est:
3348 2612 3490 2681 quod

1892 2726 2021 2765 vero
2046 2712 2207 2766 etiam
2236 2726 2334 2781 pro
2380 2709 2598 2765 Christo
2638 2708 2863 2764 vulnera
2895 2707 3226 2776 acceperint,
3252 2704 3353 2757 hoc
3378 2703 3489 2772 jam

1890 2806 2265 2861 demonstrare
2293 2806 2553 2860 conabor.
2580 2804 2689 2858 Cur
2710 2802 2879 2870 enim,
2899 2801 2986 2856 die
3004 2799 3159 2865 mihi,
3181 2802 3320 2868 passi
3340 2797 3492 2851 sum?

1890 2896 2022 2966 legis
2053 2912 2211 2951 causa
2241 2938 2254 2960 ,
2290 2897 2522 2967 inquies,
2580 2904 2636 2950 et
2685 2895 3078 2964 scripturarum
3123 2905 3246 2962 quae
3294 2891 3345 2944 in
3400 2889 3491 2945 illa

1888 2998 2063 3045 erant.
2089 2989 2146 3043 Si
2174 3002 2302 3059 ergo
2343 2988 2656 3058 apparuerit
2678 2986 2955 3041 Christum
2991 2985 3166 3055 legem
3213 2983 3358 3037 illam
3392 2981 3491 3036 tle-

1888 3081 2056 3147 disse,
2088 3096 2267 3137 annon
2298 3081 2649 3150 c0n5picuum
2682 3090 2765 3135 est
2787 3078 2909 3133 illos
2936 3092 3035 3147 pro
3063 3078 3179 3146 lege
3203 3077 3489 3145 patientes,

1889 3189 1989 3245 pro
2014 3175 2321 3245 legislatore
2342 3175 2516 3229 'totam
2549 3174 2691 3228 illam
2721 3172 3078 3228 constantiam
3102 3182 3153 3226 et
3178 3170 3489 3241 patientiam

1888 3264 2241 3321 exhibuisse?
2271 3267 2385 3337 Age
2406 3280 2558 3336 ergo,
2584 3265 2686 3319 hoc
2705 3263 2865 3319 hodie
2889 3263 3198 3335 probemus,
3214 3261 3489 3317 Chrisunn

1891 3374 2085 3429 nempe
2114 3374 2236 3415 esse
2276 3360 2365 3430 qui
2396 3358 2567 3429 legem
2597 3358 2762 3413 dedit.
2805 3356 3078 3427 Quisergo
3106 3356 3220 3410 hrec
3240 3354 3415 3409 dixit?
3443 3354 3491 3409 ls

1890 3455 1979 3522 qtti
2015 3454 2129 3507 hch
2174 3454 2338 3522 probe
2371 3452 2573 3506 sciebat
2600 3460 2654 3505 et
2681 3466 2817 3506 nova
2845 3460 2899 3504 et
2924 3460 3126 3515 vetera,
3155 3450 3370 3514 Paulus,
3403 3464 3492 3503 or-

1890 3550 1973 3604 bis
1997 3548 2219 3603 doctor:
2245 3548 2537 3602 Corinthiis
2563 3560 2792 3615 namque
2814 3545 3079 3618 scribens,
3106 3544 3184 3599 sic
3210 3544 3446 3613 loquitur
3474 3560 3487 3595 :

1893 3640 2033 3695 Nolo
2064 3650 2233 3694 autem
2274 3658 2361 3695 vos
2404 3624 2659 3711 ignorare,
2707 3643 2914 3709 fratres,
2960 3638 3079 3708 quia
3121 3647 3288 3707 patres
3332 3638 3495 3691 nostri

1892 3734 2064 3787 Omnes
2104 3733 2194 3786 sub
2235 3732 2365 3786 nube
2391 3734 2631 3801 fuerunt,
2662 3740 2707 3785 et
2732 3747 2905 3785 omnes
2948 3748 3036 3800 per
3069 3747 3209 3784 mare
3257 3728 3492 3783 Rubrum

1894 3824 2223 3887 transierunt,
2261 3834 2307 3879 et
2329 3840 2500 3878 omnes
2525 3825 2578 3877 in
2603 3822 2784 3893 Moyse
2809 3821 3048 3894 baptismi
3073 3832 3188 3875 sunt
3215 3821 3266 3874 in
3298 3823 3428 3875 nube
3448 3832 3495 3875 ct

1893 3916 1945 3968 iu
1974 3917 2120 3982 mari,
2150 3927 2196 3969 et
2218 3933 2390 3971 euntes
2409 3917 2636 3970 cuiudent
2662 3917 2827 3969 cibum
2863 3914 3185 3983 spirituolcm
3214 3918 3496 3965 manduca-

1894 4019 2069 4062 vernnt
2094 4010 2109 4079 (
2141 4011 2189 4064 1.
2209 4007 2327 4064 Cor.
2354 4009 2440 4064 10.
2464 4010 2562 4063 1-5
2589 4008 2631 4079 ),
2654 4007 2723 4063 de
2751 4023 2943 4061 manna
2968 4006 3220 4072 laqueus,
3249 4015 3294 4058 et
3322 4022 3496 4058 oumes

1894 4103 2125 4155 eumdem
2177 4110 2350 4172 potum
2391 4102 2706 4175 spirituatem
2762 4099 3010 4162 biberunt,
3063 4102 3254 4166 aquam
3308 4097 3495 4151 dicens

1897 4195 2067 4257 illam,
2092 4208 2211 4263 quae
2232 4210 2261 4248 e
2285 4204 2432 4263 petra
2457 4192 2627 4247 ﬂuxit.
2650 4190 2855 4246 Deinde
2874 4201 3156 4259 postquam
3182 4190 3497 4244 oetenderat

1896 4285 2169 4339 Christum
2203 4284 2316 4339 haec
2348 4282 2614 4338 mirabilia
2646 4282 2836 4338 fecisse
2858 4322 2872 4345 ,
2902 4282 3177 4350 subjunxit
3210 4297 3222 4332 :
3252 4279 3495 4333 Βὶὺιιὺιιηι

1897 4378 2028 4431 enim
2062 4392 2125 4430 ea:
2160 4376 2415 4446 spirituali
2441 4385 2775 4445 consequente
2811 4390 2897 4428 eos
2939 4382 3119 4439 petra:
3143 4384 3286 4442 petra
3328 4386 3493 4426 autent

1898 4479 2003 4522 erat
2031 4469 2262 4523 Christus
2292 4469 2310 4536 (
2339 4466 2478 4522 Ibid.
2514 4485 2563 4521 v.
2597 4468 2629 4521 4
2656 4466 2697 4539 ).
2729 4467 2792 4521 Et
2819 4466 2942 4536 jure
2972 4476 3119 4519 certe
3158 4481 3170 4517 :
3208 4483 3311 4519 non
3354 4468 3496 4520 enim

1901 4571 2064 4629 petrae
2096 4570 2282 4614 natura
2314 4560 2591 4615 emittebat
2632 4574 2826 4629 aquam
2878 4566 2933 4612 et
2972 4558 3161 4611 ﬂuvios
3220 4558 3360 4618 illus,
3401 4559 3494 4613 sed

1899 4652 2096 4707 Christi
2124 4653 2366 4720 Operatio
2396 4651 2624 4720 lapidem
2675 4651 2989 4721 percutiens
3042 4648 3218 4702 fontes
3248 4650 3499 4703 emittere

1900 4746 2097 4814 coegit.
2131 4746 2254 4799 Ideo
2312 4746 2475 4798 etiam
2525 4744 2859 4815 spiritualem
2916 4753 3122 4812 petram
3176 4745 3406 4807 vocavit,
3443 4754 3496 4797 et

1904 4836 2048 4903 ipsos
2091 4845 2370 4906 sequutant
2403 4851 2525 4890 esse
2551 4836 2726 4889 dixit:
2768 4836 2985 4889 sensilis
3016 4850 3146 4889 veto
3195 4846 3341 4903 PCll'a
3392 4852 3495 4889 nou

1902 4928 2164 4994 sequitur,
2196 4925 2289 4979 sed
2320 4927 2371 4979 in
2403 4927 2521 4980 loco
2547 4940 2652 4979 uno
2682 4926 2890 4981 Stabilis
2917 4935 3000 4980 est
3035 4942 3047 4978 :
3078 4926 3171 4980 sed
3195 4928 3365 4979 virtus
3387 4929 3496 4987 illa,

1900 5035 2020 5087 qua:
2052 5019 2243 5087 ubique
2270 5017 2423 5072 adest
2463 5028 2515 5073 et
2543 5019 2723 5072 omnia
2748 5027 2918 5082 creat,
2956 5019 3073 5086 ipsa
3097 5029 3301 5087 petram
3335 5021 3503 5087 rupit.

1901 5109 2054 5176 Quod
2081 5110 2125 5163 si
2156 5110 2271 5164 hmo
2297 5111 2459 5164 verba
2494 5125 2600 5163 non
2624 5109 2759 5165 ferat
2784 5109 3023 5174 Judzeus,
3055 5124 3153 5178 age
3182 5112 3292 5163 suis
3324 5112 3494 5180 ipsum

1902 5203 2067 5255 armis
2086 5203 2381 5270 capiamus,
2416 5202 2639 5257 nihilex
2665 5202 2853 5270 Paulo,
2880 5204 3041 5258 Petro
3065 5213 3118 5258 et
3147 5204 3378 5267 Joanne,
3400 5207 3492 5260 sed

1904 5309 1965 5346 ex
1996 5291 2271 5362 prophetis
2299 5307 2418 5347 cum
2466 5294 2557 5347 illo
2608 5293 2965 5362 disputantes,
3003 5305 3059 5349 ttt
3107 5296 3277 5350 discat
3317 5298 3499 5355 literas

1904 5400 2069 5454 penes
2093 5385 2263 5446 illum,
2295 5400 2449 5439 smsa
2480 5400 2608 5440 vero
2634 5400 2801 5454 penes
2828 5401 2926 5441 nos
2954 5402 3095 5443 esse.

1977 5477 2028 5527 5.
2058 5476 2188 5539 Quis
2233 5490 2363 5545 ergo
2408 5477 2791 5546 prophetarum
2844 5478 2957 5533 ha‘c
2997 5479 3163 5546 dicit,
3196 5482 3338 5551 quod
3387 5484 3500 5551 ipse

1904 5576 2057 5620 vetus
2081 5566 2488 5621 Testamentum
2520 5569 2768 5624 dederit?
2796 5568 3059 5626 Jeremias
3090 5573 3180 5642 qui
3211 5589 3278 5627 ex
3311 5586 3493 5633 venue

1903 5660 2265 5714 sam-libeatns
2311 5669 2426 5726 est,
2469 5663 2558 5731 qui
2610 5662 2660 5716 in
2708 5672 2989 5733 iuventute
3037 5666 3252 5720 claruit.
3302 5665 3402 5721 Ubi
3451 5680 3505 5723 et

1905 5754 2211 5824 quomodo?
2243 5754 2376 5810 Audi
2410 5757 2569 5812 verba
2608 5757 2747 5829 ejus,
2779 5767 2833 5814 et
2863 5772 2928 5815 ea
2960 5758 3115 5817 dictis
3146 5758 3290 5816 clare
3328 5760 3495 5819 disce.
