4034 6420
564 295 670 352 527

566 411 825 474 Qumuam
890 411 1047 482 igitur
1110 420 1233 465 sum
1287 409 1482 464 verba?
1540 405 1674 462 Ecce
1729 406 1835 460 dies
1898 405 2142 469 ueniunt,

568 499 693 554 dicit
741 499 1005 557 Dominus.
1037 501 1116 555 Ab
1138 502 1296 556 initio
1326 501 1506 556 statim
1551 499 1850 555 auditorem
1881 497 2057 566 erigit.
2090 503 2142 549 et

569 590 896 646 audientium
924 608 1138 648 sensum
1183 594 1400 659 excitat,
1433 591 1724 648 ostendens
1744 605 1854 645 non
1897 604 1990 644 sua
2022 603 2143 642 esse

571 685 752 749 verba,
769 686 862 740 sed
887 700 946 742 se
975 685 1234 740 mittentis
1266 687 1378 740 Dei.
1404 686 1536 742 Ecce
1560 685 1667 739 dies
1687 684 1908 740 veniunt.
1940 681 2142 736 Deinde

569 777 830 848 significat
854 792 912 832 se
944 778 1011 834 de
1056 779 1244 833 futuris
1281 779 1438 835 rebus
1481 777 1647 849 loqui.
1679 774 1959 843 Quomodo
1987 788 2137 844 ergo,

569 872 612 922 si
668 869 734 924 de
791 869 980 923 tuturis
1029 870 1302 940 loquitur,
1339 870 1501 926 Vetus
1565 869 1964 924 Testamentum
2029 867 2144 932 ipse

570 958 758 1012 dedit?
798 959 1062 1028 Exspecta
1121 971 1176 1016 et
1222 978 1288 1015 ne
1346 961 1577 1016 turberis
1630 970 1860 1028 tuncque
1906 957 2146 1012 veritatis

569 1051 909 1123 splendorem
961 1053 1188 1108 videbis.
1239 1054 1372 1108 Cum
1427 1055 1570 1109 enim
1626 1051 1745 1107 hare
1791 1051 2142 1118 dicebantur,

572 1145 652 1198 lex
679 1143 799 1197 data
831 1153 944 1200 erat
982 1155 1037 1200 et
1077 1146 1270 1200 violata
1299 1142 1492 1211 fuerat,
1515 1143 1720 1198 Novum
1772 1159 1902 1198 vero
1950 1141 2142 1198 Testa-

569 1247 806 1290 mentum
856 1236 1111 1299 noudum.
1145 1237 1237 1291 His
1282 1252 1411 1307 ergo
1463 1237 1606 1292 clare
1637 1237 1688 1290 in
1735 1245 1915 1290 mente
1965 1243 2140 1288 vestra

565 1329 862 1398 depositis,
921 1329 1244 1384 solutionem
1308 1331 1537 1400 accipite
1585 1329 1955 1384 diflleultatum
2009 1341 2148 1395 quas

569 1420 719 1474 utttlti
765 1420 1045 1488 objiciunt.
1102 1420 1231 1475 Ecce
1272 1421 1379 1474 dies
1419 1421 1654 1485 ueniunt,
1710 1419 1828 1473 dicit
1869 1419 2140 1484 Dominus,

569 1527 804 1579 pra-scus
852 1521 1064 1581 tempus
1106 1512 1432 1582 significans,
1484 1523 1531 1568 et
1567 1513 1834 1582 disponam
1880 1511 2014 1565 vobis
2065 1521 2139 1564 te-

565 1613 866 1657 stantentum
908 1621 1109 1670 novum,
1156 1622 1256 1659 non
1295 1604 1570 1660 secundum
1608 1615 1959 1660 testamentum
2009 1604 2144 1673 quod

565 1694 792 1762 disposui
835 1696 1060 1764 patribus
1099 1697 1272 1751 uestris
1320 1697 1465 1766 (Jer.
1509 1699 1596 1752 51.
1638 1697 1728 1752 51.
1782 1698 1852 1751 52
1878 1697 1916 1768 ).
1973 1697 2146 1752 luter-

568 1800 698 1857 rt-go
750 1786 1030 1848 Judaeum.
1085 1788 1351 1858 interrogo
1402 1789 1667 1843 inﬁrmum
1718 1789 1959 1854 fratrem,
2016 1789 2148 1857 Quis

567 1893 763 1932 novum
814 1879 960 1932 dedit
1003 1878 1443 1935 Testamentum?
1473 1880 1663 1936 Procul
1722 1881 1885 1937 dubio
1924 1895 2147 1952 respono

565 1969 769 2025 debnnt
797 1971 976 2038 ambo,
1010 1972 1150 2038 quod
1177 1971 1426 2029 Christus
1452 1973 1680 2030 dederit.
1708 1975 1851 2046 Ergo
1883 1974 1969 2031 hic
1994 1976 2145 2031 vetns

566 2063 724 2116 etiam
774 2063 941 2119 dedit.
1001 2065 1134 2121 Nam
1177 2067 1265 2137 qui
1324 2067 1458 2122 dixit
1489 2109 1501 2133 ,
1550 2068 1832 2138 Disponam
1879 2078 2148 2123 testamen-

566 2164 670 2205 tum
698 2169 900 2221 norum,
927 2172 1028 2210 non
1055 2159 1329 2212 secundum
1361 2167 1709 2213 testamentum
1737 2161 1872 2228 quod
1898 2161 2144 2228 disposui,

564 2248 799 2302 Ostendit
826 2264 885 2304 se
912 2251 1071 2304 etiam
1118 2252 1243 2305 illud
1281 2251 1495 2307 dedisse
1525 2270 1538 2306 :
1566 2268 1695 2323 ergo
1735 2254 2010 2324 utriusque
2045 2254 2148 2310 Te-

565 2342 813 2395 atatncnti
845 2358 980 2398 unus
1003 2344 1278 2412 legislator
1298 2353 1398 2400 est.
1435 2346 1499 2399 Et
1522 2345 1882 2415 quandonam,
1917 2362 2101 2417 qumso
2129 2389 2145 2412 ,

565 2441 720 2485 vetus
747 2431 1145 2488 Testamentum
1171 2433 1470 2503 disposuit?
1503 2434 1571 2490 In
1608 2438 1690 2490 die
1728 2453 1830 2505 qua
1870 2454 2023 2491 manu
2049 2455 2146 2506 ap-

567 2522 810 2590 prehendi
831 2539 934 2587 eos,
955 2533 1014 2577 ut
1038 2524 1300 2580 educerem
1323 2526 1440 2581 illos
1460 2527 1520 2582 de
1541 2537 1673 2581 terra
1697 2526 1915 2600 ﬁgypti
1937 2527 2143 2599 (Ibid.).

570 2616 702 2671 Vide
751 2616 1021 2684 quomodo
1065 2626 1119 2672 et
1157 2616 1464 2672 facilitatem
1501 2620 1734 2674 ostendit
1782 2621 2064 2688 educendi,
2095 2632 2150 2678 et

565 2705 904 2761 dilectionem
946 2721 1119 2772 suam,
1149 2708 1526 2764 etieductionis
1569 2713 1936 2777 securitatem,
1980 2714 2148 2784 quod-

566 2811 670 2866 que
703 2798 894 2866 ipsein
927 2797 1160 2869 Egyptc
1211 2801 1378 2857 smnia
1425 2803 1677 2857 miracula
1719 2813 1973 2872 patraret.
2013 2804 2145 2860 Cum

566 2889 709 2942 enim
737 2889 882 2954 dicit,
916 2889 1128 2944 Manum
1149 2908 1317 2946 eorum
1347 2896 1679 2962 apprehendi,
1705 2905 1758 2947 at
1781 2896 2039 2950 educerem
2066 2914 2148 2952 eos

567 2981 632 3032 de
666 2989 801 3034 terra
828 2980 1067 3053 Egypti,
1112 2984 1366 3039 miracula
1409 2986 1584 3039 omnia
1635 2987 1895 3056 signiﬁcat
1929 3007 1942 3042 :
1975 2989 2148 3044 exitus

568 3070 710 3125 enim
743 3072 831 3127 ille
876 3088 971 3143 per
1011 3073 1099 3129 illa
1138 3075 1400 3144 stupenda
1445 3077 1698 3133 miracula
1729 3079 1903 3134 factus
1948 3089 2048 3135 est.
2083 3080 2148 3135 Et

565 3163 666 3230 ipsi
693 3179 795 3218 non
833 3176 1213 3233 permanserunt
1257 3168 1313 3222 in
1357 3179 1648 3224 testamento
1685 3189 1795 3226 meo
1824 3190 1841 3236 ;
1868 3183 1914 3228 et
1943 3191 2033 3244 ego
2063 3192 2148 3231 ne-

565 3254 702 3322 glexi
729 3271 834 3320 eos,
873 3255 995 3310 dicit
1036 3255 1283 3314 Dominus
1310 3259 1522 3332 (Ibid.).
1566 3260 1717 3327 Quod
1743 3265 1901 3334 igitur
1932 3267 2052 3320 novi
2093 3276 2149 3322 et

566 3346 761 3401 veteris
788 3347 1113 3404 Testamenti
1152 3365 1287 3405 unus
1316 3353 1384 3407 sit
1433 3353 1738 3422 legislator,
1774 3355 1897 3410 hinc
1925 3357 2149 3413 manife-

565 3447 704 3492 stum
750 3450 850 3494 est.
899 3439 995 3496 llic
1037 3457 1164 3496 vero
1195 3442 1238 3497 si
1266 3444 1385 3514 quis
1411 3444 1608 3500 dictum
1636 3457 1888 3503 accurate
1935 3451 2146 3521 prospi-

566 3531 689 3590 ciat,
734 3530 928 3584 videbit
972 3533 1143 3600 ipsum
1184 3549 1287 3588 non
1332 3537 1538 3592 modica
1583 3538 1896 3596 difficultate
1925 3541 2144 3612 plenum

567 3638 705 3677 esse.
737 3623 867 3678 Nam
904 3641 1023 3679 eum
1051 3642 1265 3683 causam
1311 3630 1458 3694 dicit,
1487 3632 1556 3686 ob
1586 3649 1743 3703 quam
1775 3636 1917 3690 aliud
1955 3637 2146 3692 Testa-

564 3723 803 3769 mentum
833 3715 1050 3771 daturus
1076 3727 1418 3783 est,.novum
1450 3722 1574 3776 illttd
1621 3734 1791 3786 vocat,
1822 3726 1872 3779 id
1901 3736 1998 3790 est,
2030 3738 2145 3781 stu-

564 3806 793 3872 pendunt
825 3826 836 3860 :
868 3821 1009 3872 nam,
1034 3807 1336 3877 Disponam.
1358 3812 1544 3882 inquit,
1567 3823 1914 3870 testamentum
1938 3835 2141 3884 norum,

565 3913 665 3950 non
728 3900 1002 3953 secundum
1050 3911 1402 3956 testamentum
1446 3906 1581 3974 quod
1639 3909 1866 3977 disposui
1916 3913 2144 3979 putribus

564 4005 754 4054 eorum,
802 3992 1039 4059 quoniam
1083 3993 1182 4060 ipsi
1210 4010 1310 4048 non
1340 4010 1724 4065 pertttanserunt
1769 4001 1819 4053 in
1851 4011 2144 4058 testamento

564 4096 714 4143 meo;
758 4091 804 4134 et
841 4098 930 4151 ego
973 4085 1169 4153 neglexi
1213 4103 1332 4151 eos,
1364 4088 1485 4141 dicit
1516 4089 1783 4144 Dominus.
1833 4093 1990 4161 Atqui
2025 4097 2142 4153 ideo

564 4171 682 4224 illos
706 4173 876 4241 puniri
905 4175 1204 4242 oportebat,
1230 4187 1601 4250 extremasque
1637 4198 1820 4249 poenas
1853 4186 2140 4241 intoleran-

562 4261 794 4328 dumque
832 4262 1014 4318 subire
1057 4267 1397 4334 supplicium,
1445 4271 1585 4338 quod
1631 4282 1749 4340 post
1790 4284 1930 4328 tanta
1980 4278 2031 4330 in
2059 4279 2141 4332 sui

559 4351 785 4421 gratiam
817 4352 951 4408 facta
977 4355 1249 4422 miracula,
1272 4368 1324 4410 et
1347 4359 1466 4428 lege
1487 4374 1722 4430 accepta,
1752 4381 1855 4419 non
1888 4370 2142 4426 meliores

561 4443 844 4497 evaserint.
877 4445 1071 4500 Verum
1117 4447 1202 4502 hic
1249 4464 1354 4503 non
1404 4467 1586 4519 pmnas
1635 4455 1700 4509 ab
1750 4457 1852 4511 illis
1894 4466 2135 4530 espetit;

561 4536 669 4588 imo
699 4543 752 4589 et
781 4537 976 4606 majora
1011 4555 1168 4608 quam
1200 4542 1345 4609 prius
1375 4544 1673 4613 pollicetur.
1708 4549 1990 4614 Oporteret
2018 4558 2138 4623 qni-

558 4629 679 4683 dem
709 4629 881 4685 adhuc
913 4632 1068 4687 hodie
1098 4633 1256 4705 hujus
1282 4636 1610 4691 difficultatis
1638 4641 1955 4698 solutionem
1980 4648 2139 4701 all‘er-

559 4735 656 4784 re;
685 4721 779 4775 sed
816 4723 936 4790 quia
968 4723 1032 4776 ad
1063 4725 1219 4778 aliam
1249 4742 1360 4780 rem
1387 4745 1483 4783 nos
1515 4746 1692 4784 sermo
1722 4733 1929 4800 invitat,
1964 4749 2011 4792 et
2065 4741 2134 4794 ita

560 4812 808 4866 volumus
838 4826 931 4867 vos
962 4814 1259 4880 instituere,
1291 4828 1347 4871 ut
1375 4834 1483 4873 nea
1512 4822 1664 4875 nobis
1694 4828 1868 4879 omnia
1898 4829 2132 4898 diseatis,

559 4902 653 4956 sed
676 4911 728 4956 et
759 4919 785 4955 a
817 4904 964 4958 vobis
988 4907 1115 4974 ipsis
1147 4910 1448 4973 inveniatis,
1483 4914 1580 4967 hoc
1606 4916 1756 4970 vobis
1788 4923 2132 4986 quaerendum

557 5000 610 5046 et
639 4994 1012 5050 inveniendum
1062 4999 1324 5068 relinquo.
1372 5001 1426 5056 Si
1472 5015 1648 5058 autem
1699 5009 1985 5065 viderimus
2039 5029 2133 5068 vos

559 5085 935 5152 perrptisivisse
962 5103 1059 5144 nec
1081 5089 1367 5155 invenisse,
1402 5101 1524 5149 tunc
1546 5105 1598 5148 et
1619 5097 1715 5163 ipsi
1743 5116 1930 5154 manus
1957 5107 2131 5168 porri-

556 5190 743 5245 getnus
777 5193 790 5230 :
825 5187 880 5230 ut
908 5194 1035 5233 vero
1079 5183 1238 5235 etiam
1281 5183 1487 5239 facilius
1529 5188 1766 5243 invenire
1815 5195 2045 5259 possitis.
2079 5205 2132 5248 et

555 5271 845 5338 apostolica
877 5271 1010 5332 loca,
1046 5274 1096 5326 in
1125 5277 1274 5344 queis
1305 5281 1533 5334 maxime
1568 5283 1876 5338 thesaurum
1909 5297 1960 5339 et
1983 5288 2128 5344 diffi-

553 5361 765 5413 cultatis
780 5361 940 5429 hujus
961 5364 1278 5419 solutionem
1310 5369 1547 5424 invenire
1575 5384 1674 5436 est,
1698 5375 1807 5441 jam
1831 5378 1976 5430 vobis
1995 5396 2132 5448 pra:-

552 5455 737 5506 uuntio
767 5471 777 5504 :
809 5455 857 5505 in
894 5456 1133 5522 epistolis
1159 5471 1347 5526 nempe
1383 5463 1447 5514 ad
1477 5462 1768 5529 Romanos,
1806 5468 1868 5519 ad
1913 5470 2126 5526 Galatas

551 5554 602 5597 et
623 5544 687 5597 ad
717 5544 970 5599 l-lebraeos
991 5548 1088 5601 hoc
1106 5565 1471 5618 argumentum
1495 5567 1727 5611 tractans
1753 5561 1840 5613 ille
1860 5561 2124 5617 dissolvit.

551 5636 616 5688 lit
645 5636 863 5690 studiosi
895 5638 1088 5708 quique
1126 5652 1395 5710 poterunt,
1419 5647 1668 5714 epistolas
1700 5651 1817 5703 illas
1840 5651 2120 5721 adeuntes,

548 5729 870 5785 solutionem
930 5732 1074 5788 illam
1121 5735 1400 5805 invenire,
1455 5740 1500 5795 si
1554 5740 1959 5812 insequentibus
2013 5750 2124 5809 die-

1312 296 1369 352 S.
1408 291 1686 352 JOANNIS
1721 286 2195 346 CIIRYSOSTOMI
2237 286 2554 344 AllClllEP.
2596 289 3130 350 CONSTANTINOP.

3733 299 3840 354 523

2253 399 2368 463 bus,
2420 401 2812 472 intempestivis
2859 408 3092 465 cmtibus
3136 419 3193 467 et
3232 411 3513 469 inutilibus
3556 415 3846 487 colloquiis

2252 507 2355 546 non
2388 509 2483 549 vos
2507 494 2784 563 dederitis,
2813 501 2908 554 sed
2939 501 3206 560 dictorum
3232 503 3586 563 meditatione
3617 522 3844 577 Operam

2251 587 2442 646 dantes
2469 592 2779 651 thesaurum
2807 597 3123 658 eﬂ‘oderitis.
3149 603 3264 661 Hoc
3309 605 3524 662 interim
3552 609 3846 666 insolututn

2251 683 2633 754 relinquentes,
2679 689 2746 743 ad
2783 693 3062 762 sequentia
3108 697 3537 767 progrediamur.
3581 702 3847 768 Quaenam

2255 772 2343 826 illa
2384 776 2552 829 sunt?
2604 778 2858 842 Quoniam
2886 785 2982 838 hoc
3005 795 3079 840 est
3105 796 3474 856 testamentum,
3498 794 3638 863 quod
3665 795 3866 863 dispoi

2254 883 2370 920 nam
2405 869 2562 932 nobis,
2593 872 2717 925 dicit
2748 873 2996 930 Dominus
3029 892 3050 931 :
3082 877 3228 934 Dens
3244 881 3379 951 leges
3399 899 3535 938 meas
3583 885 3636 938 in
3681 896 3852 940 mente

2253 966 2462 1026 eorum:
2481 970 2525 1014 et
2555 963 2607 1016 in
2638 966 2792 1019 corde
2817 982 2988 1022 eorum
3018 968 3300 1026 describam
3324 989 3430 1028 eas.
3463 976 3529 1029 Et
3557 993 3662 1032 non
3691 979 3850 1032 doceo

2216 1041 2220 1062 ⁵
2254 1051 2374 1104 bunt
2423 1056 2764 1127 unusquisque
2792 1061 2946 1115 civem
2979 1078 3159 1133 suum,
3191 1075 3239 1119 et
3262 1069 3601 1138 unusquisque
3628 1075 3851 1142 fratrem

2249 1158 2419 1210 suunt,
2451 1144 2624 1202 dicens
2654 1164 2674 1202 :
2699 1149 2958 1221 Cognosce
2981 1153 3263 1210 Dominum
3293 1173 3312 1212 :
3339 1159 3461 1230 quia
3480 1177 3656 1217 omnes
3682 1165 3850 1219 scient

2251 1249 2329 1288 me
2357 1252 2387 1287 a
2416 1253 2572 1305 parvo
2612 1257 2767 1311 usque
2791 1243 2860 1296 ad
2903 1261 3145 1317 magnum
3171 1265 3345 1303 eorum
3365 1290 3383 1318 ,
3421 1253 3542 1322 quia
3586 1257 3851 1324 propitius

2251 1340 2335 1378 ero
2364 1327 2711 1394 iniquitatibus
2739 1349 2912 1387 eorum
2957 1343 3004 1390 et
3042 1340 3264 1408 peccatis
3309 1357 3506 1408 eorum,
3561 1356 3608 1399 et
3653 1346 3851 1414 iniqui-

2252 1425 2411 1470 tutunt
2459 1435 2635 1475 eorum
2665 1439 2767 1477 non
2813 1427 3120 1483 recordabar
3164 1433 3388 1501 amplius
3430 1434 3588 1508 (Jer.
3624 1439 3716 1494 51-
3754 1439 3847 1495 55.

2250 1509 2319 1563 3t
2351 1511 2386 1570 l.
2444 1508 2576 1565 Cum
2625 1513 2850 1570 dixisset
2904 1529 3058 1574 vetus
3106 1521 3507 1582 Testamentum
3548 1529 3693 1597 quod
3745 1524 3848 1587 de-

2250 1598 2364 1666 dit;
2393 1615 2514 1656 cum
2565 1603 2789 1661 dixisset
2835 1624 3031 1666 novum
3077 1615 3220 1683 quod
3263 1615 3485 1673 daturus
3526 1631 3648 1687 est;
3682 1622 3852 1693 hujus

2246 1690 2358 1758 jam
2389 1693 2843 1761 pulchritudinem
2889 1701 3167 1773 describit,
3195 1706 3470 1780 ipsiusque
3497 1690 3850 1770 characteres

2251 1786 2516 1852 ostendit,
2571 1799 2627 1844 et
2681 1791 2907 1862 insignia
2951 1795 3248 1867 frequentia
3294 1805 3535 1873 apponit,
3588 1815 3652 1860 ut
3699 1811 3851 1867 scias

2250 1885 2446 1945 quanta
2475 1879 2543 1933 sit
2573 1880 2873 1938 differentia
2902 1901 3095 1942 novum
3119 1889 3259 1946 inter
3284 1902 3339 1948 et
3363 1905 3518 1950 vetus
3542 1914 3556 1963 ;
3587 1897 3852 1957 differen-

2251 1969 2346 2033 tia,
2369 1985 2474 2024 non
2491 1975 2870 2044 contrarietas;
2889 1992 3085 2050 quanta
3105 1985 3233 2038 novi
3256 1992 3653 2058 exsuperantia,
3672 2010 3852 2065 quan-

2254 2072 2338 2116 tus
2377 2065 2648 2134 splendor,
2676 2080 2906 2140 quantus
2933 2072 3108 2145 fulgor
3132 2077 3395 2134 donorum
3427 2093 3481 2138 et
3521 2087 3732 2153 gratim.

2325 2154 2379 2209 4.
2408 2155 2634 2223 Quinam
2665 2176 2795 2231 ergo
2819 2173 2943 2218 sunt
2970 2167 3091 2221 novi
3126 2171 3508 2228 characteres?
3534 2175 3679 2231 Dans
3710 2181 3852 2250 leges

2252 2263 2388 2302 meas
2413 2249 2463 2303 in
2487 2261 2651 2305 mente
2671 2269 2864 2322 eorum,
2905 2265 2952 2310 et
2981 2258 3032 2312 in
3059 2261 3211 2315 corde
3233 2278 3404 2316 eorum
3431 2265 3706 2322 inscribam
3737 2288 3848 2325 cas.

2254 2339 2419 2396 Vetus
2462 2343 2604 2398 enim
2647 2345 2732 2400 lex
2779 2349 2831 2401 in
2873 2349 3070 2407 tabulis
3113 2353 3339 2424 lapideis
3383 2361 3579 2430 scripta
3608 2372 3765 2428 erat;
3794 2377 3853 2420 et

2251 2434 2376 2501 quia
2427 2435 2611 2502 prima:
2661 2439 2856 2497 tabulae
2911 2445 3199 2502 confracta:
3256 2447 3439 2518 fuere,
3471 2453 3602 2510 alias
3653 2472 3851 2514 rut-sus

2251 2527 2492 2592 paravit;
2526 2538 2723 2584 etcum
2774 2533 2846 2588 ibi
2891 2535 3075 2592 literas
3124 2540 3514 2612 insculpsisset,
3565 2547 3853 2606 descendit

2249 2612 2481 2686 Moyses,
2528 2618 2925 2680 insensibilitati
2968 2630 3342 2701 recipientium
3402 2647 3589 2692 natura
3617 2641 3852 2698 similes

2253 2707 2459 2761 tabulas
2511 2709 2732 2767 bibens.
2794 2715 2998 2773 Novum
3041 2732 3218 2778 autem
3247 2741 3353 2782 non
3396 2727 3466 2805 ita
3501 2746 3514 2781 :
3546 2745 3650 2785 non
3697 2737 3848 2789 enim

2253 2798 2445 2853 tabula:
2473 2802 2750 2874 insculpta:
2781 2807 3013 2876 fuerunt,
3046 2828 3167 2868 cum
3199 2831 3394 2874 novum
3437 2799 3848 2882 Testamentum

2252 2885 2430 2944 datum
2478 2903 2598 2959 est;
2664 2897 2760 2952 sed
2803 2902 3074 2969 quomodo
3131 2915 3186 2961 et
3237 2923 3340 2977 qua
3396 2911 3646 2968 ratione?
3703 2918 3851 2974 Audi

2251 2978 2450 3035 Lucam
2480 2997 2783 3042 narrantem
2814 3009 2825 3043 :
2865 2990 3030 3047 Erant
3051 3012 3224 3053 omnes
3253 3004 3560 3058 unanimiter
3583 3009 3635 3060 in
3668 3011 3848 3066 eodem

2251 3076 2382 3141 loco,
2415 3078 2580 3146 inquit
2610 3098 2622 3133 :
2657 3091 2705 3134 et
2729 3086 2896 3154 [nctus
2932 3096 3007 3141 est
3035 3101 3241 3160 repente
3268 3095 3330 3148 de
3356 3096 3481 3151 ccclo
3515 3115 3671 3155 sonus
3707 3115 3847 3156 tant-

2250 3185 2400 3239 quam
2436 3173 2747 3228 advenientis
2783 3178 2994 3246 spiritus
3041 3178 3346 3242 vehementis
3375 3204 3393 3242 :
3418 3201 3465 3243 et
3493 3208 3850 3263 apparuerunt

2249 3261 2353 3314 illis
2394 3263 2674 3333 dispertita:
2715 3267 2904 3338 linguas
2933 3281 3188 3344 tamquam
3237 3278 3369 3347 ignis
3390 3295 3410 3334 :
3437 3291 3483 3335 et
3513 3261 3642 3338 sedit
3685 3303 3850 3356 supra

2252 3354 2476 3422 singulos
2503 3363 2711 3422 eorum;
2750 3368 2796 3412 et
2843 3363 3026 3432 repleti
3051 3377 3168 3420 sunt
3212 3385 3385 3426 omnes
3416 3372 3614 3444 Spiritu
3639 3354 3845 3443 sancto,

2251 3453 2297 3495 et
2335 3453 2594 3514 eruperunt
2615 3450 2753 3519 loqui
2792 3454 2946 3507 variis
2979 3456 3166 3526 linguis
3186 3501 3200 3524 ,
3228 3474 3379 3531 prout
3424 3463 3650 3533 Spiritus
3677 3467 3849 3525 dabat

2249 3537 2414 3603 eloqui
2441 3539 2543 3593 illis
2589 3543 2606 3609 (
2638 3543 2752 3598 Act.
2783 3542 2836 3598 2.
2870 3546 2969 3601 1-4
2996 3551 3037 3618 ).
3074 3550 3258 3606 Niden'
3283 3557 3552 3622 quomodo
3569 3559 3680 3628 jam
3711 3565 3846 3618 olim

2244 3631 2508 3696 Propheta
2542 3637 2640 3689 hoc
2669 3636 2814 3692 clare
2846 3643 3256 3709 prtcnuutiavit,
3292 3647 3360 3701 ita
3395 3655 3618 3719 loquens
3652 3671 3663 3704 :
3697 3653 3846 3710 Dant

2247 3720 2382 3790 leges
2426 3740 2559 3777 meas
2604 3726 2656 3779 in
2704 3741 2866 3783 mente
2899 3748 3110 3799 eorum,
3145 3745 3193 3788 et
3232 3737 3284 3789 in
3326 3741 3476 3794 corde
3521 3758 3697 3798 eorum
3756 3747 3844 3799 in-

2246 3813 2462 3867 scribam
2488 3816 2624 3870 illas.
2671 3817 2900 3887 Spiritus
2943 3827 3083 3878 enim
3116 3830 3283 3897 gratia
3314 3847 3342 3884 a
3372 3831 3481 3886 Deo
3511 3835 3631 3889 data
3656 3878 3672 3902 ,
3704 3847 3764 3892 ut
3792 3842 3844 3895 in

2250 3910 2514 3963 nwntilius
2544 3926 2728 3966 eorum
2761 3913 2981 3982 habitet,
3017 3922 3843 3985 Columnasillos~eﬂecitviven-

2248 4005 2344 4063 tes,
2391 4009 2444 4054 et
2488 4002 2653 4070 gloria
2701 4017 2935 4062 mentem
2991 4011 3294 4078 adumbrat,
3348 4019 3468 4086 quia
3516 4021 3713 4076 missus
3757 4036 3845 4080 est

2244 4089 2310 4144 ad
2355 4092 2770 4160 prmdicandum,
2827 4097 2948 4153 Non
2995 4103 3048 4154 in
3097 4106 3346 4174 sapientia
3401 4111 3566 4175 uerbi,
3627 4123 3684 4165 ut
3736 4131 3842 4169 non

2244 4196 2506 4239 evacuatur
2533 4203 2661 4242 crux
2687 4189 2874 4244 Christi
2896 4210 2916 4256 ,°
2945 4201 2998 4248 et
3037 4211 3243 4264 rursus,
3279 4199 3506 4256 Stultum
3539 4206 3655 4274 fecit
3699 4206 3842 4265 Deus

2244 4277 2545 4342 sapientiam
2596 4281 2748 4350 hujus
2793 4284 2970 4337 mundi
3005 4285 3080 4354 (1.
3113 4287 3230 4341 Cor.
3285 4291 3336 4344 1.
3384 4294 3471 4347 17.
3526 4305 3571 4348 et
3617 4297 3751 4367 30);
3785 4312 3841 4357 et

2244 4366 2438 4434 ubique
2488 4383 2699 4423 crucem
2753 4373 2958 4428 circum
2991 4393 3189 4436 versat.
3225 4384 3489 4448 Quoniam
3525 4388 3692 4454 enim,
3751 4394 3838 4444 in-

2243 4458 2374 4526 quit,
2406 4455 2579 4512 Judwi
2612 4461 2755 4531 signa
2793 4474 3004 4530 petunt.
3034 4479 3076 4520 et
3128 4469 3291 4523 Graeci
3344 4478 3644 4540 sapientiam
3691 4500 3838 4548 quau

2243 4560 2399 4614 runt;
2448 4568 2536 4604 nos
2591 4565 2758 4607 autem
2807 4559 3144 4623 prtedtcamus
3199 4561 3458 4618 Chr-istum
3506 4573 3835 4639 crucifixum,

2241 4640 2436 4694 Jul/teis
2465 4645 2666 4709 quidem
2710 4648 3028 4714 scandalum,
3064 4656 3290 4720 gentibus
3322 4670 3489 4713 autem
3515 4665 3789 4719 stultitiam
3817 4688 3835 4734 ;

2240 4735 2362 4796 ipsis
2395 4751 2507 4788 vero
2532 4739 2718 4790 vocatis
2748 4737 2948 4792 Juda'is
2975 4753 3022 4794 et
3047 4746 3276 4814 gentibus
3303 4747 3562 4805 Christum
3602 4754 3698 4810 Dei
3728 4762 3836 4812 vir-

2241 4837 2395 4879 ttttmt
2439 4828 2613 4881 et’Dei
2658 4832 2955 4899 sapientiam
2982 4850 3000 4886 :
3023 4838 3140 4904 quia
3185 4843 3318 4906 quod
3355 4852 3566 4898 stultum
3612 4861 3686 4903 est
3736 4851 3838 4907 Dei

2238 4919 2513 4985 sapientius
2557 4922 2838 4977 hominibus
2889 4935 2997 4986 est;
3039 4937 3084 4978 et
3126 4931 3264 4996 quod
3311 4934 3572 5000 in/irntum
3618 4953 3690 4993 est
3737 4941 3838 4998 Dei

2239 5011 2419 5075 fortius
2451 5021 2521 5063 est
2549 5013 2832 5068 hominibus
2873 5014 2976 5082 (Ib.
3005 5034 3048 5068 v.
3083 5019 3317 5090 22-25);
3371 5027 3591 5082 stultum
3643 5032 3734 5086 Dei
3779 5045 3834 5089 et

2237 5103 2503 5157 infirmum
2538 5106 2625 5159 Dei
2660 5123 2873 5162 crucem
2899 5127 3114 5178 vocans,
3142 5131 3246 5169 non
3272 5120 3388 5186 quia
3413 5122 3632 5176 stultum
3658 5143 3672 5190 ς
3709 5144 3831 5182 nam

2236 5200 2359 5265 quid
2410 5200 2511 5252 hoc
2563 5202 2892 5267 sapientius?
2945 5221 3116 5273 neque
3161 5211 3284 5278 quia
3335 5212 3647 5281 infirmum;
3701 5223 3831 5287 quid

2235 5294 2375 5344 enim
2412 5296 2511 5344 hoc
2558 5294 2792 5347 fortius?
2821 5297 2912 5350 sed
2965 5299 3359 5358 ittt't‘cdulorttm
3403 5310 3711 5373 opininttettt
3747 5333 3830 5369 re-

2233 5381 2431 5446 ferens,
2475 5399 2632 5452 quatn
2663 5400 2722 5436 ea
2751 5385 2815 5438 de
2847 5402 2902 5440 rc
2945 5387 3260 5444 habuerunt.
3300 5395 3637 5468 Quapropter
3660 5405 3826 5460 etiam

2233 5474 2477 5542 superius
2506 5475 2715 5528 dicebat
2749 5495 2761 5528 :
2797 5478 2980 5532 Sermo
3003 5483 3135 5533 enim
3164 5487 3321 5537 crucis
3345 5493 3666 5556 pereuntibus
3691 5501 3824 5549 stul-

2237 5566 2347 5616 titia
2392 5575 2489 5628 est,
2542 5567 2755 5619 salutem
2810 5574 3221 5639 consequentibus
3263 5576 3360 5630 Dei
3406 5582 3562 5636 virtus
3609 5597 3677 5638 est
3728 5590 3823 5655 (1.

2238 5656 2354 5710 Cor.
2383 5658 2434 5712 1.
2468 5659 2576 5727 18).
2608 5659 2711 5715 Sed
2736 5678 2840 5716 non
2873 5679 2900 5716 a
2930 5670 3282 5734 pereuntibus
3310 5673 3378 5727 de
3429 5679 3590 5746 rebus
3618 5680 3821 5748 judicia

2236 5753 2451 5809 luenda
2486 5763 2645 5816 sunt;
2681 5756 3110 5830 quandoquidem
3141 5764 3176 5820 ii
3210 5768 3296 5839 qui
3338 5768 3675 5833 itttirtuantur
3707 5784 3818 5836 mel
