4034 6414
242 318 345 377 527

239 438 545 507 ἔρχονται,
593 435 758 505 λέγει
803 435 1037 502 Κύριος.
1090 433 1185 487 Ἐκ
1232 433 1532 505 προοιμίων
1581 431 1785 494 εὐθέως
1831 431 1926 482 ἀν-

244 523 428 593 ίστησι
460 523 552 576 τὸν
585 521 882 593 ἀκροατὴν,
919 523 1012 576 καὶ
1044 521 1300 592 διεγείρει
1346 521 1415 574 τὰ
1449 520 1775 592 φρονήματα
1817 518 1928 571 τῶν

240 609 577 674 ἀκουόντων,
625 609 839 672 δεικνὺς
901 609 983 661 ὅτι
1025 609 1124 661 οὐκ
1169 606 1334 661 αὐτοῦ
1377 607 1446 660 τά
1491 608 1732 678 ῥήματα,
1773 601 1925 676 [398]

240 689 378 752 ἀλλά
399 698 494 752 τοῦ
521 698 924 762 ἀπεσταλκότος
949 697 1110 751 αὐτὸν
1133 697 1288 752 Θεοῦ.
1319 697 1464 752 ’ἰδοὺ
1485 697 1698 768 ⁴ήμιέριιι
1721 697 1928 765 ἔρχον-

237 805 357 841 ται.
396 782 532 842 Εἶτα
568 786 856 848 δείκνυσιν,
886 787 968 840 ὃτι
1007 788 1135 858 περὶ
1175 785 1478 856 μελλόντων
1514 787 1646 856 ἡμῖν
1675 784 1924 853 διαλέγε-

238 891 332 927 ται
376 875 738 945 πραγμάτων.
777 873 901 937 Πῶς
931 869 1044 938 οὖν,
1077 876 1125 927 εἰ
1172 874 1300 944 περὶ
1352 871 1654 942 μελλόντων
1683 873 1926 939 διαλέγε-

238 980 353 1026 ται,
387 964 486 1034 τὴν
520 961 784 1027 Παλαιὰν,
817 963 1001 1033 φησὶν,
1038 961 1201 1025 αὐτὸς
1238 961 1444 1026 ἑδωκες
1489 961 1808 1032 Ἀνάμεινον
1832 961 1925 1014 καὶ

241 1050 320 1121 μῆ
346 1049 588 1120 θορύϐει,
627 1051 720 1104 καὶ
747 1051 868 1103 τότε
895 1049 1016 1120 ὕψει
1049 1049 1238 1119 σαφῶς
1259 1053 1359 1121 τῆς
1388 1049 1648 1118 ἀληθείας
1673 1047 1772 1119 τὴν
1793 1049 1927 1118 λαμ·

239 1139 470 1207 πηδόνα.
505 1139 634 1192 Ὀτε
671 1140 778 1211 γὰρ
809 1138 980 1192 ταῦτα
1006 1137 1243 1207 ἐλέγετο,
1281 1139 1310 1190 ό
1343 1137 1506 1208 νόμος
1534 1132 1603 1209 ῆν
1639 1135 1925 1208 δεδομένος

239 1227 338 1280 καὶ
374 1226 734 1298 παραϐαθεὶς,
769 1229 800 1298 ή
836 1227 892 1279 δὲ
921 1225 1096 1297 Καινὴ
1128 1225 1361 1279 οὐδέπω.
1395 1225 1582 1279 Ταῦτα
1608 1224 1787 1278 τοίνυν
1821 1241 1922 1278 σα-

239 1313 360 1382 φῶς
390 1315 482 1368 ἐπὶ
513 1316 632 1377 ταῖς
655 1314 920 1378 διανοίαις
951 1313 1105 1384 ὑμῶν
1131 1313 1542 1383 ἐναποθέμενοι,
1566 1310 1786 1383 δέχεσθε
1823 1310 1924 1382 τὴν

237 1401 395 1454 λύσιν
418 1400 527 1453 τῶν
548 1401 762 1466 πολλοῖς
783 1401 1248 1472 διαπορουμένων.
1293 1400 1449 1454 Ἰδοὺ
1474 1399 1686 1469 ἡμέραι
1713 1399 1925 1467 ἔρχον-

235 1507 355 1553 ται,
387 1491 547 1560 λέγει
578 1489 819 1558 Κύριος,
849 1490 938 1542 τὸν
963 1490 1204 1561 παρόντα
1237 1487 1428 1560 καιρὸν
1455 1487 1652 1558 δηλῶν,
1677 1487 1775 1540 καί
1804 1487 1924 1539 δια-

235 1579 500 1645 θήσομαι
536 1577 681 1646 ὑμῖν
717 1577 1015 1645 διαθήκην
1065 1576 1303 1644 καινὴν,
1344 1578 1416 1630 οὐ
1467 1575 1620 1630 κατὰ
1657 1575 1772 1642 τὴν
1798 1575 1921 1628 δια-

234 1667 435 1733 θήκην
461 1666 539 1732 ἢν
568 1665 847 1734 διεθέμην
879 1665 1005 1731 τοῖς
1027 1667 1328 1734 πατράσιν
1351 1663 1538 1734 ὑμῶν.
1585 1664 1805 1734 Ἐρωτῶ
1829 1663 1922 1717 τὸν

246 1754 526 1820 Ἰουδαῖον,
559 1754 749 1823 ἐρωτῶ
779 1754 871 1807 τὸν
901 1754 1232 1808 ἀσθενοῦντα
1274 1753 1520 1822 ἀδελφὸν,
1560 1753 1643 1816 τίς
1677 1754 1774 1823 τὴν
1800 1769 1922 1806 και-

233 1840 334 1910 νῆν
369 1840 536 1893 ἔδωκε
573 1841 881 1911 διαθήκην;
917 1842 1143 1904 Πάντως
1179 1842 1296 1912 ἐρεῖ
1321 1842 1448 1911 πᾷς,
1477 1842 1558 1894 ὅτι
1596 1842 1625 1894 δ
1662 1839 1916 1911 Χριστός.

233 1929 448 1982 Οὐκοῦν
484 1920 639 1992 οὗτος
672 1929 767 1982 καὶ
805 1928 905 1999 τὴν
946 1929 1179 1982 παλαιάν
1201 1946 1215 1959 ·
1249 1931 1279 1982 ό
1305 1930 1413 1998 γὰρ
1451 1927 1644 1992 εἰπὼν,
1674 1928 1758 1980 ὅτι
1790 1930 1920 1980 Δια-

234 2016 495 2085 θήσομαι
520 2016 816 2084 διαθήκην
844 2017 1085 2083 καινὴν,
1114 2018 1188 2070 οὐ
1209 2016 1358 2070 κατὰ
1384 2016 1498 2084 τὴν
1521 2016 1816 2082 διαθήκην
1841 2015 1922 2082 ἡν

233 2105 535 2174 διεθέμην,
582 2105 783 2172 ἔδειξεν
817 2107 899 2158 ὃτι
941 2107 1204 2176 κάκείνην
1237 2107 1396 2170 αὐτὸς
1446 2106 1685 2160 διέθετο·
1725 2107 1920 2160 οὐκοῦν

231 2195 563 2262 ἀμφοτέρων
608 2194 720 2246 τῶν
768 2193 1043 2264 διαθηκῶν
1083 2188 1166 2256 εἷς
1213 2196 1242 2248 ό
1279 2195 1592 2265 νομοθέτης.
1646 2195 1754 2248 Καὶ
1789 2196 1918 2248 πότε

229 2282 440 2336 διέθετο
462 2283 560 2353 τὴν
589 2283 845 2347 παλαιάν,
877 2284 1001 2337 είπέ
1038 2301 1127 2354 μοι
1153 2300 1168 2349 ;
1218 2285 1316 2336 Ἐν
1341 2283 1533 2353 ἡμέρᾳ
1567 2285 1919 2354 ὲπιλαϐομέυ

231 2386 345 2423 νου
377 2388 498 2438 μου
525 2369 634 2437 τῆς
669 2373 866 2440 χειρὸς
891 2371 1092 2426 αὐτῶν
1119 2371 1436 2443 ἐξαγαγεῖν
1470 2373 1695 2439 αὐτοὺς
1716 2375 1782 2427 ἐκ
1805 2371 1920 2442 γῆς

228 2459 556 2526 Αἰγύπτου.
605 2459 702 2512 ’ἰδὲ
733 2459 849 2520 πῶς
874 2461 970 2513 καὶ
994 2458 1091 2530 τήν
1117 2459 1365 2514 εὐκολίαν
1394 2459 1563 2527 ἔδειξε
1589 2461 1688 2531 τῆς
1711 2460 1914 2526 ἐξόδου,

231 2545 328 2599 καὶ
360 2546 459 2614 τὴν
510 2546 896 2617 φιλοστοργίαν
927 2548 1027 2618 τὴν
1069 2545 1258 2609 αὐτοῦ,
1297 2547 1392 2600 καὶ
1441 2548 1538 2618 τὴν
1585 2547 1770 2601 ἄδειαν
1820 2551 1920 2618 τῆς

227 2634 352 2686 τότε
383 2635 741 2705 διεξαγωγῆς,
772 2635 866 2688 καὶ
893 2637 974 2688 ὅτι
999 2635 1177 2689 πάντα
1207 2636 1370 2698 αὐτὸς
1391 2637 1826 2709 ἐθαυματούργει
1850 2638 1919 2692 τά

228 2724 290 2774 ἐν
316 2724 598 2793 Αἰγύπτῳ.
634 2722 726 2793 Τῷ
759 2723 866 2794 γὰρ
903 2725 1100 2788 εἰπεῖν,
1144 2725 1614 2794 Ἐπιλαόομένου
1654 2742 1773 2794 μου
1808 2723 1919 2792 τῆς

229 2811 432 2879 χειρὸς
461 2809 662 2863 αὐτῶν
681 2811 998 2881 ἐξαγαγεῖν
1026 2811 1249 2878 αὐτοὺς
1273 2812 1341 2865 ἐκ
1364 2811 1480 2882 γῆς
1498 2812 1824 2880 Αἰγύπτου,
1847 2812 1917 2865 τά

229 2897 490 2966 θαύματα
512 2899 692 2951 πάντα
718 2895 988 2968 ἐδήλωσεν
1007 2915 1020 2928 ·
1056 2901 1090 2969 ὴ
1118 2901 1228 2969 γὰρ
1257 2898 1436 2964 ἔξοδος
1470 2899 1651 2970 ἐκείνη
1685 2899 1774 2953 διά
1806 2899 1920 2954 τῶν

229 2986 477 3056 σημείων
525 2987 634 3037 τῶν
677 2986 998 3056 παραδόξων
1037 2987 1261 3040 ἐκείνων
1310 2986 1539 3055 ἐγίνετο.
1593 2988 1700 3040 Καὶ
1746 2987 1918 3041 αὐτοὶ

226 3076 340 3126 οὐκ
374 3073 690 3140 ἐνέμειναν
720 3073 796 3142 τῇ
838 3073 1093 3142 διαθήκῃ
1120 3092 1262 3144 μου,
1303 3074 1464 3144 κάγὼ
1502 3075 1782 3144 ἠμέλησα
1808 3078 1918 3130 αὑ-

226 3162 370 3228 τῶν,
403 3165 566 3233 λέγει
611 3165 846 3232 Κύριος.
882 3165 1007 3220 Ὀτι
1043 3165 1143 3235 μὲν
1188 3161 1282 3220 οὐν
1317 3167 1513 3237 καινῆς
1542 3168 1635 3221 καὶ
1679 3169 1918 3232 παλαιᾶς

225 3250 498 3321 διαθήκης
529 3247 608 3315 εἷς
639 3255 667 3305 ὁ
701 3253 1022 3324 νομοθέτης,
1059 3253 1310 3308 ἐντεῦθεν
1338 3255 1516 3326 δῆλον.
1562 3255 1832 3312 Ἐνταῦθα
1860 3260 1917 3312 δὲ

225 3339 282 3391 εῐ
305 3356 388 3402 τις
434 3338 680 3410 ἀκριϐῶς
728 3340 942 3393 κατεῖδε
987 3341 1050 3394 τὸ
1082 3341 1390 3413 εἰρημένον,
1420 3339 1560 3398 οἶδεν
1593 3346 1675 3399 ὅτι
1725 3347 1786 3400 οὐ
1819 3348 1917 3417 τῆς

223 3427 501 3498 τυχούσης
533 3428 769 3498 ἀπορίας
800 3430 994 3499 γέμει·
1038 3429 1212 3499 λέγων
1253 3431 1362 3503 γάρ
1393 3433 1492 3502 τὴν
1522 3435 1720 3501 αἰτίαν,
1753 3436 1820 3488 δι’
1852 3439 1916 3506 ἣν

230 3515 416 3586 μέλλει
472 3516 675 3570 διδόναι
728 3517 993 3588 διαθήκην
1026 3520 1237 3583 ἑτέραν,
1280 3522 1474 3591 καινὴν
1519 3524 1688 3592 αὐτὴν
1739 3520 1913 3590 εἶπεν,

223 3604 477 3658 τουτέστι
509 3604 838 3675 παράδοξον·
867 3608 1232 3677 Διαοήσομαι
1268 3609 1397 3680 γὰρ,
1436 3611 1592 3681 φησὶ,
1623 3610 1916 3681 διαθήκην

226 3693 470 3761 καινὴν,
509 3696 582 3748 οὐ
616 3695 765 3748 κατά
794 3694 910 3762 τὴν
929 3695 1224 3765 διαθήκην
1247 3697 1328 3765 ἠν
1355 3698 1634 3770 διεθέμην
1658 3702 1782 3769 τοῖς
1806 3721 1917 3757 πα-

225 3781 448 3850 τράσιν
479 3781 698 3845 αὐτῶν,
733 3783 821 3836 ὅτι
851 3785 1020 3838 αὐτοί
1053 3787 1164 3839 οὐκ
1194 3787 1508 3855 ἐνέμειναν
1539 3789 1615 3858 τῇ
1659 3789 1914 3862 διαθήκῃ

221 3886 343 3938 μου
366 3886 378 3898 ·
410 3868 572 3936 κάγὼ
612 3870 896 3938 ἠμέλησα
931 3871 1151 3936 αὐτῶν,
1183 3873 1345 3943 λέγει
1389 3877 1623 3944 Κύριος.
1662 3879 1772 3932 Καὶ
1809 3881 1916 3950 μὴν

224 3955 314 4008 διά
343 3955 506 4008 τοῦτο
537 3957 735 4020 αὐτοὺς
767 3957 1096 4028 κολασθῆναι
1124 3960 1248 4024 ἔδει,
1280 3962 1374 4015 καὶ
1399 3965 1498 4035 τὴν
1526 3966 1764 4038 ἐσχάτην
1797 3968 1916 4020 δοῦ-

225 4058 314 4097 ναι
351 4042 537 4113 δίκην,
582 4044 674 4096 καὶ
707 4045 975 4116 τιμωρίαν
1024 4047 1322 4118 ὑποστῆναι
1363 4049 1464 4121 τὴν
1502 4052 1798 4124 ἀφόρητον,
1834 4057 1916 4110 ὅτι

223 4133 504 4184 τοσούτων
535 4132 942 4198 ἀπολαύσαντες
973 4134 1288 4206 θαυμάτων,
1319 4138 1414 4190 καὶ
1444 4138 1608 4208 νόμον
1636 4140 1912 4208 λαϐόντες,

223 4218 533 4288 οὐδαμόθεν
558 4219 807 4286 ἐγένοντο
845 4220 1109 4290 βελτίους.
1155 4223 1294 4276 Ἀλλ’
1318 4221 1422 4281 ὦδε
1463 4227 1563 4296 μὲν
1597 4229 1794 4293 αὐτοὺς
1817 4232 1916 4284 οὐκ

223 4307 452 4358 ἀπαιτεῖ
480 4305 657 4374 δίκην,
689 4307 824 4358 ἀλλὰ
854 4309 948 4360 καὶ
980 4307 1202 4377 μείζονα
1230 4311 1623 4380 ἐπαγγέλλεται
1646 4316 1753 4371 τῶν
1784 4335 1917 4389 προ-

222 4394 422 4464 τέρων.
455 4394 606 4446 Ἔδει
640 4395 736 4465 μὲν
765 4391 859 4448 οὖν
900 4397 994 4448 καὶ
1033 4398 1272 4469 σήμερον
1300 4401 1603 4470 ἐπαγαγεῖν
1636 4408 1701 4476 τῇ
1735 4407 1918 4485 διαπο-

229 4483 386 4552 ρήσει
432 4481 609 4553 ταύτῃ
642 4483 743 4553 τὴν
796 4484 970 4549 λύσιν,
1015 4485 1132 4538 ἀλλ’
1164 4489 1347 4557 ἐπειδὴ
1398 4491 1492 4542 καὶ
1539 4493 1675 4562 πρὸς
1730 4481 1915 4566 ἕτερον

222 4572 357 4639 ημῖν
386 4571 414 4622 ό
440 4569 599 4637 λόγος
631 4573 933 4638 ἐπείγεται,
966 4575 1061 4626 καὶ
1093 4573 1395 4646 βουλόμεθα
1425 4578 1572 4647 ὑμᾶς
1615 4581 1912 4650 παιδεύειν,

226 4662 366 4714 ὥστε
405 4661 483 4732 μὴ
533 4666 660 4732 παρ’
689 4663 846 4734 ήμῶν
880 4668 1057 4719 πάντα
1110 4667 1425 4736 μανθάνειν,
1459 4670 1593 4724 ἀλλὰ
1631 4673 1726 4726 καὶ
1774 4677 1916 4727 οἰκο-

227 4750 316 4802 Οεν
346 4761 372 4790 ι
421 4750 716 4819 εὑρίσκειν,
763 4752 920 4804 τοῦτο
955 4754 1086 4822 ὑμῖν
1118 4755 1515 4826 καταλιμπάνω
1555 4759 1787 4829 ζητῆσαι
1824 4763 1916 4814 καὶ

225 4840 428 4910 εὑρεῖν,
482 4839 608 4892 Ἐὰν
657 4840 711 4892 δὲ
753 4841 952 4911 ἴδωμεν
980 4841 1319 4914 ζητήσαντας
1355 4845 1474 4915 μὲν,
1509 4848 1607 4918 οὐχ
1657 4850 1916 4920 εὑρόντας

223 4926 300 4986 δὲ,
331 4927 452 4978 τότε
488 4928 583 4978 καὶ
623 4927 778 4980 αὐτοὶ
807 4932 992 4998 χεῖρας
1025 4930 1288 5000 ὀρέξομεν
1317 4948 1330 4960 ·
1363 4932 1506 4987 ὥστε
1539 4935 1597 4988 δὲ
1641 4939 1734 4990 καὶ
1758 4940 1915 4992 εὐκο-

226 5014 476 5086 λωτέραν
526 5016 654 5084 ὑμῖν
686 5017 940 5084 γενέσθαι
981 5019 1080 5089 τὴν
1118 5020 1358 5090 εὑρεσιν,
1387 5023 1484 5076 καλ⁵
1528 5025 1596 5078 τά
1641 5027 1818 5098 χωρία
1849 5029 1917 5082 τὰ

225 5103 587 5165 ἀποστολικά,
632 5105 690 5156 ἐν
729 5099 810 5168 οἷς
862 5107 1098 5175 μάλιστά
1139 5110 1253 5161 ἐστι
1297 5110 1388 5164 τὸν
1422 5111 1695 5182 θησαυρὸν
1734 5115 1917 5185 εὑρεῖν

226 5190 321 5240 καὶ
356 5189 456 5257 τῆς
491 5191 888 5260 ἐπαπορήσεως
925 5194 1126 5265 ταύτης
1148 5195 1248 5266 τὴν
1287 5197 1461 5260 λύσιν,
1495 5199 1594 5269 ήδη
1626 5201 1752 5268 ὑμῖν
1781 5221 1913 5271 προ-

224 5277 510 5344 αγορεύω·
544 5280 601 5328 ἐν
643 5281 708 5346 τῇ
745 5279 770 5317 b
800 5280 937 5348 προς
977 5281 1279 5350 Ῥωμαίους
1322 5285 1603 5354 ἐπιστολῇ,
1642 5290 1734 5340 καὶ
1778 5291 1915 5359 προς

228 5365 500 5425 Γαλάτας,
544 5365 638 5416 καὶ
682 5366 813 5434 πρὸς
850 5365 1152 5436 Ἐϐραίους,
1196 5371 1346 5422 τουτὶ
1384 5372 1443 5424 τὸ
1474 5373 1766 5441 κεφάλαιον
1805 5378 1915 5441 θεὶς

227 5453 461 5504 διέλυσε.
504 5453 608 5504 Καὶ
631 5454 742 5504 ὅσοι
771 5454 1064 5520 φιλόπονοι,
1103 5459 1420 5526 δυνήσονται
1469 5462 1785 5528 ἐπελθόντες
1821 5469 1916 5528 τὰς

228 5539 524 5602 ἐπιστολὰς
573 5541 670 5608 τὴν
704 5542 854 5594 λύσιν
888 5546 1138 5614 φωρᾶσαι
1175 5546 1401 5617 ταύτην,
1437 5549 1530 5602 ἐὰν
1563 5552 1658 5614 τὰς
1712 5556 1914 5621 μεταξὺ

1106 5630 1152 5658 κ

297 5705 318 5765 θ
351 5703 480 5749 Furl.
513 5705 694 5749 οἶκονέν
718 5723 761 5751 τι
789 5708 1034 5765 εὑρίσκει-ι.

292 5762 319 5804 b
347 5765 632 5815 Luxu-udum
659 5762 959 5821 προαγοξιι-ρω
986 5775 1054 5818 ῥτι
1085 5775 1125 5820 έν
1154 5793 1166 5816 τ
1184 5794 1202 5821 η

1071 315 1138 371 XI
1181 314 1490 380 HOMlLlA,
1535 315 1623 370 DE
1662 311 2030 368 ELEAZARU
2071 311 2160 367 F'!’
2201 311 2479 371 SEPTEM
2517 316 2791 378 PUERIS.

3621 316 3726 374 5'28

2035 425 2244 492 ταύτας
2269 429 2485 500 ἠμέρας
2525 431 2600 502 μὴ
2628 431 2908 499 συλλόγοις
2937 432 3190 503 ἀκαίροις
3229 433 3364 504 μηδὲ
3386 434 3727 505 ἀδολεσχίιιε

2031 517 2312 587 ἀνονήτοις
2361 519 2590 582 ἑαυτοὺς
2641 518 2800 582 δῶτε,
2853 519 2988 574 ἀλλά
3035 522 3102 592 τῇ
3141 521 3383 594 μερίμνῃ
3426 521 3536 575 τῶν
3572 521 3723 595 [399]

2032 605 2340 675 εἰρημένων
2390 607 2842 678 προσηλωμένοι,
2894 608 2986 661 τδν
3045 608 3322 680 θησαυρὸν
3366 609 3722 681 ἁνορύττητε.

2032 693 2206 746 Τοῦτο
2256 693 2396 758 τέως
2431 695 2625 750 ἄλυτον
2670 697 2920 767 ἀφέντες,
2951 697 3047 751 ἐπὶ
3095 698 3165 752 τά
3198 698 3326 770 ἑξῆς
3370 698 3718 770 βαδιούμεθα.

2031 781 2166 836 Τίνα
2206 781 2262 837 δὲ
2289 782 2358 838 τὰ
2400 783 2558 856 ἐξῆςς
2603 786 2723 839 Ὅτι
2751 785 2904 853 αὕτη
2939 788 2977 854 ή
3017 786 3297 857 διαθήκη,
3335 785 3416 854 ἢν
3441 786 3724 853 moneo-

2025 885 2134 938 μαι
2161 868 2324 937 ὑμῖν,
2350 870 2515 941 λέγει
2545 873 2762 940 Κύριος
2782 889 2794 902 ·
2825 872 3031 940 διδοὺς
3066 876 3292 944 νόμους
3316 890 3438 944 μου
3471 876 3560 940 εἰς
3591 873 3722 928 διά-

2029 973 2206 1010 νοιαν
2229 956 2448 1022 αὐτῶν,
2484 946 2595 1012 καί
2619 960 2718 1014 ἐπὶ
2757 960 3007 1029 καρδίας
3033 961 3236 1016 αὐτῶν
3272 961 3582 1032 ἐπιγράψω
3611 964 3722 1016 ai)-

2030 1043 2191 1109 τούς.
2227 1042 2344 1098 Καὶ
2389 1046 2462 1100 οὐ
2485 1045 2572 1116 μὴ
2609 1045 2970 1110 διδάξουσιν
2999 1047 3260 1116 ἕκαστος
3309 1049 3419 1104 τόν
3461 1051 3723 1116 πολίτην

2029 1131 2238 1196 αὐτοῦ,
2289 1132 2388 1186 καί
2446 1132 2708 1200 ἕκαστος
2756 1136 2864 1188 τόν
2915 1135 3186 1206 ἀδελφὸν
3232 1136 3445 1201 αὐτοῦ,
3490 1135 3720 1206 λέγων·

2028 1218 2221 1274 Γνῶθι
2251 1221 2359 1274 τὸν
2381 1223 2625 1290 Κύριον·
2667 1223 2755 1278 ὅτι
2781 1223 3008 1291 πάντες
3029 1225 3356 1294 εἰδήσουσί
3376 1243 3454 1295 με
3480 1225 3598 1279 ἀπὸ
3623 1243 3722 1294 μι-

2030 1305 2179 1376 κροῦ
2206 1307 2319 1373 ἕως
2333 1308 2606 1379 μεγάλου
2627 1309 2848 1376 αὐτῶν,
2876 1311 2964 1366 ὅτι
2993 1315 3170 1379 ἵλεως
3200 1315 3415 1382 ἔσομαι
3443 1311 3575 1379 ταῖς
3595 1312 3724 1367 ἀδι-

2029 1395 2188 1461 κίαις
2214 1397 2436 1464 αὐτῶν,
2469 1399 2566 1452 καί
2600 1399 2720 1452 τῶν
2750 1399 3052 1468 ἁμαρτιῶν
3079 1401 3280 1455 αὐτῶν
3306 1402 3404 1455 καί
3434 1400 3556 1454 τῶν
3581 1401 3725 1458 ἀνο-

2024 1482 2180 1552 μιῶν
2217 1484 2510 1540 αὐτῶνού
2546 1487 2628 1555 μὴ
2671 1488 2927 1557 μνησθῶ
2959 1489 3067 1545 ἔτι.
3106 1490 3292 1543 Εἰπὼν
3326 1489 3562 1543 παλαιάν
3599 1489 3721 1544 δια-

2029 1571 2223 1643 θήκην,
2259 1575 2327 1645 ἢν
2380 1574 2616 1628 ἔδωκεν·
2657 1575 2827 1630 εἰπὼν
2873 1578 2968 1630 καὶ
3008 1577 3157 1640 νέαν,
3181 1579 3250 1649 ῆν
3283 1577 3466 1648 μέλλει
3498 1577 3720 1642 διδόναι,

2029 1659 2340 1730 ὑπογράφει
2368 1661 2431 1733 δὴ
2460 1663 2556 1717 καὶ
2583 1665 2683 1734 τὴν
2729 1665 3037 1736 εὐμορφίαν
3075 1666 3268 1735 αὐτῆς,
3302 1665 3398 1719 καὶ⁸
3447 1665 3723 1719 δείκνυσιν

2027 1749 2199 1820 αὐτῆς
2227 1751 2353 1814 τοὺς
2380 1756 2760 1823 χαρακτῆρας,
2788 1753 2880 1806 καὶ
2903 1753 2972 1806 τὰ
3004 1754 3310 1826 παράσημα
3339 1753 3621 1824 ἐπάλληλα
3647 1754 3724 1808 τί·

2028 1835 2208 1908 θησιν,
2233 1840 2321 1892 ἴνα
2347 1840 2526 1911 μάθῃς
2553 1842 2720 1895 πόσον
2746 1842 2804 1895 τὸ
2835 1842 3092 1914 διάφορον
3118 1843 3219 1914 τῆς
3241 1843 3431 1912 καινῆς
3461 1842 3599 1914 πρὸς
3621 1841 3722 1914 τὴν

2027 1926 2290 1992 παλαιάν,
2318 1929 2380 1983 τὸ
2411 1930 2690 2002 διάφορον,
2721 1932 2783 1985 οὐ
2815 1931 2876 1986 τὸ
2904 1931 3178 1985 ἐναντίον·
3212 1931 3356 2002 πόση
3386 1933 3420 2002 ἡ
3451 1931 3718 2004 ὑπεροχὴ,

2027 2015 2169 2084 πόση
2197 2018 2231 2086 ή
2252 2015 2577 2087 λαμπηδὼν,
2612 2017 2756 2088 πόση
2783 2019 2820 2086 η
2841 2018 3100 2089 ἀστραπὴ
3120 2017 3229 2072 τῶν
3251 2018 3471 2090 δωρεῶν
3501 2019 3721 2090 καὶτῆς

2026 2102 2268 2174 χάριτος.

2075 2191 2159 2267 δ’.
2201 2192 2356 2256 Τίνες
2383 2187 2480 2246 οὖν
2517 2192 2566 2245 οί
2599 2193 2950 2266 χαρακτῆρες
2981 2194 3081 2266 τῆς
3112 2194 3340 2264 καινῆςς
3369 2193 3583 2264 Διδοὺς
3615 2195 3720 2250 rd.

2021 2296 2179 2349 μους
2201 2299 2323 2350 μου
2366 2285 2454 2348 είς
2489 2281 2766 2336 διάνοιαν
2791 2283 3012 2346 αὐτῶν,
3051 2283 3150 2338 καί
3180 2283 3278 2338 έπί
3311 2284 3588 2353 καρδίαις
3611 2287 3722 2341 αὐ-

2025 2365 2144 2419 τῶν
2174 2366 2486 2437 ἐπιγράψω
2521 2369 2765 2436 αὐτούς.
2818 2371 2878 2423 ’0
2916 2371 3017 2440 μὲν
3054 2370 3164 2441 γὰρ
3203 2371 3434 2436 παλαιὸς
3468 2373 3634 2444 νόμος
3661 2375 3722 2429 ἐν

2026 2453 2191 2519 πλαξὶ
2221 2454 2454 2519 λιθίναις
2494 2457 2734 2528 ἐγράφη,
2769 2459 2866 2512 καὶ
2903 2458 3090 2530 ἐπειδὴ
3122 2460 3179 2514 αί
3223 2459 3439 2529 πρῶται
3468 2462 3722 2533 συνετρί-

2026 2541 2203 2612 ϐησαν
2228 2542 2455 2606 πλάκες,
2485 2545 2678 2616 ἐτέρας
2699 2545 2864 2599 πάλιν
2890 2545 3148 2617 ἐκόλαψε,
3183 2549 3278 2601 καὶ
3305 2549 3514 2603 ἐκεῖτά
3546 2549 3724 2622 γράμ-

2029 2647 2175 2700 ματα
2206 2630 2540 2702 ἐγχαράξας,
2571 2632 2860 2686 κατέϐαινε
2884 2633 3140 2704 Μωῦσῆς,
3177 2633 3415 2704 συγγενῆ
3445 2635 3546 2706 τῆς
3568 2637 3725 2690 ἀναι-

2027 2717 2259 2788 σθησίας
2285 2717 2395 2771 τῶν
2427 2718 2737 2788 δεχομένων
2773 2719 2870 2786 τὴν
2899 2719 3062 2790 φύσιν
3094 2721 3204 2774 τῶν
3222 2721 3423 2776 δέλτων
3449 2722 3610 2794 ἔχων.
3653 2725 3722 2778 Ἦ

2024 2802 2080 2857 δὲ
2113 2805 2276 2876 καινὴ
2319 2806 2418 2876 οὐχ
2457 2805 2661 2871 οὕτως·
2707 2807 2768 2861 οὐ
2801 2808 2910 2878 γάρ
2946 2808 3156 2873 πλάκες
3192 2810 3595 2882 ἐκολάφθησαν,
3629 2813 3722 2868 ὅτε

2025 2893 2058 2957 ἡ
2094 2893 2256 2964 καινὴ
2299 2893 2534 2965 διαθήκη
2584 2895 2807 2958 ἐδίδοτο,
2853 2895 2991 2951 ἀλλά
3045 2897 3164 2962 πῶς
3205 2899 3301 2952 καὶ
3344 2900 3452 2953 τίνι
3491 2902 3718 2974 τρόπιρς

2029 2982 2228 3033 ’Ἄκουε
2258 2981 2354 3034 τοῦ
2379 2983 2564 3036 Λουκᾶ
2591 2981 2952 3052 διηγουμένου
2977 2999 2992 3015 ·
3025 2980 3224 3039 *Ησαν
3251 2986 3478 3054 πάντες
3506 2992 3724 3059 ὁμοθυο

2017 3068 2220 3136 μαδὸν
2249 3070 2347 3122 έπί
2385 3068 2452 3122 τὸ
2487 3068 2659 3130 αὐτὸ.
2694 3070 2829 3141 φησί
2856 3087 2869 3101 ·
2899 3070 2998 3124 καὶ
3025 3071 3264 3141 ἐγένετο
3306 3074 3477 3144 ἄφνω
3503 3077 3573 3132 ἐκ
3611 3077 3722 3133 τοῦ

2024 3156 2290 3224 οὐρανοῦ
2338 3155 2509 3226 φωνὴ
2534 3158 2696 3212 ’ὠσεί
2729 3159 3066 3227 φερομένης
3103 3161 3300 3230 πνοῆς
3342 3164 3586 3231 βιαίας·
3619 3167 3718 3221 καί

2024 3241 2316 3312 ὤφθησαν
2357 3243 2565 3309 αὐτοῖς
2607 3245 2878 3314 διαμεριζ
2890 3249 3077 3314 μεναι
3117 3247 3392 3317 γλῶσσαι
3430 3251 3574 3306 ὡσεί
3603 3269 3720 3307 πυ-

2015 3331 2128 3396 ρός
2152 3345 2166 3357 ·
2199 3327 2446 3382 ἐκάθισέ
2472 3343 2535 3381 τε
2561 3327 2654 3397 ἐφ’
2685 3328 2796 3382 ἕνα
2831 3328 3099 3383 ἕκαστον
3128 3330 3350 3396 αὐτῶν,
3392 3334 3491 3388 καί
3524 3335 3718 3404 ἐπλή-

2023 3419 2269 3482 σθησαν
2300 3418 2647 3484 Πνεύματος
2689 3417 2884 3485 ἁγίου.
2922 3419 3018 3471 καί
3058 3417 3322 3486 ἤρξαντο
3352 3421 3717 3492 φθέγγεσθαι

2022 3503 2353 3571 γλώσσαις,
2391 3501 2586 3567 καθὼς
2620 3504 2684 3556 τὸ
2730 3503 2976 3572 Πνεῦμα
3019 3505 3222 3560 ἐδίδου
3278 3508 3502 3574 αὐτοῖς.
3550 3509 3718 3582 Ὁρᾷς

2023 3587 2142 3652 πῶς
2184 3588 2342 3642 τοῦτο
2372 3589 2577 3644 ἄνωθεν
2606 3591 2636 3642 ό
2666 3593 2956 3662 προφήτης
2999 3593 3188 3662 σαφῶς
3235 3594 3715 3668 πρωνεφὼνησεν,

2022 3675 2197 3738 οὕτως
2220 3675 2391 3730 εἰπών
2410 3693 2424 3706 ·
2446 3676 2658 3742 Διδοὺς
2684 3678 2910 3746 νόμους
2939 3696 3060 3748 μου
3084 3683 3172 3747 εἰς
3195 3681 3470 3738 διάνοιαν
3495 3683 3720 3751 αὐτῶν,

2023 3763 2124 3818 καί
2168 3765 2266 3818 ὲπί
2311 3763 2581 3833 καρδίαις
2619 3766 2820 3820 αὐτῶν
2859 3767 3173 3837 ἐπιγράψω
3216 3771 3464 3838 αὐτούς.
3512 3773 3575 3826 Ἡ
3609 3773 3720 3846 γὰρ

2021 3851 2119 3906 τοῦ
2152 3853 2468 3922 Πνεύματος
2498 3855 2659 3924 χάρις
2689 3857 2720 3926 ή
2751 3856 2902 3927 παρᾶ
2927 3857 3022 3911 τοῦ
3050 3858 3185 3911 Θεοῦ
3215 3859 3432 3913 δοθεῖσα
3457 3865 3579 3924 ταῖς
3610 3863 3722 3916 δια-

2023 3940 2196 4006 νοίαις
2243 3941 2426 3996 αὐτῶν
2476 3943 2818 4014 εγκαθῆσθαι
2857 3955 2907 4010 ο,
2960 3946 3162 4015 στήλας
3206 3949 3407 4012 αὐτοὺς
3461 3951 3720 4022 ἐποίησεν

2023 4033 2324 4106 ἐμψύχους.
2361 4037 2425 4060 ““
2461 4037 2554 4089 καὶ
2585 4039 2652 4106 τῇ
2685 4035 2894 4109 διανοίᾳ
2925 4038 3240 4103 ἐπισκιάζει
3275 4042 3341 4110 τῇ
3366 4040 3495 4112 δόξῃ
3525 4041 3716 4096 αὐτοῦ·

2023 4122 2104 4175 διδ
2133 4123 2226 4176 καὶ¹
2258 4122 2464 4191 ἔλεγεν,
2501 4124 2584 4178 δτι
2625 4125 2907 4195 ἀπεστάλη
2942 4125 3254 4196 κηρύττειν,
3288 4130 3399 4182 οὐκ
3428 4130 3499 4182 ἐν
3529 4131 3720 4201 σοφίᾳ

2022 4212 2232 4280 λόγου,
2272 4212 2374 4265 ινα
2412 4213 2498 4282 μὴ
2531 4213 2762 4281 κενωθῇ
2793 4217 2825 4268 ὀ
2844 4215 3110 4282 σταυρὸς
3135 4215 3242 4269 τοῦ
3285 4218 3584 4284 Χριστοῦ·
3619 4220 3716 4272 καὶ

2023 4300 2210 4367 πόλιν,
2258 4301 2595 4370 Ἐμώρανεν
2631 4305 2665 4355 ό
2705 4301 2851 4368 Θεὸς
2897 4301 3017 4370 τὴν
3057 4305 3285 4373 σοφίαν
3321 4305 3429 4359 τοῦ
3479 4306 3717 4374 κόσμου

2023 4390 2242 4444 τούτου
2264 4407 2278 4420 ·
2311 4391 2405 4444 καὶ
2444 4390 2558 4444 ἀνω
2591 4391 2685 4445 καὶ
2733 4392 2884 4445 κάτω
2918 4393 3006 4446 τὸν
3043 4394 3280 4464 σταυρὸν
3333 4396 3714 4467 περιστρέφει.

2037 4477 2272 4546 Ἐπειδὴ
2303 4477 2434 4548 γὰρ,
2493 4479 2681 4549 φησιν,
2723 4478 2992 4534 Ἰουδαῖοι
3044 4480 3265 4549 σημεῖα
3310 4483 3569 4545 αἰτοῦσι,
3615 4485 3717 4536 καί

2026 4560 2327 4630 ’Έλληνες
2371 4565 2598 4630 σοφίαν
2641 4560 2948 4629 ζητοῦσιν,
3002 4564 3174 4632 ἡμεῖς
3221 4565 3290 4618 δὲ
3345 4568 3719 4634 κηρύττομεν

2023 4649 2284 4716 Χριστὸν
2314 4650 2796 4720 ἐσταυρωμένον,
2848 4651 3161 4718 Ἰουδαίοις
3191 4652 3307 4721 μὲν
3336 4653 3714 4716 σκάνδαλον,

2024 4736 2230 4791 ἔθνεσι
2259 4738 2327 4790 δὲ
2346 4740 2598 4807 μωρίαν,
2627 4739 2833 4805 αὐτοῖς
2860 4738 2928 4792 δὲ
2948 4739 3074 4805 τοῖς
3095 4741 3365 4807 κλητοῖς,
3403 4743 3717 4809 Ἰουδαίοις

2025 4826 2126 4879 καί
2167 4827 2446 4892 Ἕλλησι,
2497 4827 2759 4895 Χριστὸν
2794 4827 2942 4880 Θεοῦ
2992 4827 3252 4897 δύναμιν
3285 4830 3380 4882 καί
3418 4833 3567 4894 Θεοῦ
3606 4848 3714 4887 σο-

2023 4913 2171 4982 φίαν
2192 4929 2206 4944 ·
2237 4914 2328 4968 ὅτι
2353 4915 2422 4966 τὸ
2441 4914 2644 4982 μωρὸν
2665 4914 2770 4968 τοῦ
2797 4915 2946 4968 Θεοῦ
2975 4917 3324 4985 σοφώτερον
3345 4917 3465 4970 τῶν
3492 4918 3718 4989 ἀνθρώ-

2025 5017 2154 5055 πων
2177 5003 2330 5067 ἐστὶ,
2361 5003 2459 5057 καί
2491 5003 2556 5057 τὸ
2587 5004 2842 5070 ἀσθενὲς
2869 5004 2976 5057 τοῦ
3008 5005 3157 5059 Θεοῦ
3185 5008 3577 5075 ἰσχυρότερον
3599 5007 3717 5062 τῶν

2023 5091 2354 5160 ἀνθρώπων
2408 5092 2577 5147 ἐστί·
2619 5093 2802 5165 μωρὸν
2847 5091 2984 5147 Θεοῦ
3041 5095 3136 5148 καὶ
3189 5095 3414 5160 ἀσθενὲς
3460 5097 3596 5151 Θεοῦ
3624 5099 3717 5152 τὸν

2027 5180 2272 5250 σταυρὸν⁴
2310 5178 2613 5251 ὀνομάζων,
2658 5182 2760 5236 οὐκ
2792 5184 2979 5255 ἐπειδὴ
3026 5186 3241 5257 μωρόν·
3279 5187 3331 5239 τί
3365 5187 3474 5257 γὰρ
3523 5187 3715 5241 τούτου

2029 5266 2376 5338 σοφώτερον;
2419 5269 2538 5321 οὐδὲ
2572 5271 2758 5340 ἐπειδὴ
2804 5272 3060 5335 ἀσθενές·
3101 5275 3153 5326 τί
3189 5275 3296 5344 γὰρ
3339 5275 3528 5328 τούτου
3567 5278 3716 5347 ἰσχυο

2027 5354 2281 5426 ρότερον;
2317 5357 2452 5408 ἀλλὰ
2479 5357 2579 5427 τὴν
2612 5359 2720 5410 τῶν
2759 5361 3003 5414 ἀπίστων
3044 5362 3299 5415 ὑπόνοιαν
3329 5365 3714 5431 ἀπαγγέλλων,

2025 5442 2092 5510 ἢν
2131 5439 2275 5512 εἶχον
2306 5446 2434 5516 περὶ
2461 5445 2554 5498 τοῦ
2593 5448 2938 5518 πράγματος.
2976 5452 3064 5502 Διυ
3095 5453 3188 5504 καὶ
3219 5451 3478 5521 ἀνωτέρω
3510 5452 3714 5519 ἔλεγεν·

2039 5531 2091 5581 '0
2127 5533 2312 5600 λόγος
2339 5533 2448 5601 γὰρ
2484 5537 2515 5586 ὀ
2549 5535 2655 5588 τοῦ
2690 5537 2959 5604 σταυροῦ
2986 5539 3108 5604 τοῖς
3131 5539 3249 5607 μὲν
3269 5539 3714 5609 ἀπολλυμένοις

2092 5663 2112 5689 ε
2142 5660 2260 5735 (lvd.
2289 5662 2583 5735 équosjapm,
2610 5668 3048 5735 pque‘wq-‘iﬁwa:
3074 5671 3234 5721 facere
3264 5673 3496 5735 Oporluil.
3524 5670 3714 5733 Porpec

2031 5737 2130 5800 rut!)
2160 5723 2458 5832 Bﬁnmlic-nni
2488 5723 2835 5778 éwz'Isa'Ja'faa.
2867 5723 2996 5780 Elin:

2125 5787 2158 5799 ”
2189 5822 2196 5832 .
2237 5788 2635 5832 .ῑ1111’··ςτέιῗ;ιι·ιιιι;ι

2125 5787 2158 5799 "
2189 5787 2439 5836 .\1.:n‘n':-.<=.-«
2465 5792 2635 5838 furum
