4034 6422
381 304 484 358 ιῖεο

369 420 562 483 μωρία
582 416 733 475 ἐστὶ,
769 412 890 476 τοῖς
918 409 986 462 δὲ
1011 405 1365 476 σωζομένοις
1398 406 1650 476 δύναμις
1677 405 1823 459 Θεοῦ
1846 406 2033 459 ἐστιν.

391 505 526 556 Ἀλλ’
551 503 652 556 οὐκ
695 499 801 554 ἀπὸ
826 497 932 551 τῶν
985 495 1369 564 ἀπολλυμένων
1409 494 1488 548 δεῖ
1516 493 1701 562 φέρειν
1747 492 1856 547 τῶν
1900 510 2038 562 πρα-

379 592 602 661 γμάτων
645 588 742 650 τάς
776 585 983 654 κρίσεις
1003 600 1016 613 ·
1042 583 1164 635 ἐπεὶ
1196 583 1286 635 καὶ
1312 583 1362 634 οἱ
1393 579 1672 644 νοσοῦντες
1706 579 1767 633 τὸ
1797 580 1918 651 μέλι
1945 598 2038 632 πι-

381 678 509 750 κρὸν
542 672 677 730 εἶναι
716 670 1043 742 νομίζουσιν,
1089 669 1240 742 μου]
1275 669 1411 722 άλλά
1455 668 1615 721 τοῦτο
1662 670 1762 738 τῆς
1796 668 1950 721 νόσου
1977 667 2039 720 τὸ

380 764 646 832 ἔγκληρα,
679 761 740 813 οὐ
785 760 877 813 τοῦ
921 758 1132 830 μέλιτος
1163 759 1196 827 ή
1236 756 1556 827 κατηγορία.
1589 754 1746 808 Οῦτω
1780 754 1844 825 δὴ
1890 754 1981 809 καὶ
2010 758 2038 808 0

380 849 606 918 σταυρὸς
637 848 818 918 μωρὸν
852 849 1080 917 πρᾶγμα
1111 844 1256 898 δοκεῖ
1271 847 1382 906 τοῖς
1402 843 1601 907 ἔξωθεν
1619 839 1778 905 εἶναι,
1805 841 1917 894 ἀλλ’
1938 842 2038 895 οὐκ

376 940 536 991 ἐστιν.
557 931 687 988 Εἶτα
703 935 1044 995 ἀποδεικνὺς,
1064 933 1144 985 ὅτι
1162 933 1222 986 ού
1247 933 1404 1002 μόνον
1426 931 1522 983 οὐκ
1539 929 1651 983 ἐστι
1683 928 1884 1000 μωρὸν,
1904 927 2037 982 ἀλλὰ

376 1026 466 1078 καὶ
487 1025 689 1094 σφόδρα
703 1023 863 1091 σοφὸν
876 1024 934 1076 τὸ
950 1024 1096 1091 πρᾶγ
1104 1038 1195 1091 μα.
1213 1019 1328 1072 οὐδὲ
1349 1018 1505 1088 μόνον
1521 1018 1619 1070 οῦκ
1639 1016 1884 1079 ἀσθενὲς,
1902 1014 2035 1068 άλλά

374 1114 463 1166 καὶ
494 1111 694 1180 σφόδρα
745 1110 980 1182 ἰσχυρὸν,
1011 1107 1342 1177 παραϐάλλει
1372 1105 1441 1158 τὰ
1461 1105 1528 1168 ἐξ
1562 1103 1724 1158 αὑτοῦ
1755 1103 2032 1173 κατορθώ-

376 1217 518 1269 ματα
547 1199 642 1251 καὶ
668 1199 732 1268 τῇ
764 1199 935 1250 κτίσει
958 1197 1050 1249 καὶ
1083 1198 1146 1264 τῇ
1181 1194 1385 1264 παλαιᾷ
1411 1192 1505 1244 καὶ
1526 1194 1592 1262 τῇ
1623 1190 1819 1275 ἔξωθεν
1851 1190 2044 1275 σοφίαοι

369 1287 464 1340 καὶ
489 1287 775 1352 δείκνυσιν,
803 1286 884 1338 ὅτι
916 1285 1056 1356 ειπερ
1085 1284 1207 1336 οὔτε
1245 1286 1277 1352 ή
1313 1281 1516 1335 ἔσωθεν
1553 1279 1712 1348 σοφία
1740 1271 1897 1349 εὗρεν
1933 1278 1966 1349 ἢ
1995 1279 2027 1348 ἡ

370 1373 588 1440 ἔξωθεν,
614 1371 734 1426 οὔτε
769 1370 918 1441 παρά
945 1370 1044 1442 τῆς
1089 1369 1313 1434 κτίσεως
1355 1367 1557 1440 ἔμαθον
1590 1365 1772 1420 πολλοὶ
1798 1364 1904 1418 τῶν
1933 1366 2028 1418 άν-

373 1459 622 1530 θρώταυν.
648 1456 774 1512 οὔτε
804 1457 955 1530 παρά
1000 1458 1100 1529 τῆς
1131 1457 1369 1520 παλαιᾶς
1408 1455 1722 1528 ἐκέρδαναν,
1769 1452 1942 1507 ταῦτα
1967 1452 2029 1506 τὸ

368 1543 552 1598 δοκοῦν
577 1539 894 1599 εἶναιτοῦτο
921 1543 1101 1615 μωρὸν
1127 1547 1222 1598 καὶ
1249 1543 1469 1605 ἀσθενὲς
1495 1543 1700 1612 ἴσχυσε,
1728 1539 1790 1593 τὸ
1817 1539 2025 1605 δοκοῦν,

367 1634 428 1685 οὺ
457 1633 519 1685 τὸ
550 1632 629 1686 0v.
662 1632 878 1703 Διόπερ,
903 1631 1040 1702 ἔχων
1070 1631 1167 1702 τὴν
1186 1630 1293 1684 ἀπὸ
1321 1629 1426 1682 τῶν
1457 1628 1794 1700 πραγμάτων
1813 1627 2027 1682 ἀπόδει-

371 1731 469 1794 ξιν,
499 1717 637 1788 μετά
664 1719 863 1790 πολλῆς
880 1719 1166 1772 ἀποδύεται
1185 1718 1284 1787 τῆς
1314 1717 1641 1788 παρρησίας.
1665 1715 1877 1787 πρῶτον
1894 1713 2033 1768 κατά

367 1807 460 1875 τῆς
484 1805 588 1872 ἔξω
610 1805 820 1873 σοφίας,
842 1805 1032 1871 λέγων,
1052 1805 1172 1858 Ποῦ
1188 1807 1408 1872 σοφόςς
1430 1805 1494 1857 Τί
1512 1807 1648 1868 ἐστι,
1668 1805 1791 1857 Ποῦ
1807 1805 2032 1871 (70996;;

377 1893 588 1945 Ὠσανεὶ
615 1891 798 1959 ἔλεγεν
812 1907 824 1920 ⁸
844 1890 950 1944 Ποῦ
971 1891 1040 1944 τὰ
1061 1891 1167 1944 τῶν
1186 1891 1485 1960 φιλοσόφων
1505 1908 1520 1956 ;
1550 1891 1650 1944 ποῦ
1667 1891 1734 1943 τά
1746 1891 1850 1943 τῶν
1876 1891 2033 1960 ρητὸ·

365 1996 502 2048 ρων;
527 1979 628 2032 ποῦ
645 1979 717 2050 τὰ,
731 1980 840 2034 τῶν
865 1980 1129 2044 σοφιστῶν
1148 1996 1161 2044 ;
1194 1980 1295 2031 ποῦ
1319 1979 1386 2032 τὰ
1407 1980 1512 2031 τῶν
1534 1979 1886 2050 λογογράφων
1907 1995 1920 2042 ;
1942 1977 2033 2030 Οἶ-

360 2084 516 2134 χεται
545 2066 721 2122 πάντα
735 2069 827 2120 καὶ⁸
841 2067 1082 2120 ἀπόλωλε
1107 2069 1198 2119 καὶ
1231 2066 1470 2119 ἐκποδὼν
1487 2067 1727 2134 γέγονεν.
1749 2065 1903 2120 Οὕτω
1923 2065 2031 2135 γὰρ

363 2155 589 2227 λαμπρά
604 2153 824 2224 γέγονεν
839 2155 873 2223 ή
898 2153 1042 2223 νίκη,
1067 2153 1141 2216 ώς
1161 2154 1293 2223 μηδὲ
1314 2153 1788 2221 φαίνεσθαι).οιπὸν
1804 2153 1872 2204 τὰ
1888 2152 2028 2204 ὲκεί-

362 2259 487 2294 νων.
505 2243 602 2294 Διά
623 2240 779 2293 τοῦτο
803 2239 1005 2291 τούτων
1033 2238 1202 2302 οὕτως
1226 2239 1446 2306 ἀφανῶν
1464 2240 1787 2308 γενομένων,
1806 2238 1898 2290 καὶ
1927 2254 2026 2290 κα-

366 2327 540 2396 θάπερ
561 2324 760 2388 κόνεώς
789 2342 930 2385 τινος
957 2325 1439 2397 ἀναρριπισθείσης
1475 2329 1514 2388 ί,
1536 2325 1706 2388 οὕτως
1734 2327 1913 2397 ἐρωτᾷ
1937 2323 2028 2376 καί

365 2429 525 2483 φησι·
555 2412 678 2467 Ποῦ
721 2413 949 2480 σοφός;
991 2413 1191 2483 Ἐφάνη
1226 2415 1475 2485 σταυρὸς,
1510 2414 1604 2466 καὶ
1639 2414 1816 2466 πάντα
1845 2414 2028 2465 ἐκεῖνα

360 2497 562 2568 ἐλύθη*
597 2498 768 2570 ήχησε
803 2498 864 2551 τὸ
907 2499 1184 2569 κήρυγμα,
1228 2501 1319 2552 καὶ
1364 2500 1607 2570 ἀράχνης
1651 2499 2026 2568 εὐτελέστερον

362 2586 678 2658 διεσπάσθη.
721 2585 846 2640 Ποῦ
877 2585 1111 2655 σοφός;
1155 2584 1265 2639 Ποῦ
1299 2586 1696 2656 τῶνρημάτων
1733 2589 1761 2639 0
1783 2587 2021 2656 κόμπος;

361 2673 464 2727 ποῦ
497 2673 594 2744 τῆς
630 2672 960 2742 εὐγλωττίας
1000 2673 1060 2726 τὸ
1089 2672 1315 2740 κάλλο;;
1350 2673 1453 2726 ποῦ
1486 2673 1593 2727 τῶν
1615 2673 1960 2743 σοφισμάτων
1988 2674 2020 2741 ή

361 2764 630 2834 δεινότης;
665 2762 767 2816 ποῦ
787 2763 896 2816 τῶν
923 2761 1098 2831 λόγων
1123 2764 1156 2834 ή
1188 2763 1371 2834 ῥύμης
1402 2761 1504 2816 ποῦ
1536 2763 1568 2834 ή
1598 2762 1813 2830 γλῶττα
1842 2763 2024 2832 ήήκο-

363 2851 600 2922 νημένη;
630 2849 732 2905 ποῦ
761 2851 812 2904 οί
841 2848 1088 2918 σύλλογοι
1112 2851 1207 2904 καὶ
1234 2849 1304 2903 τὰ
1326 2849 1601 2921 συνέδριας
1637 2851 1820 2903 Πάντα
1841 2851 2025 2902 ἐκεῖνα

361 2938 646 3009 παρεσύρη
693 2937 785 2991 καὶ
836 2935 1082 2990 ἀπώλετο
1123 2937 1218 2989 καὶ
1257 2936 1518 3008 διεφθάρη
1554 2938 1648 2990 καὶ
1680 2937 1885 3006 οἴχεται
1931 2935 2025 2990 καὶ

361 3027 503 3078 νῶτα
532 3026 720 3078 ἔδωκε.
744 3023 866 3079 Ποῦ
889 3025 1260 3093 γραμματεύς
1277 3039 1296 3085 ;
1315 3023 1421 3075 Ποῦ
1441 3024 1508 3076 τά
1546 3023 1832 3087 Ἰουδαίων,
1860 3024 2020 3094 φησί;

363 3111 626 3167 κάκείνων
672 3112 938 3181 ἐκράτησε
991 3111 1051 3164 τὸ
1101 3112 1379 3181 κήρυγμα,
1428 3110 1520 3164 καὶ
1572 3109 1823 3182 καθάπερ
1873 3113 2022 3183 ἥλιος

364 3199 519 3254 σκιάν
541 3200 872 3270 ἀπέκρυψεν.
910 3200 974 3251 Ἀ
1004 3198 1111 3270 γάρ
1141 3199 1239 3250 οὐκ
1264 3199 1476 3268 ἴσχυσεν
1503 3200 1560 3250 ἐν
1585 3199 1822 3268 τοσούτῳ
1847 3199 2021 3270 χρόνῳ

362 3291 390 3343 ὁ
419 3288 578 3358 νόμος
621 3289 677 3338 ἐν
707 3286 848 3339 ἔθνει
878 3287 979 3350 ἐνὶ,
1012 3285 1183 3338 ταῦτα
1224 3286 1359 3355 μετά
1393 3285 1632 3348 πλείονος
1674 3286 1773 3356 τῆς
1807 3305 2021 3358 περιου-

363 3374 483 3438 σίας
536 3377 565 3428 ὸ
620 3372 846 3444 σταυρὸς
894 3371 1165 3442 πανταχοῦ
1219 3371 1596 3443 κατώρθωσεν,
1649 3374 2022 3444 ἁμαρτήματα

363 3461 547 3524 λύσας,
580 3459 921 3530 δικαιοσύνην
971 3458 1354 3529 χαρισάμενος,
1404 3458 1588 3527 ἁγίους
1640 3459 1766 3523 τοὺς
1814 3459 2023 3531 ἀνθρώ-

363 3563 497 3611 πους
537 3547 969 3609 κατασκευάσας,
1025 3545 1349 3614 θεογνωσίαν
1395 3546 1708 3612 παιδεύσας,
1761 3547 1898 3618 πρὸς
1931 3547 2022 3601 τὸν

361 3635 588 3706 οὐρανὸν
613 3636 1046 3706 χειραγωγήσας.
1085 3631 1217 3687 Εἶτα
1241 3634 1401 3687 πάλιν
1433 3635 1591 3704 ἀφεὶς
1620 3635 1690 3687 τά
1735 3636 2018 3702 Ἰουδαϊκὰ,

362 3725 455 3776 ἐπὶ
480 3722 550 3775 τὰ
587 3721 867 3792 Ἑλληνικά
894 3720 1111 3792 ἔρχεται
1130 3737 1144 3751 ο
1168 3721 1291 3775 Ποῦ
1317 3719 1656 3788 συζητητὴς
1683 3722 1788 3776 τοῦ
1808 3723 2022 3792 αἰῶνος

362 3810 609 3871 τούτου;
647 3809 782 3870 Τοὺς
815 3803 1120 3878 αίρεὲικοὺς
1161 3807 1396 3861 ἐνταῦθα
1438 3809 1727 3862 αἰνίττεται
1767 3812 1862 3865 καὶ
1895 3814 2021 3866 συλ-

362 3896 718 3963 λογιστικοὺς,
762 3893 810 3947 οἳ
841 3894 946 3965 πρὸ
992 3895 1091 3964 μὲν
1123 3894 1326 3948 τούτων
1375 3894 1544 3964 ξιφῶν
1579 3892 1719 3967 ἦσαν
1758 3897 2020 3970 ὀξύτεροι,

363 3982 550 4052 ἐπειδὴ
577 3981 631 4035 δὲ
655 3983 683 4035 ὁ
713 3981 941 4052 σταυρὸς
979 3981 1172 4053 ἐφάνη,
1205 3981 1376 4051 πηλοῦ
1407 3983 1603 4046 παντὸς
1636 3985 2022 4057 ἀσθενέστερον

362 4068 708 4138 διεκόπησαν.
757 4067 902 4136 Οὐχὶ
932 4066 1231 4135 ἐμώρανεν
1259 4071 1290 4120 ό
1323 4068 1466 4134 Θεὸς
1502 4069 1617 4136 τὴν
1653 4073 1879 4139 σοφίαν
1915 4075 2020 4128 τοῦ

364 4155 596 4221 κόσμου
627 4156 875 4217 τούτους
909 4155 1076 4207 Πάλιν
1107 4155 1240 4225 πρὸς
1294 4155 1390 4226 τὴν
1427 4156 1742 4229 Ἑλληνικὴν
1789 4161 2016 4214 ἀποδύεο

362 4257 470 4293 ται.
497 4241 562 4293 Τί
594 4242 761 4305 ἐστιν,
799 4239 1161 4310 Ἐμώρανεν;
1195 4243 1396 4314 Μωράν
1419 4239 1581 4296 οὖσαν
1613 4246 1890 4317 ἀπέφηνεν
1911 4267 1924 4281 ·
1952 4245 2020 4320 ἦν

366 4328 463 4398 μὲν
492 4327 616 4398 γάρ.
665 4328 772 4381 Καὶ
820 4326 1017 4380 αὐτῶν
1053 4328 1298 4381 καὶτῶν
1344 4328 1640 4398 ἁμαρτιῶν
1677 4334 1874 4388 αὐτῶν
1920 4337 2017 4390 καί

363 4414 480 4469 τῶν
509 4415 767 4485 ἀνομιῶν
799 4417 996 4469 αὐτῶν
1026 4417 1097 4470 οὐ
1120 4415 1205 4485 μὴ
1243 4417 1492 4485 μνησθῶ
1527 4419 1630 4474 ἔτι.
1687 4421 1824 4475 Ἀλλ’
1862 4427 1889 4478 0
1921 4425 2019 4494 μὲν

363 4507 646 4573 προφήτης
668 4504 766 4573 τῆς
788 4504 1026 4565 Παλαιᾶς
1051 4504 1146 4573 τὴν
1174 4504 1503 4574 φαιδρότητα
1525 4506 1654 4574 ἡμῖν
1681 4509 1983 4582 ὑπογράφει
2005 4533 2018 4545 ο

363 4593 392 4644 0
415 4593 471 4642 δὲ
494 4589 805 4654 ἀπόστολος,
837 4590 1020 4660 ἐπειδὴ
1053 4590 1186 4659 πρὸς
1228 4590 1507 4654 Ἰουδαίους
1525 4593 1777 4663 ἐμάχετο,
1810 4603 2023 4670 παράλ-

363 4679 496 4748 ληλα
528 4680 762 4750 ἑκάτερα
801 4678 1042 4748 τίθησιν·
1075 4679 1183 4733 ἄνω
1226 4680 1322 4749 μὲν
1356 4680 1547 4751 εἰπὼν,
1580 4687 1699 4737 Οῦκ
1733 4685 1802 4738 ἐν
1836 4691 2022 4754 πλαξὶ

363 4768 637 4832 λιθίναις,
661 4766 796 4820 ἀλλ’
829 4765 897 4818 ἐν
934 4766 1120 4830 πλαξὶ
1152 4767 1395 4834 καρδίας
1418 4770 1762 4836 σαρκίναις·
1792 4775 2023 4831 ἐνταῦθα

363 4854 438 4915 δὲ,
471 4856 550 4906 Οὐ
586 4852 939 4923 γράμματος,
973 4854 1131 4907 ἀλλὰ
1160 4856 1494 4924 πνεύματος
1518 4873 1530 4885 ·
1566 4856 1629 4909 τὸ
1655 4858 1766 4926 γὰρ
1788 4862 2020 4933 γράμμα

362 4941 715 5006 ἀποκτείνει,
749 4942 812 4993 τὸ
845 4940 913 4993 δὲ
941 4940 1173 5009 πνεῦμα
1213 4940 1487 5000 ζωοποιεῖ.

437 5027 497 5079 ε’.
548 5028 634 5080 Ἐν
673 5027 921 5097 σαϐϐάτῳ
961 5028 1203 5093 συνέλεξέ
1252 5047 1334 5091 τις
1380 5031 1542 5095 ξύλα,
1593 5036 1685 5087 καὶ
1738 5035 2013 5113 ὲλιθάσθη.

425 5114 443 5135 ⁶
465 5113 594 5164 Dele
618 5113 696 5161 καί
723 5121 836 5163 ante
857 5117 1078 5177 καθάπερ,
1100 5124 1181 5165 aut
1201 5117 1280 5166 hic
1301 5119 1415 5178 lege
1441 5119 1873 5182 ἀναῤῥιπισθέντων.

1073 294 1129 349 S.
1163 290 1448 349 JOANNIS
1483 289 1974 348 CIIRYSOSTOMI
2009 289 2332 347 ARCHIEP.
2375 286 2920 348 CONSTANTINOP.

3709 298 3812 352 5:1;

2144 400 2295 468 Εἶδες
2328 405 2443 469 πῶς
2491 405 2551 457 τὸ
2595 407 2826 476 γράμμα
2860 407 3204 472 ἀποκτείνει,
3250 414 3560 478 τουτέστιν,
3595 415 3622 465 0
3653 413 3817 484 νόμος

2141 493 2394 558 ἐκόλαζε;
2426 493 2562 562 μάθε
2599 492 2714 556 πῶς
2746 493 2808 546 τὸ
2836 493 3049 565 πνεῦμα
3075 493 3346 557 ζωοποιεῖ.
3379 500 3702 570 Εἰσέρχεταί
3729 519 3815 566 τις

2143 580 2354 649 μυρίων
2375 579 2560 649 γέμων
2587 579 2791 646 κακῶν,
2821 583 3154 652 ήταιρηκὼς,
3184 584 3457 654 ἀρπάσας,
3489 586 3815 658 πλεονεκτή·

2143 680 2264 728 σας,
2300 665 2614 735 μοιχεύσας,
2654 668 2833 720 πᾶσαν
2861 667 3105 721 ἐπελθὼν
3137 669 3354 728 κακίαν,
3385 673 3681 742 νεκρωθεὶς
3709 677 3816 745 ήδη

2136 755 2202 823 τῇ
2235 753 2480 824 ἀμαρτίᾳ
2500 772 2512 783 ·
2542 753 2807 823 λαμϐάνει
2828 754 2989 808 αὑτὸν
3019 758 3052 826 ή
3075 756 3165 810 τοῦ
3196 757 3512 829 Πνεύματος
3545 764 3709 830 χάρις
3735 766 3818 826 είς

2135 839 2234 910 τὴν
2264 839 2670 911 κολυμϐήθραν,
2706 841 2799 895 καὶ
2831 841 2923 893 τὸν
2967 844 3300 913 ήταιρηκάτα
3323 847 3435 898 υἱὸν
3471 846 3606 900 Θεοῦ
3638 866 3814 902 κατα-

2139 925 2414 991 σκευάζει,
2443 929 2537 980 καὶ
2567 927 2660 978 τὸν
2691 928 3030 998 νεκρωθέντα
3055 933 3175 994 ταῖς
3206 933 3502 1002 ἁμαρτίαις
3532 935 3814 1003 ζωογονεί.

2135 1013 2302 1066 Τοῦτό
2335 1015 2471 1076 ἐστι,
2515 1015 2582 1067 Τὸ
2611 1009 2680 1066 δὲ
2702 1014 2940 1083 πνεῦμα
2972 1012 3258 1076 ζωοποιεῖ.
3288 1019 3409 1082 Πῶς
3436 1021 3492 1074 δὲ
3519 1021 3816 1086 ζωοποιεί;

2137 1097 2289 1176 [40⁸1]
2315 1101 2428 1153 Οὐκ
2456 1102 2703 1154 ἀπαιτῶν
2730 1101 2961 1164 εὐθύνας
2991 1102 3101 1156 τῶν
3139 1103 3626 1176 πλημμελημάτων
3668 1112 3816 1162 κατὰ

2133 1187 2194 1238 :0
2222 1171 2315 1238 τοῦ
2347 1189 2626 1258 προφήτου
2644 1203 2658 1217 °
2686 1188 2882 1253 Ἵλεως
2911 1188 3126 1258 ἔσομαι
3147 1171 3275 1257 ταῖς
3302 1171 3564 1259 ἀδικίαις
3587 1195 3814 1262 αὐτῶν,

2133 1272 2232 1326 καί
2261 1271 2380 1327 τῶν
2407 1273 2705 1342 ἁμαρτιῶν
2736 1274 2933 1328 αὐτῶν
2959 1277 3056 1329 καί
3089 1276 3206 1329 τῶν
3225 1278 3487 1348 ἀνομιῶν
3508 1281 3713 1335 αὐτῶν
3738 1286 3817 1339 οὐ

2129 1359 2213 1428 μὴ
2247 1361 2501 1429 μνησθῶ
2542 1363 2648 1416 ἔτι.
2693 1361 2998 1435 Ἐρώτησον
3042 1363 3204 1417 πάλιν
3249 1365 3339 1417 τὸν
3378 1367 3649 1431 Ἰουδαῖον,
3706 1370 3817 1423 ποῦ

2129 1446 2289 1499 τοῦτο
2309 1447 2532 1515 γέγονεν
2553 1450 2610 1501 ὲν
2637 1447 2713 1518 τῷ
2741 1449 2922 1519 νόμῳ;
2953 1449 3092 1503 Ἀλλ’
3124 1451 3222 1503 οὐκ
3247 1451 3312 1504 ἂν
3344 1452 3456 1523 ἔχοι
3486 1454 3674 1519 δεῖξαι.
3702 1458 3818 1510 Καὶ

2131 1533 2239 1604 γὰρ
2263 1537 2356 1587 καὶ
2383 1535 2410 1585 0
2433 1535 2502 1587 τά
2530 1533 2660 1600 ξύλα
2687 1536 2940 1601 συλλέξας
2966 1537 3266 1602 ἐλιθάζετο,
3299 1541 3439 1610 καὶή
3468 1543 3816 1614 πορνεύουσα

2132 1622 2470 1688 κατεκαίετο,
2501 1624 2594 1675 καὶ
2611 1623 2851 1694 Μωῦσῆς
2880 1625 2965 1679 διὰ
3001 1625 3132 1696 μίαν
3157 1627 3431 1698 ἁμαρτίαν
3462 1633 3559 1700 τῆς
3582 1630 3687 1698 γῆς
3711 1633 3815 1700 τῆς

2135 1707 2463 1776 ἐπαγγελίας
2487 1709 2760 1772 ἐξέπεσεν·
2790 1712 2880 1763 ἐπὶ
2911 1712 2968 1764 δὲ
2999 1711 3098 1781 τῆς
3123 1714 3416 1785 χάριτοςοί
3443 1717 3611 1785 μυρία
3641 1721 3815 1787 ima-

2135 1795 2356 1862 οάμενοι
2378 1795 2546 1859 δεινά,
2569 1796 2662 1848 τοῦ
2695 1797 3066 1868 βαπτίσματος
3087 1799 3452 1864 ἀπολαύοντες
3475 1801 3816 1871 ζωογονοῦν-

2131 1899 2241 1942 ται,
2285 1884 2375 1934 καὶ
2408 1882 2663 1952 οὐδεμίαν
2692 1885 3046 1938 ἀπαιτοῦνται
3073 1887 3230 1958 δίκην
3262 1889 3371 1942 τῶν
3405 1889 3814 1961 πλημμελημά-

2131 1985 2254 2021 των.
2305 1968 2395 2021 Διὸ
2443 1970 2538 2022 καὶ
2578 1972 2606 2022 0
2658 1970 2868 2035 Παῦλος
2913 1973 3094 2042 ἔλεγε·
3131 1975 3228 2044 Μὴ
3277 1975 3624 2032 πλανᾶσθε·
3665 1981 3815 2035 οὔτε

2131 2057 2356 2122 πτζρνοι,
2383 2056 2520 2109 οὔτε
2541 2060 2822 2125 μαλακοί,
2846 2059 2982 2113 οὔτε
3006 2062 3438 2129 ἀρσενοκοῖται,
3469 2066 3540 2118 οῦ
3575 2067 3812 2133 μοιχοὶ,

2130 2144 2202 2193 οὐ
2231 2143 2498 2205 κλέπται,
2535 2146 2606 2197 οὐ
2628 2145 3002 2206 πλεονέκται,
3028 2151 3098 2201 οὐ
3113 2149 3389 2218 μέθυσοι,
3414 2155 3486 2205 οὐ
3513 2152 3807 2220 λοίδοδσιοι,

2129 2229 2240 2295 οὺχ
2295 2227 2557 2296 ἅρπαγες
2578 2230 2908 2292 ,βασιλείαν
2933 2233 3080 2286 Θεοῦ
3109 2237 3658 2304 κληρονομήσουσι.
3697 2242 3812 2294 Καὶ

2129 2314 2312 2368 ταῦτά
2341 2333 2498 2381 τινες
2514 2313 2637 2387 ἦτε·
2657 2319 2794 2371 ἀλλ’
2816 2321 3265 2384 ἀπελούσασθε,
3288 2324 3424 2377 ἀλλ’
3448 2325 3807 2395 ἡγιάσθητε,

2127 2401 2262 2454 ἀλλ’
2292 2400 2667 2470 ἐδικαιώθητε
2693 2404 2762 2457 ἐν
2795 2405 2872 2470 τῷ
2900 2407 3141 2475 ὀνόματι
3174 2409 3280 2462 τοῦ
3312 2412 3533 2478 Κυρίου
3573 2414 3806 2479 Ἰησοῦ,

2128 2489 2225 2540 καὶ
2254 2489 2323 2540 ἐν
2344 2488 2424 2554 τῷ
2453 2491 2743 2559 πνεύματι
2761 2492 2868 2546 τοῦ
2896 2493 3043 2547 Θεοῦ
3070 2495 3260 2562 ἡμῶν.
3280 2492 3432 2560 Εἶδες
3456 2498 3569 2562 πῶς
3593 2500 3809 2571 λάμπει

2123 2579 2185 2629 τὸ
2229 2581 2584 2649 προφητικὸν,
2619 2581 2703 2634 ὅτι
2735 2582 2945 2648 Ἵλεως
2985 2581 3200 2654 ἔσομαι
3248 2586 3375 2653 ταῖς
3405 2587 3661 2655 ἀδικίαις
3695 2597 3808 2648 ιιι)-

2125 2661 2278 2725 τῶνξ
2311 2664 2428 2727 πῶς
2462 2665 2765 2735 ἀστράπτει
2808 2667 2869 2721 τὸ
2915 2669 3290 2734 ἀποστολικὸν,
3336 2674 3417 2726 ὅτι
3456 2675 3523 2728 Τὸ
3562 2675 3808 2746 πνεῦμα

2125 2747 2418 2815 ᾇυοποιεῖ;
2454 2750 2642 2807 Βούλει
2689 2753 2880 2824 μαθεῖν
2907 2757 3089 2810 καὶτὸ
3132 2759 3337 2830 ἕτερον,
3385 2761 3476 2814 τὸν
3504 2763 3809 2818 ἀπόστολον

2126 2837 2334 2891 Παῦλον
2368 2839 2614 2906 λέγοντα,
2641 2841 2757 2902 πῶς
2783 2844 2840 2894 ὲν
2866 2842 3097 2916 βραχείᾳ
3118 2847 3308 2917 χρόνου
3335 2850 3473 2919 ῥοπῇ
3497 2850 3594 2921 τήν
3625 2855 3807 2905 οξκοι».

2130 2922 2297 2995 μένην
2353 2925 2642 2995 περιῆλθεν
2691 2928 2942 2996 ἆπασαν;
2997 2932 3228 2986 ἄκουσον
3292 2934 3457 2988 αὐτοῦ
3515 2936 3803 3005 λέγοντος’

2127 3010 2303 3064 Ὥστε
2321 3027 2398 3079 με
2421 3012 2540 3065 ἀπὸ
2572 3014 2968 3086 Ἰερουσαλὴμ
2992 3019 3087 3072 καί
3107 3019 3284 3088 μέχρι
3318 3021 3423 3076 τοῦ
3453 3024 3805 3094 Ἰλλυρικοῦ

2122 3097 2576 3166 πεπληρωκέναι
2620 3101 2687 3153 τὸ
2718 3102 3081 3173 Εὐαγβλιον
3102 3124 3116 3139 ·
3163 3109 3257 3160 καὶ
3303 3109 3466 3163 πάλιν
3487 3126 3499 3139 ·
3535 3113 3688 3166 Νυνὶ
3735 3113 3806 3168 δὲ

2121 3181 2327 3248 μηκέτι
2362 3185 2548 3264 τόπον
2571 3185 2730 3253 ἔχων
2756 3187 2826 3240 ἐν
2857 3189 2980 3255 τοῖς
3018 3193 3267 3262 κλίμασι
3296 3197 3550 3264 τούτοις,
3585 3200 3806 3255 ἐπιπο-

2122 3270 2257 3322 θιάν
2280 3269 2345 3324 δὲ
2368 3271 2525 3340 ἔχων
2551 3272 2658 3327 τοῦ
2684 3274 2834 3328 ἰδεῖν
2855 3275 3028 3345 ὑμᾶς,
3055 3279 3154 3345 ὡς,
3178 3279 3285 3335 ἐὰν
3307 3285 3686 3353 πορεύσωμαι
3711 3291 3804 3355 είς

2121 3356 2236 3424 τὴν
2266 3358 2601 3426 Ἱσπανίαν,
2646 3362 2860 3423 ἐλπίζω
2894 3364 3228 3422 θεάσασθαι
3257 3371 3430 3436 ὑμᾶς,
3471 3372 3579 3427 ἐὰν
3629 3375 3804 3443 ὑμῶν

2121 3441 2356 3509 πρῶτον
2387 3445 2505 3498 ἀπὸ
2538 3446 2763 3513 μέρους
2800 3447 3148 3518 ἐμπλησθῶ.
3193 3453 3255 3506 Εί
3289 3455 3344 3508 δὲ
3389 3451 3468 3520 εἷς
3500 3441 3807 3530 ἀπόστολος

2119 3529 2176 3580 ὲν
2207 3527 2432 3602 βραχείᾳ
2471 3534 2662 3603 καιροῦ
2702 3536 2841 3606 ῥοπῇ
2882 3535 2942 3588 τὸ
2990 3537 3152 3590 πλέον
3203 3540 3303 3610 τῆς
3337 3543 3662 3617 οἰκουμένης
3720 3527 3802 3603 διξ

2123 3627 2378 3698 έδραμεν,
2411 3631 2663 3701 ἐννόησον
2693 3633 2810 3696 πῶς
2851 3635 2946 3688 καὶ
2979 3635 3126 3690 ἄλλοι
3154 3638 3373 3694 ἃπασαν
3398 3643 3569 3715 αὐτὴν
3600 3648 3804 3722 ἐσαγήε

2123 3737 2334 3776 νευσαν.
2365 3723 2455 3776 Διὸ
2481 3726 2575 3778 καὶ
2600 3725 2752 3794 ἔλεγε
2770 3743 2784 3756 ·
2814 3729 2925 3782 Τοῦ
2942 3729 3310 3802 Εὐαγγελίου
3333 3735 3436 3791 τοῦ
3466 3742 3797 3810 κηρυχθένο

2122 3827 2224 3878 τος
2251 3813 2319 3866 ἐν
2340 3814 2506 3883 πάσῃ
2532 3814 2610 3884 τῇ
2651 3817 2842 3872 κτίσει
2869 3818 2943 3888 τῇ
2972 3822 3091 3875 ὑπὸ
3123 3822 3227 3876 τὸν
3254 3826 3540 3892 οὐρανόν·
3567 3830 3628 3882 τὸ
3663 3850 3802 3902 πρυ-

2123 3899 2348 3969 φητικὸν
2376 3902 2552 3956 ἐκεῖνο
2589 3904 2928 3975 ἑρμηνεύων,
2957 3909 3073 3962 Ὅτι
3121 3909 3344 3978 πάντες
3366 3913 3688 3982 είδήσουσί
3706 3899 3802 3989 -με

2121 3994 2239 4048 ἀπὸ
2283 3996 2499 4064 μικροῦ
2543 3997 2653 4064 ἓως
2693 4000 2958 4069 μεγάλου
3004 4003 3220 4059 αὐτῶν.
3269 4007 3406 4060 Ἀλλ’
3445 4011 3529 4063 ὅτι
3570 4013 3672 4082 μὲν
3703 4016 3804 4069 τὸν

2125 4080 2284 4150 νόμον
2331 4083 2358 4134 0
2401 4083 2636 4153 Χριστὸς
2675 4087 2907 4155 ἔδωκεν,
2954 4089 3061 4141 ἀπὸ
3091 4092 3294 4146 τούτων
3342 4095 3530 4165 δῆλον·
3572 4080 3672 4154 καὶ
3714 4104 3802 4158 δτι

2130 4176 2424 4244 σφαγέντες
2448 4179 2586 4251 ὑπὲρ
2619 4181 2714 4234 τοῦ
2749 4182 2936 4254 νόμου,
2969 4186 3107 4258 ὑπὲρ
3128 4187 3222 4240 τοῦ
3250 4191 3538 4260 νομοθέτου
3573 4195 3633 4249 τὸ
3655 4192 3799 4269 αἷμα

2128 4262 2343 4333 ἐξέχεον
2366 4266 2459 4319 καὶ
2488 4266 2644 4320 τοῦτο
2678 4271 2844 4339 σαφές
2864 4284 2878 4298 ⁸
2908 4275 3212 4344 παρακαλῶ
3244 4277 3300 4330 δὲ
3325 4277 3511 4334 λοιπὸν
3535 4282 3633 4355 τὴν
3658 4262 3800 4356 ὑμε-

2124 4353 2286 4443 τέραν
2315 4355 2696 4443 ἀγάπην-μετὰ
2723 4358 2922 4429 πολλῆς
2953 4360 3052 4430 τῆς
3081 4363 3389 4435 προθυμίας
3412 4369 3494 4433 είς
3653 4353 3798 4428 παν-

2125 4439 2319 4511 ήγυριν
2363 4440 2704 4511 ἀπαντῆσαι·
2765 4443 3016 4516 καθάπερ
3076 4449 3325 4518 μέλισσαι
3375 4454 3484 4508 τῶν
3550 4439 3800 4528 σίμϐλων

2124 4524 2468 4596 ὲκπηδήσατε
2501 4528 2595 4580 ἐπὶ
2625 4529 2693 4582 τά
2729 4531 3016 4601 τραύματα
3036 4535 3142 4587 τῶν
3171 4539 3484 4611 μαρτύρων,
3510 4524 3798 4618 καὶ-περιε-

2122 4610 2392 4677 πύξασθε
2437 4614 2616 4667 αὐτῶν
2645 4616 2744 4679 τὰς
2770 4617 3056 4688 βασάνους,
3096 4625 3263 4694 μηδὲν
3289 4610 3425 4698 πρὸς
3453 4629 3514 4683 τὸ
3541 4631 3641 4701 τῆς
3671 4610 3800 4690 ὀδοῦ

2121 4700 2550 4788 κατοκνήσαντες
2581 4703 2772 4772 μῆκος.
2813 4705 2878 4759 Εἰ
2917 4708 3025 4776 γὰρ
3066 4711 3242 4780 γέρων
3272 4715 3300 4766 0
3335 4700 3658 4788 Ἑλεάζαρος
3691 4741 3794 4775 πυ-

2125 4782 2214 4853 90;
2251 4784 2652 4857 κατετόλμησε,
2687 4791 2781 4843 καὶ
2819 4793 2852 4862 ή
2889 4795 3070 4866 μήτηρ
3102 4797 3209 4850 τῶν
3243 4803 3530 4873 μακαρίων
3570 4808 3799 4865 ἐκείνων

2126 4878 2184 4930 ὲν
2227 4880 2438 4952 ἐσχάτῳ
2479 4885 2625 4955 γήρα
2651 4888 2917 4953 τοσαύτας
2948 4892 3240 4963 ὑπέμεινεν
3284 4897 3470 4962 ὀδύνας
3491 4918 3504 4930 ·
3539 4903 3698 4957 ποίαν
3727 4905 3798 4962 ἂν

2127 4975 2342 5068 σχοίητε
2392 4979 2704 5068 άπολογίαν,
2773 4983 2933 5039 ποίαν
2978 4990 3327 5063 συγγνώμην,
3399 4996 3530 5066 μηδὲ
3577 4999 3796 5068 ὀλίγους

2127 5059 2370 5124 σταδίους
2400 5063 2764 5137 διαπερῶντες
2788 5071 2928 5148 ὑπὲρ
2959 5073 3056 5144 τῆς
3078 5077 3310 5150 θεωρίας
3339 5082 3448 5136 τῶν
3481 5083 3794 5160 παλαισμάο

2125 5163 2232 5200 των
2259 5149 2480 5204 ἐκείνων
2505 5171 2590 5220 ;...
