4034 6436
241 442 346 498 5³1111

240 578 506 636 acerbum
522 591 647 635 esse
665 585 882 650 putant;
908 590 1093 629 verum
1119 575 1219 630 hoc
1238 575 1408 628 morhi
1435 575 1590 642 culpa
1611 584 1712 628 est.
1737 590 1842 626 111111

241 673 419 728 mellis
445 672 675 727 crimen.
713 669 788 723 Ita
817 679 873 723 et
893 683 1024 722 crux
1054 666 1293 722 externis
1323 668 1484 739 stulta
1518 683 1602 720 res
1632 665 1844 719 videtur

239 783 384 831 esse,
435 765 531 820 sed
578 779 686 818 non
731 773 835 818 est.
884 762 1086 817 Deinde
1129 771 1414 831 postquam
1447 763 1685 815 ostendit
1736 777 1844 814 non

237 861 403 916 modo
430 873 538 914 non
578 857 796 912 stultam
835 870 949 911 rem
977 869 1120 920 esse,
1149 853 1244 908 sed
1294 852 1583 908 admodum
1631 853 1843 922 sapien-

237 964 369 1018 tem,
401 965 501 1006 nec
528 948 688 1004 modo
717 963 822 1002 non
857 946 1146 1008 infirmam,
1180 945 1274 1000 sed
1305 943 1597 999 admodum
1624 945 1838 1009 fortem,

233 1051 358 1118 ejus
375 1046 634 1116 prmclara
664 1051 810 1113 gesta
841 1049 1116 1110 comparat
1139 1054 1258 1094 cum
1278 1038 1575 1104 creatione,
1596 1052 1719 1092 cum
1744 1053 1834 1093 vc-

236 1144 339 1197 teri
361 1142 713 1196 Testamento
737 1146 789 1191 et
814 1151 937 1190 cum
958 1144 1180 1188 externa
1201 1131 1485 1202 sapientia;
1505 1139 1558 1185 et
1580 1131 1837 1195 ostendit,

234 1234 381 1305 quod
427 1247 490 1288 ea
522 1246 641 1300 qua:
672 1243 844 1298 neque
875 1226 1086 1280 interna
1132 1224 1398 1293 sapientia
1427 1223 1632 1278 invenit
1665 1236 1840 1291 neque

233 1335 480 1385 externa,
530 1335 703 1388 neque
732 1333 762 1373 a
790 1317 1064 1373 creatione
1106 1316 1259 1370 multi
1312 1316 1586 1369 hominum
1635 1313 1840 1370 didice-

234 1427 378 1481 runt,
429 1429 603 1485 neque
630 1429 658 1466 a
689 1411 859 1467 veteri
905 1411 1255 1478 Testamento
1299 1408 1488 1463 lucrati
1528 1426 1542 1462 :
1575 1408 1723 1473 btec,
1758 1407 1839 1460 in-

231 1526 422 1580 quam,
470 1507 598 1563 illud
648 1508 821 1575 ipsum
871 1503 1014 1575 quod
1061 1505 1282 1559 stultum
1314 1512 1367 1558 et
1399 1501 1667 1557 infirmum
1716 1517 1836 1557 esse

231 1609 450 1662 videtur
492 1607 758 1676 potuerit;
790 1604 932 1674 quod
974 1603 1207 1669 videtur,
1264 1605 1503 1673 inquam,-
1544 1617 1649 1656 non
1693 1603 1835 1671 quod

229 1713 335 1755 est.
369 1701 728 1770 Quapropter,
757 1714 880 1752 cum
931 1713 998 1752 ex
1047 1697 1206 1751 rebus
1239 1698 1368 1766 ipsis
1414 1696 1835 1751 demonstratio-

231 1811 354 1848 nem
415 1792 629 1855 habeat,
680 1807 800 1845 cum
843 1790 1033 1845 fiducia
1082 1790 1244 1843 multa
1287 1790 1352 1843 ad
1405 1806 1635 1860 pugnam
1685 1793 1832 1857 exit,

230 1901 264 1954 p
298 1887 407 1937 imo
436 1896 623 1938 contra
656 1894 935 1937 externam
979 1883 1318 1951 sapientiam,
1368 1883 1573 1946 dicens,
1610 1882 1706 1936 lv'bi
1749 1901 1831 1937 suo

229 1981 372 2047 piens
405 1977 568 2049 (Ibid.
605 1993 651 2030 υ.
684 1976 974 2044 20)2Ωιεῐ11
1001 1976 1098 2031 sibi
1131 1976 1241 2030 vult
1271 1976 1424 2043 illud,
1461 1976 1560 2030 Ubi
1587 1977 1836 2046 sapiens?

230 2077 308 2126 Ae
334 2072 377 2124 si
405 2071 634 2135 diceret,
660 2070 760 2125 Ubi
805 2079 930 2124 sunt
957 2070 1044 2123 illa
1075 2059 1518 2139 philosophorum
1543 2071 1565 2122 ?
1592 2071 1680 2125 ubi
1711 2069 1836 2125 rhe—

229 2175 431 2226 torum,
477 2163 565 2217 ubi
611 2163 994 2231 sophistarum,
1043 2161 1128 2214 ubi
1177 2162 1494 2215 oratorum?
1539 2161 1836 2217 Facessunt

228 2258 408 2309 munia
439 2270 502 2308 ac
542 2255 817 2323 perierunt
847 2263 900 2308 et
930 2269 1221 2308 evanuere.
1254 2253 1385 2307 Nam
1436 2253 1506 2307 ita
1552 2253 1831 2322 Splendida

229 2349 323 2403 fuit
358 2348 602 2413 victoria,
635 2357 690 2400 ut
721 2347 930 2415 illajam
956 2363 1022 2401 nc
1051 2356 1401 2417 compareant
1431 2347 1673 2418 quidem.
1708 2347 1833 2403 Ideo

226 2446 335 2498 illis
365 2441 625 2496 omnibus
658 2452 926 2507 tamquam
967 2441 1140 2510 pulvis
1170 2440 1469 2510 dissipatis,
1505 2441 1573 2494 ita
1605 2443 1834 2496 interro-

223 2547 313 2605 gat
338 2545 391 2589 et
422 2534 497 2587 ait
527 2551 539 2585 :
579 2530 678 2586 Ubi
705 2532 954 2602 sapiens?
984 2532 1248 2602 Apparuit
1274 2547 1428 2596 crux,
1455 2542 1509 2586 et
1535 2533 1620 2586 illa
1651 2534 1831 2588 omnia

221 2630 403 2683 soluta
453 2635 579 2681 sunt
609 2644 622 2679 :
653 2627 888 2680 insonuit
939 2627 1280 2695 prmdicatio,
1316 2637 1370 2681 et
1419 2627 1625 2681 facilius
1669 2644 1828 2697 quam

221 2734 440 2774 aranea:
472 2718 578 2772 tela
608 2717 860 2785 dissipata
893 2728 1040 2772 sunt.
1079 2717 1177 2772 Ubi
1225 2720 1473 2787 sapiens?
1500 2718 1602 2773 Ubi
1634 2719 1830 2774 verbo-

222 2828 342 2864 rum
389 2811 605 2864 fastus?
635 2807 724 2863 ubi
769 2809 1028 2864 facundia:
1080 2809 1472 2878 pulchritudo?
1503 2812 1590 2863 ubi
1642 2812 1829 2877 sophi-

217 2913 458 2958 sinatum
507 2902 781 2973 gravitas?
852 2901 938 2956 ubi
988 2903 1280 2957 verborum
1328 2903 1455 2956 vis?
1509 2903 1596 2957 ubi
1649 2905 1826 2973 lingua

218 2998 421 3052 acuta?
452 2996 540 3051 ubi
575 3005 874 3060 conventus
893 3005 942 3050 et
962 2995 1294 3050 eonsessus?
1324 2996 1415 3050 Illa
1437 2997 1615 3050 omnia
1650 2996 1830 3050 detra-

219 3101 306 3146 cta
356 3100 500 3154 sunt,
544 3089 852 3160 perierunt,
887 3098 1138 3157 corrupta
1169 3097 1312 3151 sunt,
1359 3089 1628 3152 abierunt,
1681 3098 1827 3157 terga

217 3182 511 3238 dederunt.
563 3180 665 3236 Ubi
706 3181 907 3234 scriba?
935 3180 1034 3236 Ubi
1085 3195 1171 3234 res
1220 3179 1560 3244 Judznorutn,
1614 3180 1830 3249 inquit?

220 3276 312 3330 illa
351 3278 515 3330 etiam
563 3275 692 3328 vicit
731 3274 1042 3343 praulicatio
1067 3316 1082 3339 ,
1135 3283 1188 3328 ct
1229 3273 1522 3327 occultavit
1561 3274 1701 3326 sicut
1747 3273 1828 3327 sol

221 3368 494 3421 umbram.
529 3366 662 3420 Nam
708 3380 826 3434 qua:
860 3380 956 3433 per
1003 3375 1204 3418 tantum
1238 3375 1446 3434 tempus
1479 3364 1560 3417 lex
1595 3378 1697 3417 non
1727 3378 1825 3432 po-

222 3463 323 3516 tuit
352 3462 405 3515 in
439 3477 542 3514 una
592 3469 773 3529 gente,
826 3459 944 3513 11100
993 3473 1115 3512 eum
1167 3458 1355 3526 majori
1411 3458 1649 3527 potentia
1697 3473 1829 3512 crux

220 3554 422 3624 ubique
445 3551 689 3622 perfecit,
711 3561 927 3619 peccata
951 3552 1188 3615 solvens,
1204 3551 1466 3621 justitiam
1487 3550 1825 3620 impertiens,

219 3654 443 3700 sanctos
472 3643 705 3699 reddens
735 3643 1001 3707 homines,
1059 3643 1149 3696 Dei
1201 3643 1562 3712 cognitionem
1592 3643 1824 3708 docens,

219 3738 287 3793 ad
336 3738 530 3793 cmlum
563 3753 725 3791 manu
778 3737 1002 3792 ducens.
1050 3737 1252 3791 Deinde
1299 3737 1536 3791 Judaicis
1575 3739 1778 3803 relictis
1811 3780 1824 3801 ,

217 3832 285 3885 ad
316 3831 578 3902 gentilitia
601 3831 772 3885 venit:
796 3829 894 3884 Ubi
911 3829 1223 3900 conquisitor
1239 3830 1394 3898 hujus
1415 3833 1589 3884 steculi
1607 3830 1828 3899 (Ibid)?

221 3926 320 3980 llic
350 3925 636 3979 haereticos
661 3922 987 3987 subindicat,
1020 3933 1073 3976 et
1103 3938 1197 3976 eos
1226 3923 1314 3991 qui
1344 3922 1670 3993 syllogismis
1696 3924 1828 3977 111111-

220 4031 406 4074 tuntur
441 4039 453 4072 :
488 4019 576 4090 qui
609 4018 838 4074 antehac
881 4017 1095 4088 quidem
1123 4017 1314 4086 gladiis
1335 4017 1601 4070 acutiores
1627 4026 1782 4071 erant
1809 4059 1823 4080 ,

220 4121 504 4178 postquam
534 4119 710 4163 autem
755 4124 886 4162 crux
931 4109 1194 4178 apparuit,
1228 4107 1433 4162 facilius
1462 4124 1628 4178 quam
1660 4109 1832 4164 lutum

216 4202 413 4269 (1νῇοειὶ
458 4209 603 4254 sunt.
653 4201 838 4255 Annon
885 4201 1094 4255 stultam
1153 4201 1269 4268 fecit
1314 4199 1455 4254 Deus
1518 4201 1826 4270 sapientiam

217 4294 377 4362 hujus
410 4294 589 4345 mundi
621 4294 638 4363 (
671 4291 807 4346 Ibid.
841 4292 900 4360 )?
927 4292 1135 4347 Rursus
1179 4301 1364 4346 contra
1394 4291 1624 4359 gentiles
1651 4306 1710 4345 sc
1736 4308 1826 4347 ac—

216 4387 404 4453 cingit.
460 4384 597 4452 Quid
628 4385 728 4440 sibi
761 4385 896 4449 vult,
943 4384 1167 4440 Stultum
1196 4385 1359 4454 fecit?
1408 4383 1637 4438 Stultum
1671 4399 1825 4438 mon-

217 4476 410 4529 stravit
444 4493 458 4529 :
492 4475 611 4530 talis
654 4479 798 4531 enim
839 4484 978 4532 erat.
1027 4476 1090 4530 Et
1132 4476 1363 4545 ipsorum
1407 4485 1453 4529 et
1503 4484 1825 4544 peccatorum

214 4568 440 4636 illoruni
470 4577 517 4620 et
558 4569 882 4638 iniquitatum
925 4585 1027 4623 non
1061 4567 1367 4623 recordabar
1394 4569 1615 4636 amplius
1660 4567 1794 4638 (Jer.

216 4657 304 4712 3|.
335 4645 458 4726 35)."
489 4657 598 4712 Sed
645 4659 906 4730 propheta
939 4659 1156 4728 quidem
1207 4659 1418 4713 Veteris
1447 4660 1600 4714 nobis
1642 4659 1819 4713 lzetam

216 4750 453 4818 speciem
483 4747 765 4805 describit:
789 4748 1293 4819 Apostolusautem,
1322 4752 1447 4820 quia
1469 4766 1590 4805 cum
1619 4751 1821 4807 Iudaeis

218 4850 451 4909 pugnat,
483 4856 512 4893 e
554 4841 773 4910 regione
816 4851 1041 4910 utraque
1092 4843 1281 4911 ponit:
1313 4843 1560 4911 superius
1603 4843 1820 4912 quidem

219 4932 373 4985 nobis
395 4932 549 4994 dixit,
578 4931 697 4985 Non
714 4933 764 4984 in
793 4933 977 4986 tabulis
999 4935 1234 5003 lapideis,
1255 4935 1347 4988 sed
1369 4935 1421 4988 in
1444 4936 1629 4989 tabulis
1650 4937 1822 4991 cordis

216 5022 512 5076 carnalibus
539 5041 557 5088 ;
585 5024 668 5078 1110
689 5034 890 5089 autem,
928 5025 1048 5078 Non
1078 5026 1254 5091 litera,
1293 5028 1381 5080 sed
1404 5029 1644 5097 spiritus;
1673 5029 1821 5084 litera

215 5115 357 5168 enini
382 5115 591 5180 occidit,
624 5117 835 5184 spiritus
861 5126 1028 5171 autem
1060 5117 1282 5185 vivi/icat
1313 5117 1389 5188 (‘2.
1422 5119 1538 5173 Cor.
1572 5121 1624 5174 5.
1656 5121 1708 5174 5.
1738 5119 1814 5191 ὃ).

287 5208 341 5263 5.
379 5207 434 5260 In
462 5209 689 5262 sabbato
726 5209 943 5277 collegit
983 5210 1101 5280 quis
1137 5212 1310 5280 ligna,
1346 5221 1400 5266 et
1433 5213 1695 5282 lapidatus
1736 5224 1822 5271 est

219 5301 402 5372 (Num.
437 5301 524 5357 15.
559 5300 649 5356 52.
679 5300 790 5374 ’56).
817 5301 1076 5358 Vidistine
1101 5305 1370 5375 quomodo
1400 5307 1549 5361 litera
1583 5308 1814 5378 occidat,

1037 438 1102 492 Xl
1141 436 1446 499 llOllll.l.-\,
1496 433 1580 488 DE
1623 428 1992 489 ELEAL'ARO
2031 430 2122 487 ΕΤ
2163 430 2440 488 SEPTEM
2483 432 2750 489 PUERiS.

3452 438 3555 493 11311

1959 572 2006 626 id
2035 581 2139 639 est,
2178 572 2263 627 lex
2293 573 2522 643 puniat?
2562 575 2711 629 disce
2737 575 3009 645 quomodo
3051 576 3272 646 spiritus
3300 578 3556 634 vivilicet.

1957 663 2236 732 Ingressus
2263 673 2346 719 est
2375 665 2640 734 quispiam
2676 667 2823 720 mille
2852 668 3009 720 malis
3042 669 3251 736 plenus,
3284 671 3373 740 qui
3404 685 3556 725 scor-

1955 762 2095 808 tatus
2127 766 2229 821 est,
2261 758 2460 826 rapuit,
2487 773 2686 812 avarus
2715 758 2837 824 fuit,
2869 754 3099 826 adulter,
3128 764 3274 816 onmi
3304 765 3559 833 nequitia-2

1952 850 2135 918 generi
2154 851 2563 921 obooxius,‘jam
2585 863 2864 908 emortuus
2888 864 3141 923 peccato:
3163 855 3336 924 ipsum
3362 858 3558 926 accipit

1950 945 2182 1014 Spiritus
2221 946 2391 1016 gratia
2438 946 2505 1001 ad
2553 947 2867 1010 lavacrum,
2914 957 2966 1000 et
2997 957 3350 1002 scortatorem
3387 949 3556 1004 lilium

1954 1038 2045 1092 Dei
2079 1037 2279 1106 ellicit,
2312 1048 2367 1093 ct
2406 1055 2528 1094 eum
2554 1082 2569 1102 ,
2603 1039 2694 1109 qui
2738 1042 2789 1093 in
2838 1040 3075 1138 peccatis
3114 1050 3364 1096 mortuus
3399 1051 3551 1106 erat,

1949 1130 2207 1189 viviticat.
2240 1132 2350 1185 lloc
2381 1133 2486 1186 sibi
2517 1133 2632 1187 vult
2659 1132 2797 1187 illud
2823 1130 2844 1197 ,’
2873 1132 3102 1209 Spiritus
3132 1134 3374 1205 uiui/ient.
3403 1133 3554 1201 01111-

1949 1224 2111 1279 modo
2137 1232 2316 1279 autem
2346 1224 2620 1282 vivificat?
2645 1224 2764 1283 Non
2797 1240 2986 1296 pcenas
3019 1236 3363 1297 peccatorum
3392 1243 3555 1298 repe-

1951 1330 2092 1386 tens,
2121 1319 2417 1376 secundum
2450 1319 2577 1374 illud
2599 1320 2885 1390 Propheta:
2913 1321 3153 1376 dictum:
3177 1321 3444 1394 PrOpitius
3470 1339 3556 1376 ero

1946 1413 2296 1483 iniquitatibus
2326 1428 2502 1466 eorum
2529 1454 2539 1475 ,
2575 1423 2621 1466 et
2667 1422 2991 1481 peccatorum
3035 1429 3209 1471 eorum
3239 1423 3285 1468 et
3311 1414 3556 1484 iniquita-

1947 1519 2052 1558 tum
2092 1521 2265 1557 eorum
2293 1521 2396 1558 non
2424 1504 2729 1558 recordabar
2755 1506 3001 1575 amplius.
3046 1506 3325 1577 Interroga
3366 1520 3556 1561 rursus

1944 1599 2210 1664 .ludmum,
2237 1599 2453 1652 ubinam
2482 1597 2586 1652 hoc
2608 1596 2806 1653 factum
2833 1601 2903 1654 sit
2927 1599 2979 1653 in
3007 1599 3126 1670 lege
3149 1599 3274 1654 :scd
3298 1599 3347 1653 id
3372 1607 3555 1654 osten-

1943 1692 2071 1746 dere
2105 1709 2210 1744 nun
2242 1691 2434 1761 possit.
2467 1690 2596 1745 Nam
2626 1701 2680 1747 et
2706 1692 2795 1761 qui
2829 1691 2969 1763 ligna
3001 1693 3315 1764 collegerat,
3347 1691 3555 1763 lapida-

1945 1794 2029 1838 tus
2074 1783 2190 1848 luit,
2235 1793 2290 1837 et
2326 1781 2644 1838 fornicatrix
2689 1785 3132 1852 curnhurcbatur,
3162 1794 3216 1840 et
3240 1784 3450 1858 Moyses
3482 1787 3551 1841 ob

1943 1885 2220 1948 peccatum
2251 1891 2414 1931 unum
2437 1892 2469 1932 a
2498 1886 2639 1932 terra
2663 1871 3047 1948 promissionis
3068 1878 3274 1934 excidit
3302 1896 3313 1932 :
3339 1880 3394 1933 in
3423 1895 3551 1950 gra-

1943 1971 2029 2024 tia:
2061 1979 2239 2024 autem
2269 1977 2513 2041 tempore
2534 2012 2548 2034 ,
2582 1971 2673 2040 qui
2713 1969 2862 2025 mille
2889 1971 3100 2027 scelera
3133 1983 3505 2041 pet-petrarum
3531 2015 3547 2039 ,

1941 2081 2038 2134 per
2067 2065 2318 2135 baptismi
2346 2065 2668 2120 beneficium
2701 2064 3066 2131 viviticantur,
3101 2065 3357 2136 nullaque
3384 2082 3552 2136 expe-

1944 2158 2073 2212 titur
2103 2157 2371 2212 scelerum
2400 2170 2580 2227 poena.
2612 2155 2848 2226 ideoque
2869 2155 3067 2210 Paulus
3087 2155 3304 2212 dicebat
3328 2174 3341 2212 :
3370 2155 3549 2211 Nolite

1938 2268 2112 2305 errare
2141 2266 2158 2305 :
2186 2267 2345 2320 neque
2371 2250 2674 2321 [οι-11100111,
2709 2266 2868 2320 neque
2897 2249 3075 2304 molles
3100 2291 3116 2316 ,
3155 2266 3316 2320 neque
3343 2267 3549 2303 mascu-

1941 2344 2107 2398 lorunt
2139 2343 2509 2408 concubitores,
2539 2359 2703 2413 neque
2727 2343 2971 2407 adulteri,
3004 2359 3164 2413 neque
3193 2343 3355 2413 fures,
3390 2360 3551 2414 neque

1937 2437 2101 2500 avari,
2131 2452 2291 2504 neque
2320 2435 2527 2502 ebriosi,
2556 2451 2719 2502 neque
2745 2435 3002 2502 maledici,
3033 2452 3194 2506 neque
3219 2453 3430 2508 rapaces
3463 2454 3546 2491 re-

1936 2545 2092 2598 gnum
2116 2526 2211 2580 Dei
2233 2527 2580 2598 possidebunt.
2610 2526 2674 2581 Et
2698 2527 2805 2582 hare
2825 2529 3035 2598 quidam
3055 2530 3211 2584 eratis
3236 2544 3254 2583 .'
3273 2529 3364 2584 sed
3385 2529 3548 2585 abluti

1936 2621 2076 2680 estis,
2106 2619 2194 2673 sed
2219 2619 2527 2686 sanctiﬁcati
2549 2620 2686 2686 estis,
2713 2619 2805 2673 sed
2819 2621 3095 2690 justi/icati
3119 2621 3238 2675 estis
3265 2622 3318 2674 in
3342 2624 3548 2677 nomine

1936 2709 2295 2783 DominiJesu
2325 2711 2440 2765 etin
2459 2710 2653 2783 Spiritu
2678 2711 2775 2766 Dei
2797 2714 2956 2767 nostri
2982 2715 3002 2785 (
3034 2714 3084 2768 l.
3115 2713 3232 2769 Cor.
3259 2714 3312 2769 6.
3338 2715 3464 2772 9-11
3503 2718 3543 2786 ).

1941 2803 2211 2869 Vidistin‘,
2237 2819 2397 2873 quam
2427 2803 2712 2874 splendeat
2741 2807 3115 2876 prepbeticum
3142 2807 3273 2863 illud
3305 2828 3317 2864 :
3352 2809 3546 2882 1³10ρὶ-

1937 2899 2035 2951 tius
2058 2916 2143 2952 ero
2166 2899 2519 2968 iniquitatibus
2540 2916 2715 2954 eorum
2735 2901 2765 2961 3
2780 2916 2941 2970 quam
2968 2901 3166 2973 fulgeat
3188 2904 3545 2973 apostolicum

1937 2992 2062 3046 illud
2087 3035 2099 3057 ,
2137 2992 2368 3062 Spiritus
2394 2994 2657 3063 uiviﬁcat?
2686 2995 2777 3050 Vis
2804 3005 2857 3050 et
2887 2996 3033 3051 aliud
3061 2996 3294 3063 discere,
3324 3011 3545 3068 aposto-

1937 3084 2044 3138 111111
2076 3099 2270 3153 nempe
2298 3086 2521 3140 Paulum
2553 3087 2902 3157 loquentem,
2939 3089 3212 3159 quomodo
3258 3091 3348 3146 ille
3393 3091 3544 3146 brevi

1937 3186 2180 3246 tempore
2197 3177 2384 3233 orbem
2407 3193 2544 3248 pene
2575 3189 2744 3234 totum
2770 3182 3116 3252 peragravit?
3148 3184 3272 3238 audi
3294 3185 3442 3239 illum
3463 3185 3545 3239 di-

1932 3278 2143 3323 centem
2181 3288 2193 3324 :
2227 3268 2311 3323 Ita
2343 3281 2398 3323 ut
2428 3272 2491 3325 ab
2521 3271 2810 3326 Jerusalem
2837 3274 2907 3327 ad
2935 3272 3208 3345 Illyricum
3243 3277 3543 3345 repleverim

1914 3359 2287 3432 Evangelium;
2315 3374 2368 3418 ct
2397 3381 2611 3420 rursum
2638 3406 2652 3431 ,
2687 3365 2843 3420 Nunc
2869 3383 2983 3422 uero
3009 3370 3222 3423 ulterius
3249 3370 3413 3423 locum
3441 3386 3543 3425 non

1934 3455 2123 3508 habens
2154 3457 2206 3509 in
2235 3457 2313 3509 Itis
2341 3459 2655 3528 regionibus,
2688 3461 3018 3530 cupiditatem
3049 3448 3217 3516 autem
3243 3463 3436 3518 habens
3464 3465 3543 3518 vi-

1933 3547 2088 3600 dendi
2117 3556 2203 3600 res
2227 3588 2243 3613 ,
2277 3565 2391 3602 cum
2422 3550 2472 3602 in
2503 3549 2814 3621 Hispaniam
2845 3553 3104 3622 proﬁcisci
3129 3570 3360 3622 ccepero,
3393 3572 3544 3626 spero

1933 3654 2012 3690 me
2044 3637 2211 3691 videre
2241 3654 2327 3692 vos
2356 3683 2370 3706 ,
2405 3642 2448 3693 si
2478 3641 2614 3695 vobis
2645 3644 2869 3711 primum
2908 3661 2972 3698 ea:
3003 3656 3148 3715 parte
3179 3649 3368 3717 {ruitus
3395 3653 3544 3719 [uero

1937 3729 2112 3796 (Rom.
2146 3732 2234 3786 15.
2265 3732 2348 3787 l9.
2375 3731 2488 3802 '25).
2515 3734 2668 3802 Quod
2699 3736 3052 3806 siApostolus
3080 3754 3219 3794 unus
3249 3749 3355 3794 tam
3392 3741 3541 3796 brevi

1935 3829 2176 3890 tempore
2201 3823 2459 3892 majorem
2485 3826 2631 3880 orbis
2656 3837 2863 3895 partem
2890 3830 3178 3898 percurrit,
3206 3833 3379 3901 cogita
3402 3849 3542 3903 quo-

1935 3915 2095 3968 modo
2121 3916 2279 3969 etiam
2311 3917 2402 3969 alii
2433 3920 2622 3974 orbem
2655 3930 2824 3975 totum
2855 3923 3004 3991 quasi
3035 3938 3236 3994 sagena
3256 3935 3540 3995 ceperunt.

1931 4006 2271 4078 Quapropter
2298 4010 2532 4076 diccbat,
2563 4012 2826 4082 Evangelii
2856 4017 2994 4086 quod
3022 4019 3356 4086 prn'dicat-um
3386 4030 3461 4074 est
3489 4021 3542 4074 in

1932 4100 2070 4151 omni
2114 4111 2345 4155 creatura
2385 4119 2497 4171 qua:
2541 4105 2634 4157 sub
2681 4106 2805 4158 ctelo
2838 4116 2935 4169 est;
2977 4108 3355 4177 pr0pl|eticum
3408 4112 3538 4167 illud

1933 4189 2294 4259 interpretans
2319 4213 2329 4246 :
2359 4194 2493 4259 Quia
2521 4212 2694 4249 omnes
2722 4199 2883 4250 scient
2911 4215 2990 4252 me
3018 4216 3048 4251 a
3078 4201 3265 4254 minori
3290 4219 3446 4272 usque
3473 4203 3542 4256 ad

1929 4299 2189 4352 magnum.
2217 4284 2322 4340 Sed
2346 4285 2486 4355 quod
2507 4287 2757 4344 Christus
2780 4289 2954 4359 legem
2975 4291 3185 4346 dederit
3211 4293 3337 4347 hinc
3361 4297 3537 4364 palam

1930 4385 2034 4439 est,
2063 4387 2114 4430 et
2144 4378 2286 4446 quod
2307 4378 2602 4434 Machaba-i
2635 4396 2731 4450 pro
2756 4381 2874 4452 lege
2899 4382 3162 4453 jugulati,
3190 4401 3288 4456 pro
3321 4387 3537 4457 legisla-

1932 4474 2046 4522 tore
2069 4468 2388 4537 sanguinem
2413 4470 2672 4539 fuderint,
2697 4472 2801 4528 11οο
2820 4489 3036 4545 quoque
3060 4477 3405 4532 manifestum
3434 4498 3447 4533 :
3469 4477 3538 4533 de

1926 4569 2127 4613 caetero
2145 4569 2323 4614 autem
2344 4563 2624 4618 caritatem
2655 4574 2888 4620 vestram
2921 4582 3073 4637 rogo,
3108 4579 3162 4623 ut
3191 4584 3312 4623 cum
3343 4571 3537 4624 alacri-

1931 4659 2037 4705 tate
2065 4653 2229 4706 multa
2263 4653 2331 4707 ad
2354 4653 2550 4709 festum
2581 4658 2854 4734 accedatis
2881 4676 2893 4710 :
2919 4660 3059 4714 sicut
3094 4676 3223 4732 apes
3254 4664 3322 4717 ab
3351 4664 3534 4717 alvea-

1927 4742 2072 4796 ribus
2087 4745 2298 4800 exsilite
2326 4745 2391 4799 ad
2422 4758 2718 4818 martyrum
2736 4750 2977 4814 vulnera,
2997 4766 3301 4823 eorumque
3319 4757 3531 4808 crueia-

1929 4845 2013 4888 tus
2034 4838 2479 4905 complectinnni,
2518 4839 2649 4894 nihil
2691 4853 2945 4897 curantes
2989 4843 3088 4898 via:
3117 4844 3532 4915 longitudinem.

1925 4926 2058 4981 Nam
2092 4929 2134 4983 si
2153 4930 2440 4985 Eleazarus
2470 4946 2634 4986 senex
2668 4933 2843 5003 ignem
2867 4949 3032 4990 ausus
3048 4946 3130 4990 eSt
3148 4937 3396 5006 aggredi,
3419 4947 3471 4992 et
3492 4939 3537 4993 si

1927 5019 2210 5076 beatorum
2243 5023 2435 5078 ilOl‘Ulll
2469 5034 2642 5079 mater
2683 5025 2735 5080 in
2767 5035 3010 5081 extrema
3042 5038 3321 5084 senectute
3353 5039 3531 5087 lillllOS

1929 5129 2082 5182 passa
2113 5124 2197 5170 etst
2227 5114 2444 5171 dolores
2471 5134 2484 5169 :
2510 5132 2672 5186 quam
2702 5117 3096 5186 defensionem,
3127 5135 3287 5193 quam
3316 5123 3531 5176 veniam

1928 5204 2212 5271 habebitis,
2239 5207 2281 5260 si
2313 5223 2411 5262 nec
2441 5223 2608 5278 pauca
2636 5211 2810 5266 stadia
2839 5213 3163 5281 pet-curratis
3187 5212 3253 5268 ad
3276 5214 3368 5268 illa
3388 5229 3526 5270 eon-

1924 5301 2195 5369 spiclenda
2224 5303 2519 5358 certamina
2534 5306 2602 5359 ?..
2619 5343 2632 5357 .
3279 5329 3281 5331 ·
3543 5295 3546 5297 Δ
