4034 6454
547 424 643 481 551

548 598 2165 635 Wr:

1639 424 2014 483 SEl'EltlANl
2077 424 2429 513 cannon.
2474 425 2687 487 EPISC.
3697 436 3731 490 ελ

3784 436 3810 487 ι

2909 608 3783 642 _..—---—-—-—__.________.._———-=e

1002 841 1359 905 MONITUM
1394 843 1477 907 IN
1518 828 1897 907 HOM'LLIAM
1940 844 2387 920 SEVERIANI,
2429 842 2901 908 GABALORUM
2940 844 3332 921 EPISCOPI,

605 1054 761 1131 [£02]
807 1053 1092 1113 Severiani
1126 1072 1249 1115 esse
1283 1057 1422 1113 hanc
1453 1058 1569 1114 sive
1606 1057 1910 1114 orationem
1940 1060 2057 1115 sive
2105 1059 2384 1115 bomiliain
2416 1059 2578 1117 docet
2610 1058 2985 1116 Theodoretus
3015 1059 3231 1130 dialogo
3258 1061 3422 1117 tertio
3462 1061 3604 1133 Περὶ
3636 1062 3789 1116 ἀπα-

535 1174 683 1241 θοῦς,
716 1174 793 1230 De
828 1177 1133 1255 impetibili,
1176 1188 1309 1234 tom.
1341 1175 1430 1244 IV,
1460 1192 1583 1249 pag.
1614 1177 1740 1243 169,
1792 1178 2049 1235 editionis
2081 1172 2498 1245 Sirmondianae,
2537 1188 2595 1233 ut
2625 1177 2984 1234 indicabimus
3014 1176 3153 1233 int‘ra
3182 1191 3282 1234 suo
3324 1177 3442 1234 loco
3474 1179 3636 1250 paulo
3666 1188 3803 1235 ante

534 1287 695 1342 tinem
725 1286 996 1355 bomiliae;
1035 1289 1087 1343 in
1126 1288 1510 1360 msnuscriptis
1536 1303 1665 1345 vero
1688 1289 1947 1347 omnibus
1971 1290 2145 1347 sancti
2177 1288 2409 1347 Joannis
2445 1289 2819 1361 Cbrysostomi
2850 1304 3049 1347 nomen
3075 1304 3188 1361 pra
3229 1303 3291 1346 ee
3326 1288 3467 1347 fert:
3497 1290 3608 1347 imo
3634 1292 3753 1361 jam
3779 1308 3812 1348 a

535 1402 722 1459 multis
752 1402 963 1460 saeculis
984 1402 1363 1475 Chrysostomi
1394 1403 1615 1461 nomine
1661 1404 2067 1461 circumfertur.
2116 1404 2251 1461 Nam
2284 1406 2338 1461 in
2367 1405 2602 1482 epistola
2642 1404 2864 1462 Adriani
2896 1404 3110 1476 'papal
3167 1408 3235 1461 ad
3277 1406 3699 1465 Constantinum
3755 1419 3817 1465 et

532 1516 745 1583 Irenen,
780 1515 985 1571 Concil.
1031 1524 1162 1572 tom.
1197 1512 1309 1582 VII,
1340 1530 1465 1588 pag.
1492 1513 1633 1583 “2,
1670 1516 1927 1574 editionis
1954 1515 2150 1584 Labb.,
2188 1517 2340 1576 locus
2385 1519 2615 1575 aderiur
2640 1520 2859 1577 nomine
2888 1520 3064 1576 sancti
3102 1518 3331 1578 Joannis
3384 1521 3809 1595 Chrysostomi,

530 1632 623 1702 qui
651 1648 715 1688 es
747 1635 844 1688 bac
872 1634 1123 1690 oratione
1150 1645 1443 1707 escerptus
1472 1634 1698 1691 omnino
1726 1636 1962 1705 videtur,
1992 1651 2059 1691 ex

2169 1652 2395 1703 rmone,
2433 1647 2492 1693 ut
2536 1638 2607 1693 ibi
2655 1637 2881 1703 dicitur,
2925 1635 3023 1691 τοῦ
3064 1638 3145 1702 εἰς
3189 1637 3292 1710 τὴν
3339 1636 3663 1709 παραϐολὴν
3708 1637 3809 1692 τοῦ

530 1748 757 1824 σπόρου,
785 1750 840 1806 in
876 1747 1201 1806 Parabolant
1229 1734 1466 1807 seminis.
1504 1751 1678 1809 Verba
1708 1762 1887 1809 autem
1924 1754 2005 1809 sic
2029 1754 2062 1809 li

2169 1762 2265 1811 ut:
2305 1753 2551 1825 Ἔνδυμα
2587 1752 2870 1825 βασιλικὸν
2917 1752 3014 1808 ἰὰν
3044 1750 3296 1824 ὑϐρίσῃς,
3331 1752 3454 1822 οὐχὶ
3481 1752 3575 1817 τὸν
3605 1752 3811 1806 ἐνδυό-

533 1887 697 1941 μενον
729 1870 893 1926 aiith
922 1871 1196 1943 ὑϐρίζεις-ς
1226 1872 1328 1927 οὐκ
1356 1842 1509 1938 δῑδας
1538 1873 1621 1927 δτι
1652 1874 1801 1936 ὅστις
1848 1874 1952 1948 τὴν
1995 1872 2185 1929 εικόνι
2208 1872 2307 1945 τὴν
2350 1875 2417 1927 ὲκ
2457 1872 2618 1940 ξύλου
2664 1872 2759 1927 καὶ
2790 1871 3100 1944 χρωμάτων
3142 1832 3524 1942 λοιδορεῖ,οὐχ
3550 1868 3627 1933 ὡς
3662 1868 3811 1940 πρὸς

528 1992 739 2062 ἄψυχον
761 1992 1041 2063 τολμήσας
1066 1992 1340 2064 κρίνεται,
1375 1992 1513 2048 ἀλλά
1536 1994 1680 2048 κατὰ
1700 1993 1801 2049 τοῦ·
1824 1992 2132 2065 βασιλέωςς
2164 1993 2366 2059 δισσῶς
2390 1994 2502 2065 γὰρ
2542 1993 2621 2064 τῷ
2650 1970 2865 2065 paean
2914 1991 3225 2064 προσφέρει
3274 1988 3377 2062 τὴν
3421 1987 3603 2060 ὓϐριν.
3669 1986 3808 2055 Qua

528 2108 728 2164 ibidem
759 2111 839 2166 sic
871 2106 1062 2167 Latine
1094 2110 1391 2167 habentur:
1435 2109 1815 2167 lndumentern
1837 2113 2111 2182 imperiale
2140 2113 2185 2167 si
2229 2106 2568 2168 contumeliis
2597 2112 2866 2184 effeceris,
2901 2127 3075 2167 nonne
3106 2111 3155 2165 ei
3182 2110 3273 2181 qui
3323 2109 3567 2164 induitur
3604 2118 3804 2164 conta-

527 2230 715 2285 snelias
753 2232 1001 2303 irrogas!
1033 2234 1203 2288 nescis
1228 2234 1355 2304 quia
1375 2233 1423 2288 si
1459 2234 1578 2305 quis
1606 2234 1831 2305 imagini
1860 2234 2196 2305 imperatoris
2232 2235 2489 2306 injuriant
2514 2236 2696 2306 infert,
2727 2236 2796 2290 ad
2824 2234 2997 2305 ipsum
3046 2234 3441 2304 intperatorem,
3482 2229 3539 2283 id
3595 2238 3697 2294 est,
3730 2229 3803 2280 ad

528 2347 701 2419 ipsum
732 2353 1079 2423 principalem
1109 2366 1159 2409 et
1187 2354 1258 2407 ad
1296 2354 1412 2423 ejus
1438 2356 1752 2426 dignitatem
1781 2357 1939 2425 refert
1964 2356 2220 2425 injuriam
2246 2359 2272 2413 2
2305 2357 2474 2412 nescis
2510 2357 2652 2426 quod
2670 2357 2718 2411 si
2740 2358 2858 2427 quis
2895 2355 3137 2426 imagini,
3165 2371 3287 2425 qua:
3305 2370 3372 2410 ea:
3402 2355 3546 2427 ligno
3568 2366 3617 2408 et
3645 2349 3800 2406 colo-

525 2472 671 2527 ribus
701 2486 797 2539 est,
832 2475 1119 2543 maledicit,
1153 2494 1257 2533 non
1295 2478 1567 2542 iudic..tttr
1591 2477 1746 2532 relati
1779 2479 1826 2532 si
1876 2488 2059 2532 contra
2082 2478 2439 2533 inanimatam
2471 2478 2726 2548 quiddam
2751 2487 3171 2547 prteruntptuose
3199 2492 3255 2531 se
3277 2475 3518 2547 gesserit,
3543 2474 3635 2527 sed
3669 2481 3801 2525 tert-

534 2809 1683 2825 —~————-—.——~————-_——-
1696 2813 1887 2823 ...-

1196 3251 1425 3308 SERMO

504 3365 580 3421 De
608 3365 805 3436 Sigillis
832 3366 1073 3419 librorum
1093 3405 1107 3427 ,
1139 3373 1186 3419 et
1208 3362 1461 3433 quomodo
1490 3359 1658 3415 Filius
1700 3358 1853 3412 Patri
1874 3399 1888 3423 ,
1923 3355 2080 3411 Pater

608 3456 744 3513 Filio
768 3456 979 3526 oleret,
1007 3473 1067 3511 ac
1094 3457 1158 3512 de
1184 3456 1466 3512 Scrutaris
1491 3452 1844 3508 incarnatione
1873 3450 1970 3522 (a).

576 3555 625 3607 1.
655 3552 897 3622 Magnum
921 3550 987 3604 ad
1015 3551 1241 3604 salutem
1268 3548 1461 3602 animae
1484 3546 1738 3601 viaticum
1766 3552 1891 3599 sunt
1913 3556 2081 3597 sacrae

501 3646 816 3715 disciplina.
867 3643 1089 3707 Ferrum
1128 3643 1270 3699 eiiim
1311 3642 1489 3709 ferro,
1523 3640 1700 3694 anima
1744 3653 1874 3693 vero
1916 3637 2080 3692 verbo

499 3737 681 3791 divino
726 3737 984 3791 acuitur:
1018 3751 1153 3805 pane
1197 3748 1392 3803 corpus
1439 3734 1640 3798 alitur,
1687 3731 1850 3786 verbo
1896 3730 2078 3785 divino

494 3830 670 3882 anima
718 3828 957 3881 tinuatur
981 3844 995 3881 :
1020 3836 1074 3879 ut
1098 3825 1239 3887 :dicit
1265 3826 1425 3878 etiam
1465 3823 1676 3893 Moyses
1694 3863 1710 3889 ,
1740 3822 1936 3877 divinae
1962 3821 2064 3875 do-

494 3920 683 3973 ctrina:
718 3918 823 3972 vim
863 3918 1105 3971 altricem
1139 3915 1484 3971 subindicans
1516 3934 1531 3969 :
1566 3912 1687 3966 Nan
1718 3914 1771 3966 in
1810 3913 1918 3966 solo
1947 3928 2077 3981 pane

492 4011 609 4063 vivit
640 4010 808 4074 homo,
841 4010 929 4065 sed
954 4009 1007 4063 in
1033 4009 1169 4063 omni
1197 4008 1343 4063 verbo
1366 4008 1501 4077 quod
1531 4006 1757 4077 procedit
1786 4005 1849 4059 de
1876 4022 1962 4058 ore
1984 4003 2077 4057 Dei

494 4100 652 4167 (Deut
700 4102 754 4157 8.
784 4101 865 4171 5).
910 4101 1235 4155 Alimentntn
1278 4100 1439 4168 igitur
1474 4098 1667 4152 animae
1711 4096 1931 4151 verbum
1979 4095 2073 4150 Dei

488 4201 593 4247 est.
620 4191 749 4259 Qua:
771 4192 914 4247 enim
938 4192 1005 4247 ad
1032 4192 1317 4262 imaginem
1338 4189 1501 4245 Verbi
1521 4189 1782 4244 creatoris
1808 4186 1945 4242 facta
1965 4196 2067 4252 est,

491 4285 699 4339 ratione
728 4293 915 4338 ornata
942 4324 957 4347 ,
990 4292 1044 4338 et
1072 4283 1377 4337 rationabili
1404 4282 1618 4353 dignata
1650 4280 1895 4335 libertate
1917 4320 1932 4343 ,
1962 4293 2070 4348 quo

492 4375 660 4445 magis
683 4376 901 4445 proprio
916 4374 1172 4429 alimento
1193 4383 1387 4435 utatur,
1407 4387 1568 4441 quam
1592 4371 1756 4426 verbo
1779 4371 2064 4435 nutriente,

486 4468 819 4530 instituente,
849 4474 903 4520 et
926 4465 991 4519 ad
1016 4464 1286 4534 propriam
1314 4463 1414 4517 sibi
1443 4463 1747 4516 libertatem
1774 4462 1883 4515 cito
1910 4461 2066 4515 resti-

485 4558 707 4613 tuente?
736 4556 967 4613 Verbum
1010 4571 1175 4627 porro
1215 4555 1465 4620 dicimus,
1500 4553 1712 4616 fratres,
1748 4568 1854 4607 non
1884 4551 2066 4621 80μὶιί-

481 4651 615 4704 Stica
647 4648 908 4719 gravitate
939 4647 1004 4701 ad
1055 4647 1455 4717 persuasionem
1504 4645 1922 4705 concinnatum;
1968 4634 2062 4695 sed

480 4742 623 4811 quod
656 4742 774 4795 lidei
806 4740 1151 4811 simplicitate
1179 4738 1421 4793 veritatis
1451 4737 1814 4791 testimonium
1846 4734 2057 4789 habeat.

479 4833 669 4901 Spuria
712 4833 907 4902 quippe
934 4834 1225 4902 reputanda
1259 4840 1341 4887 est
1370 4831 1546 4886 omnis
1574 4831 1747 4884 virtus
1775 4838 1830 4883 et
1859 4828 1981 4882 vita:
2006 4836 2062 4882 et

479 4926 657 4989 verbi,
686 4941 804 4996 quae
834 4941 861 4976 a
891 4924 1070 4978 divino
1098 4924 1350 4993 Magistro
1378 4922 1642 4993 primitias
1674 4934 1778 4976 non
1806 4920 2015 4989 accepit
2040 4936 2053 4975 :

482 5030 529 5071 et
556 5028 810 5087 quantum
840 5016 1023 5070 umbra
1052 5031 1079 5068 a
1110 5030 1352 5085 corpore,
1381 5025 1435 5071 et
1458 5016 1723 5069 somnium
1753 5031 1781 5069 a
1809 5015 2052 5078 veritate,

477 5118 679 5161 tantum
705 5106 867 5163 distat
886 5122 916 5160 a
941 5122 1062 5161 vera
1091 5106 1182 5160 Dei
1209 5107 1485 5175 sapientia,
1518 5107 1603 5160 illa
1631 5098 1749 5175 quae
1777 5106 1829 5159 in
1857 5104 2053 5159 mundo

475 5200 733 5268 sapientia
766 5207 1063 5268 reputatur.
1098 5201 1434 5266 Quapropter
1470 5199 1654 5253 l‘eatus
1690 5198 1887 5252 Paulus
1912 5238 1926 5257 .
1960 5211 2051 5253 vas

466 5289 749 5345 electionis
774 5331 787 5354 ,
820 5289 910 5359 qui
940 5289 1228 5359 aliquando
1264 5303 1515 5358 egressus
1553 5297 1612 5343 ut
1651 5297 1865 5342 sanctos
1909 5288 2049 5343 male

471 5393 720 5448 cuperet,
764 5382 877 5450 ipse
920 5382 1139 5451 pulchre
1170 5390 1357 5451 captus
1384 5392 1466 5436 est
1494 5382 1559 5436 ad
1600 5383 1823 5445 salutem
1872 5382 2047 5435 homi-

470 5490 634 5538 num,
665 5473 802 5541 piam
842 5482 896 5527 et
940 5489 1116 5529 veram
1160 5472 1459 5528 doCtrinatn
1504 5476 1699 5543 spuria:
1730 5491 2043 5543 opponens,

465 5572 609 5621 clare
637 5566 848 5620 dicebat
881 5582 894 5619 :
929 5566 1247 5635 Sapientiam
1272 5576 1441 5621 autem
1472 5567 1723 5636 loquimur
1762 5568 1891 5622 inter
1931 5587 2047 5638 per-

523 5768 779 5840 (τῃεριιυια
798 5783 904 5840 cum
918 5769 1109 5840 duobus
1120 5784 1231 5840 mss.
1244 5773 1557 5840 r_egiis.Unus
1569 5776 1638 5840 sic
1654 5773 1842 5840 titulum
1859 5775 1995 5824 θΠριτε

422 5848 423 5851 η
444 5832 499 5877 Pi
516 5830 543 5879 ο
554 5832 673 5894 {este
685 5830 1003 5897 generatimis
1017 5832 1210 5895 Christi,
1226 5830 1587 5898 (‘thsostonttts
1605 5838 1664 5886 de
1678 5849 1697 5886 ε
1707 5835 1876 5901 ἑςὶιιιν.

2200 3276 2361 3345 fectos
2390 3293 2410 3331 :
2436 3278 2751 3345 sapientiam
2776 3294 2894 3333 vero
2919 3294 3018 3331 non
3044 3278 3203 3345 hujus
3228 3277 3435 3338 seculi,
3458 3276 3548 3331 sed
3572 3277 3669 3331 Dei
3692 3294 3791 3329 sa-

2191 3359 2434 3426 pientiam
2477 3360 2529 3411 in
2581 3358 2817 3427 mysterio
2860 3360 2936 3426 (l.
2969 3358 3087 3414 Cor.
3118 3360 3173 3414 2.
3201 3361 3284 3433 ϐ).
3330 3363 3600 3434 Sapientia
3650 3386 3786 3440 ergo

2186 3448 2340 3501 nobis
2369 3456 2452 3501 est
2491 3447 2801 3517 prophetica
2851 3449 3027 3521 lingua
3076 3460 3131 3506 et
3169 3454 3462 3524 apostolica
3505 3457 3787 3524 doctrina,

2184 3550 2344 3608 atque
2383 3540 2716 3609 evangelium
2758 3542 2954 3611 regni,
2999 3558 3209 3599 summa
3251 3547 3579 3603 rationabilis
3625 3562 3789 3621 pote-

2183 3631 2356 3685 statis.
2388 3632 2660 3702 Evangelii
2706 3647 2901 3688 nomen
2950 3650 3071 3688 cnm
3119 3637 3401 3705 audimus,
3436 3643 3664 3711 fratres,
3696 3646 3788 3699 di—

2181 3736 2341 3791 gnum
2366 3720 2524 3790 hujus
2548 3723 2781 3777 nominis
2802 3739 3018 3779 sensum
3046 3727 3426 3797 pereipiamus.
3455 3732 3600 3787 Multi
3625 3752 3785 3790 nam-

2181 3828 2285 3880 que
2313 3814 2529 3867 nomina
2557 3828 2702 3883 stepe
2729 3830 2795 3869 ex
2824 3815 3029 3884 vulgari
3074 3832 3174 3871 usu
3222 3820 3523 3890 cogitantes
3545 3866 3559 3883 .
3592 3842 3779 3884 rerum

2182 3902 2419 3971 ipsarum
2451 3906 2555 3958 vim
2589 3906 2859 3975 ignorant.
2903 3906 3179 3977 Evangelii
3227 3920 3405 3965 autem
3453 3930 3649 3970 nomen
3684 3936 3779 3977 res

2180 3994 2292 4064 ipsa
2315 3996 2440 4065 quid
2460 3996 2531 4050 sit
2552 3997 2750 4052 indicat
2771 4016 2784 4052 :
2806 3999 3119 4069 praeclaram
3142 4002 3285 4057 enim
3305 4004 3449 4060 illam
3468 4007 3775 4069 Servatoris

2178 4088 2531 4142 oeconomiam
2560 4089 2713 4144 nobis
2737 4090 3037 4157 annuntiat,
3062 4094 3205 4171 quod
3231 4094 3370 4151 Deus
3390 4112 3486 4167 per
3501 4113 3774 4158 Summam

2178 4178 2559 4249 benignitatem
2588 4180 2727 4250 apud
2758 4181 3003 4239 homines
3032 4184 3102 4242 sit
3129 4195 3391 4255 versatus,
3422 4205 3528 4246 non
3560 4205 3773 4251 interna

2177 4271 2262 4325 illa
2296 4272 2563 4342 dignitate
2602 4288 2697 4329 sua
2742 4274 3023 4345 deposita,
3078 4280 3174 4334 sed
3222 4282 3443 4337 salutari
3491 4300 3756 4360 assumpta

2174 4362 2542 4419 incarnatione
2567 4382 2579 4417 :
2605 4364 2848 4420 declarat
2875 4367 3030 4422 nobis
3047 4368 3400 4441 Evangelium
3428 4415 3444 4440 ,
3474 4377 3618 4445 quod
3653 4396 3771 4435 me-

2171 4453 2319 4508 dicus
2354 4470 2524 4525 :egros
2558 4456 2789 4523 adierit,
2827 4473 2931 4512 non
2973 4460 3274 4530 pharmacis
3311 4476 3599 4525 curaturus
3625 4460 3768 4531 {sed

2171 4554 2300 4600 nutu
2324 4547 2624 4601 clementia:
2647 4565 2759 4603 sua:
2783 4551 3143 4607 Valetudinem
3170 4555 3769 4620 inditurus:aunnnliat

2171 4636 2345 4703 nobis,
2374 4639 2516 4708 quod
2549 4642 2854 4695 errantibus
2884 4643 2963 4695 via
2996 4657 3291 4701 monstrata
3316 4649 3405 4715 sit,
3437 4653 3487 4705 in
3522 4658 3765 4711 tenebris

2166 4727 2481 4799 degentibus
2514 4732 2601 4787 lux
2634 4736 2983 4805 apparuerit,
3016 4736 3318 4808 desperatis
3344 4743 3493 4797 salus
3519 4746 3763 4804 advene-

2164 4820 2251 4874 rit.
2286 4821 2416 4889 Quia
2462 4824 2603 4877 enim
2648 4840 2678 4878 a
2725 4826 2839 4895 lege
2888 4827 3115 4882 instituti
3167 4845 3270 4884 non
3323 4834 3669 4904 resipuimus,
3704 4852 3761 4894 et

2166 4913 2437 4981 prophetis
2480 4918 2907 4973 monstrantibus
2939 4936 3046 4989 non
3079 4925 3313 4979 revocati
3345 4940 3528 4984 sumus
3565 4931 3631 4985 ad
3663 4948 3759 4987 co—

2159 5006 2449 5075 gnitionem
2504 5009 2788 5075 veritatis,
2835 5028 2956 5066 cum
3012 5014 3252 5085 ingratus
3299 5029 3485 5076 noster
3535 5026 3756 5081 animus

2160 5099 2334 5151 omnia
2370 5100 2421 5152 in
2452 5100 2749 5168 pericnlmu
2781 5104 3074 5172 coujicerct
3106 5108 3442 5179 humanaque
3468 5114 3756 5172 subverte-

2158 5199 2269 5255 ret;
2299 5190 2385 5244 ubi
2416 5192 2509 5246 Dei
2539 5192 2839 5263 benignitas
2868 5212 2966 5250 nos
2995 5198 3163 5264 vidit,
3196 5209 3249 5254 et
3278 5216 3307 5254 a
3340 5202 3472 5271 legis
3503 5204 3753 5262 instituto

2155 5280 2433 5348 defecisse,
2455 5292 2554 5338 eta
2579 5284 2959 5354 praplietarnm
2978 5288 3139 5344 ductu
3158 5289 3461 5355 deﬂexisse,
3483 5295 3752 5355 immensa

2156 5374 2391 5429 bonitate
2436 5391 2527 5431 sua
2568 5379 2917 5445 pervicaciam
2953 5391 3195 5437 nostram
3242 5384 3436 5439 dei-irit
3464 5430 3475 5451 ,
3502 5391 3749 5461 Etangc-

2153 5467 2385 5538 Iiumquc
2411 5469 2558 5537 regni
2586 5484 2685 5523 ceu
2714 5470 2977 5537 quoddam
3010 5472 3211 5542 regium
3237 5490 3431 5528 munus
3457 5494 3551 5545 pt‘r
3574 5491 3746 5538 totum

2149 5560 2333 5613 orbem
2367 5561 2671 5629 proposuit,
2706 5563 2861 5616 nobis
2892 5564 3127 5633 indignis
3158 5566 3340 5620 omnia
3374 5570 3604 5641 benigne
3633 5574 3747 5628 lar-

2147 5654 2286 5718 gitus
2317 5660 2418 5705 cst.
2454 5651 2653 5706 i’rmliit
2683 5669 2811 5723 ergo
2844 5655 3095 5711 salutaris
3131 5660 3300 5727 gratia
3330 5700 3344 5725 ,
3390 5677 3507 5730 quae
3552 5681 3746 5723 omnes

2151 5743 2443 5809 beneficiis,
2469 5744 2635 5815 iisque
2660 5746 2841 5811 variis,
2871 5747 3069 5813 affecit,
3097 5765 3285 5805 servos
3310 5752 3579 5821 liberavit,
3613 5774 3744 5826 pan-

2152 5848 2305 5900 p-res
2358 5832 2575 5902 ditavit,
2634 5838 2849 5893 exsules
2902 5838 3149 5908 reduxit,
3203 5843 3440 5912 captivos
3484 5846 3737 5903 redemit.
