4034 6404
156 442 261 501 εεδ

161 561 336 618 omnia
367 558 620 614 omnibus
650 556 788 611 facta
816 562 936 609 cst:
969 567 1073 606 non
1115 547 1254 619 quod
1297 560 1397 601 nos
1433 543 1580 614 digni
1605 555 1756 595 esse-

156 669 272 708 mus
302 697 316 718 ,
348 651 443 706 sed
477 661 698 720 propter
724 649 1016 702 bonitatem
1045 658 1165 713 qua:
1197 638 1498 694 beneﬁcum
1525 635 1713 690 deceat.
1739 651 1752 686 :

154 748 240 814 qni
271 761 395 798 cum
427 745 500 796 sit
527 754 718 795 natura
758 739 987 806 simplex
1013 778 1028 800 ,
1074 731 1414 788 indivisibilis
1439 772 1454 795 ,
1487 728 1576 798 qui
1609 726 1756 780 nulla

160 841 327 902 ligura
357 835 720 901 exprimatur,
752 831 865 898 ipse
899 830 1038 882 Dens
1063 825 1130 879 de
1163 825 1291 886 Deo,
1321 823 1500 890 imago
1526 816 1758 873 invisibi-

155 929 242 993 lis,
276 926 539 994 Splendor
571 924 748 994 glorice
775 932 821 973 et
849 922 1013 989 ﬁgura
1041 915 1336 970 substantiw
1367 911 1555 981 (Hebr.
1589 911 1639 962 1.
1674 906 1753 977 5),

156 1017 389 1072 diversis
416 1017 723 1082 appellatur
750 1010 1082 1073 nominibus,
1113 1022 1220 1060 non
1249 1020 1368 1075 qum
1396 1011 1601 1056 natura:
1627 1014 1757 1054 eon-

153 1110 395 1173 veniant,
421 1107 518 1163 sed
547 1121 664 1176 qua:
696 1101 1064 1157 beneﬁcentia:
1086 1104 1414 1166 competant.
1448 1095 1582 1160 Quia
1609 1091 1753 1146 enim

153 1204 334 1256 omnia
362 1202 594 1254 humana
618 1198 991 1261 conciderunt,
1011 1197 1064 1248 in
1094 1209 1153 1248 se
1176 1191 1357 1246 omnia
1380 1187 1605 1256 suscipit
1633 1201 1758 1255 pro-

155 1293 384 1362 prietate
412 1291 648 1361 qundam
694 1288 1087 1358 appellationes
1119 1285 1235 1338 illas
1265 1281 1567 1351 suscipiens
1587 1319 1603 1343 ,
1632 1291 1756 1346 qua:

150 1384 344 1452 gratiae
390 1383 570 1435 omnia
616 1379 894 1435 renovanti
936 1385 1269 1446 competant.
1317 1373 1515 1428 Fames
1556 1370 1755 1441 quippe

152 1489 347 1545 magna
377 1482 525 1538 erat,
559 1472 729 1526 tantes
764 1470 931 1524 divini
973 1467 1164 1533 verbi,
1198 1466 1367 1520 fames
1396 1478 1556 1533 quam
1594 1475 1756 1530 syna-

149 1580 303 1633 μενέω
343 1561 709 1616 comminatus
737 1568 820 1615 est
850 1560 1029 1623 Deus,
1061 1557 1248 1611 dicens
1273 1574 1286 1610 :
1312 1553 1515 1608 Mittam
1545 1551 1617 1604 eis
1652 1566 1754 1602 non

150 1658 340 1726 famem
373 1655 548 1723 panis,
594 1669 756 1722 neque
795 1652 932 1705 sitim
976 1664 1144 1721 aqua,
1175 1647 1265 1702 sed
1294 1650 1484 1718 [autem
1508 1641 1754 1696 audiendi

150 1747 289 1800 verbi
323 1746 529 1800 Domini
559 1745 756 1812 (Amos.
786 1744 839 1799 8.
867 1743 978 1814 11).

216 1839 274 1892 2.
307 1837 442 1894 Cum
467 1854 596 1908 ergo
622 1838 962 1906 conspiceret
994 1844 1161 1890 totum
1191 1833 1380 1888 orbem
1429 1829 1570 1884 fame
1592 1827 1747 1882 labo-

149 1947 272 1985 rare
299 1941 354 1984 et
379 1931 649 1993 deiicere;
681 1929 820 1998 quod
845 1929 989 1982 enim
1017 1934 1099 1981 cst
1119 1925 1223 1981 cibi
1255 1924 1476 1995 penuria
1509 1920 1748 1990 corpori,

150 2022 386 2091 idipsnm
432 2032 516 2075 est
569 2021 869 2090 ignorantia
908 2019 1140 2083 animae;
1186 2016 1305 2071 fons
1353 2015 1446 2070 ille
1485 2014 1750 2067 bonorum

149 2129 249 2183 per
280 2114 568 2184 Evangelia
597 2114 826 2166 clamat:
859 2109 973 2182 Ego
999 2126 1112 2164 sunt
1141 2109 1290 2178 panis
1311 2108 1398 2177 qui
1421 2105 1484 2159 de
1501 2105 1625 2159 cwlo
1663 2104 1756 2156 de-

147 2205 377 2266 scendit,
408 2214 458 2258 et
497 2204 583 2272 qui
623 2204 710 2256 dat
738 2203 891 2256 vitam
932 2200 1122 2253 nmndo
1161 2198 1339 2270 (Joan.
1369 2197 1420 2252 ϐ.
1443 2197 1559 2266 Η).
1592 2195 1753 2250 Panis

147 2298 348 2368 quippe
395 2297 608 2351 sensilis
636 2313 701 2351 ex
732 2307 901 2350 terra.
928 2293 1143 2365 prodit,
1177 2301 1237 2347 ut
1282 2290 1484 2346 dictum
1519 2298 1638 2354 est,
1682 2287 1751 2341 (Jt

147 2391 336 2442 educas
364 2405 547 2457 panem
574 2389 639 2441 de
669 2397 802 2441 terra
836 2385 1008 2458 (Psal.
1039 2384 1162 2440 103.
1189 2383 1276 2453 Η)
1307 2401 1318 2436 :
1346 2381 1581 2435 ca'lestis
1621 2393 1752 2432 vero

149 2480 305 2548 pzmis
330 2495 396 2532 es
441 2480 573 2532 cado
620 2479 890 2546 scaturit;
927 2476 1040 2547 Ego
1067 2477 1209 2528 enim
1255 2489 1367 2527 sum
1395 2472 1544 2543 panis
1571 2471 1658 2540 qui
1687 2469 1752 2523 de

147 2573 274 2623 arto
288 2570 568 2623 descendit.
587 2569 808 2623 Deserta
833 2570 1030 2639 quippe
1049 2577 1166 2622 erat
1182 2576 1320 2619 terra
1343 2562 1751 2629 sitiens,divino

148 2663 406 2715 destituta
434 2662 638 2725 verbo,
688 2661 948 2729 spirituali
996 2659 1308 2729 irrigatione
1349 2657 1576 2726 privata.
1611 2653 1751 2719 Quid

146 2753 322 2822 ergo?
351 2752 440 2805 illa
475 2755 588 2820 ipsa
629 2754 817 2820 gratia,
851 2767 972 2821 qua:
1001 2750 1260 2806 benelicia
1291 2748 1524 2812 emittit,
1566 2747 1748 2801 excla-

149 2852 258 2895 mat
287 2858 300 2894 :
337 2843 399 2896 Si
429 2845 542 2906 quis
567 2844 693 2902 sitit,
723 2844 886 2895 veniat
912 2841 980 2894 ad
1007 2857 1086 2894 me
1105 2853 1150 2894 et
1180 2839 1314 2894 bibat
1342 2838 1526 2906 (Joan.
1555 2839 1606 2892 7.
1631 2837 1746 2907 57).

145 2935 283 3000 Quia
327 2934 501 2987 enim'
531 2934 746 2987 diverso
789 2934 948 2986 modo
988 2933 1293 2985 clamabant
1344 2930 1660 3000 prepbettn,
1694 2937 1750 2983 et

145 3030 324 3082 omnis
353 3038 667 3081 sanctorum
700 3026 896 3080 chorus
937 3026 1056 3094 ejus
1084 3026 1372 3079 adventum
1418 3023 1705 3091 expetebat
1728 3064 1745 3090 ,

144 3121 369 3177 dicens:
402 3119 541 3172 Deus
561 3160 576 3184 ,
611 3118 749 3172 Deus
790 3135 930 3173 meus
959 3118 1029 3170 ad
1059 3127 1107 3170 te
1130 3117 1194 3170 de
1236 3117 1348 3170 iure
1379 3116 1530 3187 vigilo
1556 3135 1574 3167 :
1594 3115 1749 3169 sitirit

145 3213 324 3265 anima
380 3228 494 3264 mea
523 3212 593 3262 ad
638 3209 799 3263 Deum
847 3211 1013 3263 rivum
1045 3207 1221 3279 (Psal.
1249 3208 1341 3262 6‘2.
1370 3207 1424 3260 9...
1462 3218 1504 3260 et
1528 3209 1619 3261 41.
1645 3206 1702 3278 2)
1729 3224 1744 3273 ;

145 3314 202 3357 nt
229 3301 544 3357 ostenderet
568 3301 802 3369 seipsum
831 3316 953 3355 esse
983 3315 1142 3370 quem
1166 3300 1418 3354 sitiebant
1446 3299 1745 3368 prophetae,

145 3410 240 3462 per
272 3392 562 3462 Evangelia
594 3391 826 3445 clamat:
862 3391 923 3446 Si
947 3392 1061 3461 quis
1089 3392 1227 3455 sitit,
1271 3392 1436 3444 venint
1461 3391 1530 3443 ad
1573 3406 1671 3456 me,
1703 3399 1749 3443 et

143 3486 302 3537 bibat.
339 3483 397 3537 Si
424 3484 546 3552 quis
575 3492 659 3536 est
685 3483 771 3535 illa
805 3482 1032 3537 alit-ctus
1061 3483 1354 3552 cupiditate
1398 3499 1519 3554 qua:
1547 3482 1625 3537 sic
1652 3498 1747 3537 ex-

146 3576 421 3642 primitur,
457 3575 630 3629 Sitivit
657 3577 708 3628 in
738 3585 785 3629 te
813 3576 986 3628 anima
1017 3591 1159 3640 mea,
1194 3576 1374 3628 veniat
1421 3575 1495 3628 ad‘
1522 3591 1628 3631 me.
1656 3575 1750 3628 Vi-

143 3669 306 3721 debat
329 3681 518 3720 rursus
539 3666 725 3721 orbem
745 3668 964 3732 nudum,
994 3681 1099 3722 non
1127 3682 1375 3737 oorpore,
1401 3669 1494 3721 sed
1521 3672 1745 3726 virtute:

144 3759 365 3813 videbat
391 3757 663 3828 Opificium
686 3774 842 3812 suum
867 3800 882 3824 ,
927 3770 985 3813 et
1011 3760 1265 3814 misertus
1294 3771 1377 3814 est
1402 3760 1518 3830 eius
1537 3802 1553 3824 ,
1583 3777 1749 3832 seque

144 3851 322 3921 ipsum
346 3849 440 3905 dat
468 3849 626 3905 nudis
653 3850 1049 3915 indumentum,
1079 3861 1135 3903 ut
1154 3851 1266 3920 jam
1311 3861 1436 3906 ante
1466 3851 1699 3907 diximus
1731 3872 1744 3908 :

150 3943 475 4012 Quicumque
499 3942 552 3994 in
600 3941 858 3996 Christum
888 3943 1137 4012 baptismi
1187 3944 1303 3997 estis
1328 3985 1343 4009 ,
1377 3942 1632 3998 Christum
1663 3947 1747 3998 iu-

145 4036 331 4089 duisn's
360 4034 506 4104 (Gal.
537 4033 592 4088 ὅ.
621 4033 741 4105 27).
772 4033 1067 4089 Erraverat
1099 4042 1237 4089 terra
1268 4036 1408 4090 viam
1457 4053 1707 4107 quzerens
1731 4081 1747 4104 ,

148 4142 251 4182 nec
279 4127 563 4181 inveniens
606 4145 619 4180 :
654 4126 831 4180 omnis
873 4126 1075 4196 quippe
1105 4127 1283 4180 anima
1318 4142 1503 4182 semen
1538 4130 1748 4186 theolo-

148 4221 252 4288 gia:
282 4219 334 4272 in
384 4232 443 4272 se
476 4218 668 4283 habet;
701 4229 751 4272 et
785 4219 910 4272 licet
950 4219 1000 4271 in
1032 4234 1092 4273 se
1122 4218 1342 4274 haberet
1371 4263 1386 4285 ,
1434 4224 1746 4288 nesciebat,

146 4308 424 4378 quomodo
454 4309 504 4362 id
535 4309 677 4378 quod
706 4309 1046 4364 desiderabat
1073 4313 1428 4380 perquireret.
1459 4316 1594 4381 Quia
1619 4332 1749 4386 ergo

147 4409 395 4454 errantes
430 4403 569 4453 viam
598 4400 935 4470 ignorabant,
962 4400 1071 4472 Ego
1098 4420 1207 4456 sum
1236 4404 1315 4455 uia
1346 4402 1522 4474 (Joan.
1551 4407 1710 4476 14.6)
1732 4451 1746 4474 ,

150 4493 344 4560 inquit.
385 4494 455 4547 At
484 4504 726 4548 mortuus
759 4495 861 4547 es?
893 4492 1007 4564 Ego
1055 4512 1172 4549 sum
1225 4502 1525 4554 resurrectio
1547 4501 1565 4570 (
1586 4500 1746 4556 Joan.

148 4584 373 4657 11.25).
400 4585 469 4638 At
505 4584 750 4638 inﬁrmus
780 4600 839 4638 es
863 4627 877 4649 ,
921 4597 975 4639 et
1017 4586 1180 4642 ductu
1232 4604 1369 4659 Opus
1399 4591 1606 4646 babes?
1637 4595 1750 4663 Ego

150 4690 270 4730 sum
300 4677 447 4744 virga
481 4675 548 4729 de
594 4677 775 4731 radice
802 4676 957 4731 Jesse
980 4719 993 4737 .
1025 4693 1144 4747 qnze
1171 4692 1438 4735 sustentat
1471 4684 1709 4739 infirmos
1731 4729 1747 4754 ,

149 4769 214 4822 de
244 4783 350 4836 qua
379 4767 508 4820 dicit
537 4769 797 4836 prepbeta
827 4786 839 4820 :
869 4767 1026 4840 Virga
1053 4780 1139 4823 tua
1167 4783 1211 4823 et
1233 4772 1445 4828 baculus
1472 4785 1606 4841 tuus,
1636 4777 1748 4846 ipsa

147 4875 224 4910 me
251 4862 519 4911 consolata
547 4869 660 4912 sunt
689 4857 961 4926 (lsai.1|.
994 4859 1069 4930 1).
1096 4862 1206 4914 Cur
1241 4864 1387 4934 virga
1408 4907 1420 4929 ,
1456 4881 1554 4920 cur
1585 4867 1748 4922 bacu-

149 4951 270 5005 lus?
302 4951 438 5018 Quia
458 4953 602 5006 omni
634 4952 777 5005 aetati
801 4963 1115 5021 competunt
1144 4973 1157 5019 ;
1185 4957 1411 5024 juvenes
1440 4959 1745 5026 instituunt,

149 5059 306 5099 Senes
338 5045 574 5098 llrmant.
610 5045 826 5111 Verum,
856 5060 888 5099 ο
921 5047 1165 5109 Domine,
1195 5047 1513 5102 Esurirntrm
1542 5070 1618 5107 me
1650 5070 1746 5106 uu-

151 5137 351 5193 triuisti.
388 5136 577 5189 sitienti
607 5148 779 5206 potum
807 5139 1011 5200 dedisti,
1044 5141 1237 5194 nudum
1262 5145 1525 5211 aperuisti,
1559 5161 1747 5200 errau-

152 5236 256 5278 tcm
287 5227 572 5290 reduxisti,
605 5228 872 5280 infirmum
897 5233 1241 5297 sustentasti;
1272 5236 1409 5287 viam
1442 5235 1745 5304 ingressus,

153 5317 369 5384 pietatis
414 5318 635 5386 vestigia
685 5330 1007 5389 asscqnutns
1056 5336 1175 5374 sum
1209 5339 1221 5375 :
1255 5334 1462 5391 portam
1507 5328 1748 5384 veritatis

152 5424 333 5478 qurero
368 5427 382 5462 :
411 5411 530 5479 quis
561 5410 852 5465 ostendet?
877 5410 988 5482 Ego
1016 5430 1127 5467 sum
1148 5418 1331 5468 ostium
1366 5416 1545 5485 (Joau.
1568 5417 1653 5472 10.
1672 5418 1751 5489 9),

156 5514 249 5566 per
275 5516 362 5554 me
388 5499 618 5569 quisque
635 5501 700 5553 ad
731 5502 941 5556 Patrem
976 5504 1297 5574 ingreditur.
1327 5507 1427 5562 Per
1457 5516 1750 5580 te,quare?

154 5590 309 5644 Parta
339 5605 459 5644 Sum
489 5593 680 5647 salutis
705 5603 916 5662 aperta,
947 5612 1106 5663 quam
1137 5600 1328 5667 rpnerit
1351 5600 1539 5655 beatns
1559 5603 1746 5672 David,

153 5682 239 5751 qui
272 5698 396 5737 cum
431 5685 628 5738 multas
657 5687 982 5756 cogitasset,
1019 5707 1179 5742 unam
1213 5692 1460 5761 invenit,
1490 5706 1542 5749 et
1574 5698 1749 5766 primo

155 5772 280 5825 dicit
312 5789 327 5825 τ
356 5774 567 5842 Aperite
595 5778 720 5830 mihi
750 5790 923 5849 portas
958 5782 1213 5852 justitiaz;
1243 5786 1498 5855 ingressus
1547 5793 1598 5843 in
1626 5809 1710 5846 eas
1729 5832 1744 5857 ,

153 5859 433 5926 conﬁtebor
488 5863 706 5921 Domino
757 5870 928 5939 (l’sat.
962 5874 1048 5925 17.
1082 5875 1190 5943 19).
1221 5877 1558 5935 Postulatnm
1589 5898 1738 5938 asse-

459 5949 736 6017 Ps'rnot..
785 5957 903 6020 Gn.
952 5962 1173 6024 LXIII.

1447 425 1536 482 DE
1575 417 1864 480 SlGlLLlS
1901 415 2156 474 SERMO.

3369 429 3471 486 556

1870 544 2106 606 quutus,
2136 541 2197 591 ut
2239 534 2448 592 invenit
2478 535 2529 592 id
2561 536 2706 608 quod
2755 553 2862 594 non
2890 543 3237 612 exspectabat
3264 586 3280 613 ,
3311 525 3470 603 uitam

1871 624 2098 694 scilicet,
2132 645 2238 684 non
2267 630 2466 686 multas
2487 674 2503 695 ,
2537 633 2768 702 repetita
2796 650 2930 690 voce
2960 637 3095 693 dicit
3119 656 3134 694 :
3173 639 3300 696 Iltec
3325 657 3472 715 porta

1865 717 2122 785 Domini;
2163 722 2298 792 justi
2318 721 2589 777 intrabant
2634 725 2688 778 in
2732 742 2866 780 eam.
2917 728 3121 787 Deinde
3160 734 3472 804 pmphetit'a

1866 813 2074 867 visione
2104 823 2160 867 et
2184 813 2348 868 animi
2376 814 2648 870 desiderio
2670 816 2816 873 intus
2834 819 3132 889 ingressus,
3155 826 3308 893 quasi
3331 827 3469 880 intra

1867 905 2068 975 regiam
2091 907 2443 979 constitutus,
2466 906 2762 979 Conﬁtebor
2794 913 2906 978 tibi,
2933 915 3130 985 inquit,
3162 919 3284 985 quia
3309 936 3473 974 exau-

1865 997 1987 1050 disti
2010 1015 2109 1051 me.
2137 991 2251 1063 Dic,
2285 1001 2544 1070 prepbcta
2568 1013 2624 1060 et
2656 1005 2930 1078 theologe,
2959 1012 3236 1069 conﬁteris
3257 1027 3312 1072 et
3348 1033 3468 1089 gra-

1867 1089 1967 1141 tias-
1991 1090 2106 1156 agis
2142 1090 2298 1144 Deo?
2342 1093 2472 1160 quid
2503 1101 2914 1165 exspectatione
2947 1111 3033 1155 tua
3063 1103 3285 1174 dignum
3319 1109 3472 1164 inve-

1867 1179 1990 1232 nisti
2015 1178 2040 1232 ‘t
2064 1179 2164 1246 Qui
2197 1182 2424 1251 cupiunt
2444 1184 2494 1237 in
2516 1185 2736 1242 domum
2767 1191 2968 1262 regiam
3003 1193 3234 1265 ingredi,
3255 1211 3474 1268 sperant

1864 1283 1924 1324 se
1953 1270 2140 1325 oculos
2166 1273 2530 1330 cxsatiatnros
2564 1292 2688 1332 esse
2717 1284 3068 1351 Spectaculis,
3099 1288 3218 1342 auri
3245 1297 3304 1345 et
3330 1307 3475 1346 mar-

1872 1374 2084 1414 morum
2117 1359 2353 1432 fulgore,
2377 1363 2688 1422 divitiarum
2719 1372 2883 1427 variis
2908 1372 3132 1432 ﬂoribus
3157 1420 3172 1443 ,
3217 1382 3476 1438 satellitio

1863 1458 1919 1504 et
1943 1453 2082 1506 solio
2108 1455 2277 1524 regio,
2303 1471 2490 1526 regum
2522 1463 2846 1519 muneribus
2871 1481 2885 1519 :
2913 1465 3031 1522 hinc
3058 1469 3258 1540 singuli
3286 1474 3470 1530 videre

1864 1543 2167 1610 cupientes,
2199 1547 2403 1618 regiam
2435 1560 2719 1620 expetunt,
2748 1565 2804 1610 et
2828 1556 3108 1614 desiderio
3140 1563 3356 1619 ardent.
3389 1566 3470 1622 Tu

1866 1647 2008 1727 vero
2026 1636 2153 1703 quid
2181 1637 2463 1696 desideras
2490 1657 2680 1698 eorum
2706 1686 2721 1710 ,
2747 1662 2867 1717 quae
2909 1650 3187 1720 ingressus
3219 1670 3315 1724 per
3344 1672 3469 1727 por-

1864 1730 1973 1822 tam
2000 1725 2249 1822 invenisti
2272 1730 2296 1783 2
2324 1732 2394 1786 de
2423 1748 2526 1803 qua
2552 1750 2609 1790 re
2636 1739 2838 1808 gratias
2867 1743 3027 1812 agis?
3055 1747 3185 1816 quid
3218 1725 3469 1822 magnum

1862 1818 2156 1874 invenisti?
2184 1823 2312 1890 quid
2365 1826 2660 1894 cupiditate
2703 1830 2966 1901 dignum?
2997 1841 3209 1909 explica
3253 1818 3472 1905 tle—side-

1863 1909 2001 1963 rinm
2030 1922 2200 1977 tuum,
2230 1929 2298 1969 ne
2320 1914 2544 1973 Judaica
2575 1921 2908 1990 impudentia
2936 1931 3219 1988 veritatem
3261 1939 3470 1996 calum-

1861 2002 2062 2095 nietur.
2093 2003 2230 2071 Quid
2262 2007 2554 2064 invenisti?
2579 2015 2706 2082 quid
2736 2018 3035 2084 przcdicas?
3063 2026 3190 2095 quid
3220 2031 3471 2089 miraris?

1859 2094 2172 2161 Christum,
2207 2099 2410 2167 inquit,
2446 2101 2660 2172 inveni,
2690 2105 2892 2165 Christi
2923 2094 3284 2174 (econontiam
3321 2127 3467 2192 vidi,

1861 2202 2053 2292 novam
2080 2193 2308 2264 gratiam
2333 2234 2349 2259 ,
2402 2211 2600 2251 novum
2632 2199 2949 2260 beneﬁcium
2973 2251 2986 2272 ,
3015 2211 3308 2280 gloriosam
3342 2236 3468 2289 pas-

1859 2295 2091 2346 sionem,
2121 2299 2381 2342 arcanum
2413 2293 2733 2362 mysterium
2756 2313 2772 2353 :
2795 2297 2911 2355 lucc
2935 2303 3113 2372 video,
3141 2307 3256 2365 lucc
3278 2314 3467 2384 miror,

1860 2373 2075 2471 pro-bis
2101 2377 2304 2445 gratias
2335 2395 2456 2450 ago,
2492 2382 2718 2441 dicens:
2743 2386 3037 2459 Conﬁtebor
3066 2399 3179 2464 tibi,
3225 2407 3348 2471 quia
3375 2373 3467 2462 ex:

1857 2464 2048 2571 nudisti
2071 2482 2171 2571 me,
2199 2477 2250 2571 et
2275 2471 2445 2571 [nitus
2470 2491 2524 2529 es
2542 2477 2668 2531 mihi
2687 2479 2739 2533 in
2756 2481 2978 2539 salutem
2996 2487 3170 2560 (Psal.
3197 2464 3322 2551 117.
3346 2498 3464 2571 21).

1858 2554 1976 2609 Non
2033 2559 2156 2614 celo
2197 2562 2521 2622 beneﬁcium
2547 2610 2562 2634 ,
2598 2587 2708 2626 non
2740 2554 3022 2636 abscondo
3064 2583 3341 2658 salutem,
3370 2554 3467 2650 sed

1858 2653 2219 2750 (Economiam
2256 2663 2555 2750 annuntio.
2585 2663 2840 2735 Lapidem
2886 2689 3036 2744 quem
3067 2653 3468 2749 reprobaoerunt

1856 2740 2173 2851 fdi/icon!“
2197 2785 2212 2810 ,
2243 2746 2328 2851 hic
2353 2754 2523 2851 factus
2550 2765 2623 2809 est
2652 2757 2706 2811 in
2732 2740 3094 2834 caputtanguti
3124 2740 3242 2840 '(Ib.
3271 2791 3319 2830 ν.

1860 2833 2338 2937 Υιιιίὶηἰιυοιηοάο
2363 2849 2656 2916 gratiarum
2675 2853 2820 2909 actio
2846 2833 3469 2937 historiam‘aperuerit’?

1857 2925 2149 3028 ilonﬁtebor
2183 2933 2292 2999 tibi,
2321 2940 2566 3006 quoniam
2602 2947 2859 3001 exaudiui
2881 2967 2980 3018 me,
2999 2964 3048 3006 et
3066 2925 3238 3028 factus
3266 2925 3469 3020 es

1940 3025 2180 3125 salutem.
2215 3027 2469 3100 Lapidem
2501 3051 2649 3101 quem
2681 3021 3077 3108 reprobauerunt
3112 3024 3487 3125 wdi/icantes;

1857 3115 1940 3169 hic
1961 3117 2129 3186 factus
2156 3131 2230 3174 est
2250 3122 2304 3175 in
2333 3134 2488 3192 caput
2516 3130 2720 3199 anguli.
2751 3131 2942 3189 Viden'
2965 3115 3242 3206 quomodo
3287 3115 3469 3206 multis

1857 3211 2243 3280 prophetarum
2274 3221 2610 3287 exspectatio
2659 3223 2830 3293 ipsam
2877 3236 3238 3291 oeconomiam
3289 3244 3466 3313 respi-

1857 3303 1985 3407 cia-t.
2018 3315 2073 3358 et
2099 3305 2377 3407 Dliristum
2407 3310 2684 3370 desideret
2714 3317 2767 3372 in
2797 3318 3070 3396 synagoga
3102 3303 3421 3391 contentum
3446 3381 3463 3407 ,

1857 3395 1951 3497 sed
1981 3398 2120 3465 apud
2150 3408 2342 3468 gentes
2370 3404 2724 3497 celebratum.
2759 3410 2946 3482 Itaque
2969 3457 2984 3482 ,
3016 3395 3077 3473 ut
3102 3422 3170 3476 ad
3222 3395 3471 3497 protrusi:

1860 3493 1969 3540 tum
1999 3500 2364 3558 revertamur,
2406 3496 2448 3547 si
2484 3508 2695 3565 portam
2721 3518 2960 3572 quaeras,
2994 3509 3271 3572 Christum
3310 3493 3465 3578 inve-

1857 3579 1996 3632 nies.
2027 3580 2093 3633 Et
2138 3597 2270 3638 sane
2294 3625 2310 3650 ,
2340 3585 2552 3657 inquies
2574 3631 2589 3655 ,
2621 3605 2772 3661 porta
2825 3609 2906 3652 cst
2950 3600 3020 3656 ob
3077 3604 3466 3680 benignitatem

1857 3686 2029 3724 suam.
2064 3674 2167 3728 Sed
2200 3677 2321 3746 quia
2345 3695 2480 3748 opus
2510 3691 2595 3736 est
2613 3685 2686 3751 ei,
2717 3689 2809 3756 qui
2837 3688 2891 3744 in
2922 3694 3129 3763 regiam
3157 3674 3296 3756 et‘in
3329 3714 3470 3761 tem-

1859 3766 2006 3833 plum
2041 3767 2138 3821 Dei
2167 3769 2490 3840 ingreditur,
2520 3785 2578 3828 ut
2627 3778 2909 3837 ductorem
2943 3801 3012 3840 eo
3040 3805 3152 3858 quo
3193 3791 3300 3850 fert
3345 3800 3468 3854 ani-

1857 3872 1977 3910 tuus
2009 3858 2204 3914 habeat
2237 3864 2425 3934 (nemo
2452 3868 2600 3924 enim
2639 3873 2705 3926 ad
2755 3874 2929 3932 altare
2977 3882 3239 3940 accedere
3284 3891 3426 3947 ausit
3453 3937 3465 3956 .

1859 3949 1961 4048 nisi
1992 3952 2250 4048 sacerdos
2278 3955 2443 4028 adsit)
2468 3975 2483 4023 ;
2511 3975 2634 4015 cum
2667 3981 2761 4032 per
2793 3979 3004 4037 portam
3046 3974 3324 4046 ingressus
3347 3949 3465 4040 DIC"

1859 4041 1933 4132 iis
1953 4081 1968 4106 ,
1997 4041 2172 4110 ipsmn
2203 4047 2544 4105 sacerdotem
2579 4053 2822 4113 invenies
2853 4102 2866 4125 ,
2903 4062 2994 4132 qui
3026 4073 3080 4120 te
3104 4041 3415 4129 'admoveot
3451 4095 3463 4127 :

1857 4129 1935 4182 Tu
1963 4135 2106 4185 enim
2141 4151 2196 4187 es
2219 4140 2457 4193 sacerdos
2503 4143 2556 4196 in
2611 4157 2858 4202 tuternum
2911 4157 3195 4212 secundum
3234 4164 3466 4220 ordinem

1861 4221 2239 4281 Melchisedech
2274 4228 2447 4299 (Psal.
2483 4235 2609 4291 109.
2637 4239 2716 4310 4).
2746 4240 2852 4296 Sed
2887 4259 3024 4315 Opus
3074 4248 3237 4309 habet
3276 4270 3466 4314 sacer-

1857 4316 1956 4410 dos
2004 4317 2176 4410 hostia
2229 4331 2280 4377 et
2325 4324 2578 4394 victima,
2612 4340 2671 4385 ut
2699 4332 2868 4389 Deum
2919 4343 3209 4410 propitium
3254 4349 3460 4406 reddat.

1859 4407 1977 4476 Ipse
2007 4409 2098 4464 tibi
2128 4412 2338 4510 victi-ma
2372 4425 2455 4471 est
2477 4435 2489 4470 :
2513 4418 2839 4510 EcceAgnus
2858 4407 2974 4495 Dei,
3006 4407 3098 4499 qui
3123 4437 3257 4492 tollit
3282 4458 3463 4510 pecca-

1858 4513 1963 4597 tum
1989 4505 2170 4557 mundi
2199 4505 2385 4575 (Joan.
2418 4509 2603 4586 1.29).
2634 4515 2760 4571 "asc
2786 4523 2965 4577 omnia
2991 4538 3212 4597 propter
3242 4505 3294 4587 te
3311 4535 3465 4589 audi-

1855 4595 1978 4649 visti
2002 4597 2025 4650 ?
2052 4599 2176 4652 andi
2199 4599 2310 4668 jam
2364 4617 2588 4676 prepter
2618 4609 2815 4677 ipsum.
2840 4614 2918 4671 Ne
2941 4595 3107 4675 sistas
3129 4623 3376 4682 intuitum
3413 4631 3464 4684 in

1856 4687 2144 4743 sacerdotii
2167 4691 2358 4747 ordine
2387 4735 2402 4760 ,
2437 4711 2506 4751 ne
2534 4703 2796 4768 respicias
2827 4706 2975 4762 illum
3014 4721 3072 4764 ut
3123 4718 3460 4778 sacerdotem

1854 4779 2202 4844 adstantem;
2244 4787 2338 4841 sed
2389 4793 2605 4860 respice
2637 4793 2787 4850 illum
2820 4815 2920 4869 per
2946 4819 3099 4860 suam
3145 4810 3458 4881 dignitatem

1853 4890 1976 4967 cum
2016 4877 2176 4930 Pal-re
2205 4878 2512 4937 sedentem.
2549 4886 2748 4944 Verum
2779 4907 2846 4947 ne
2872 4895 3036 4966 adsit,
3071 4877 3314 4963 veritatis
3354 4912 3460 4967 ini-

1859 4966 2049 5028 iniens,
2084 4968 2174 5036 qui
2204 4970 2307 5024 alia
2339 4975 2564 5042 adimat,
2596 4980 2702 5034 alia
2735 4984 2892 5040 celet.

1888 5149 1898 5158 .
1927 5056 2384 5160 Contra-Aricinos.
2416 5099 2487 5108 -—-
2517 5070 2649 5127 Novi
2685 5075 2999 5139 hmreticnm
3029 5095 3336 5163 quempiam
3370 5116 3463 5156 ve~

1856 5151 2030 5201 ritalis
2071 5151 2359 5209 inimicum
2407 5174 2552 5229 sa-pe
2603 5164 2853 5226 dixisse:
2900 5151 3093 5232 Viden’
3137 5151 3244 5240 non
3301 5151 3461 5258 posse

1856 5245 2165 5344 quempiam
2197 5249 2260 5299 ad
2291 5250 2507 5307 Patrem
2541 5260 2803 5318 accedere
2837 5266 2957 5323 sine
2989 5271 3171 5330 Filio?
3200 5245 3462 5340 mediatn:

1858 5338 1933 5447 ris
1954 5338 2151 5406 quippe
2177 5341 2423 5398 ordinem
2457 5355 2604 5405 tenet
2635 5368 2698 5408 ac
2728 5359 2988 5436 ministri,
3012 5369 3101 5438 qui
3133 5387 3229 5428 eos
3257 5338 3464 5447 quiisas

1861 5429 2024 5482 lntem
2059 5447 2465 5503 consequuntur
2497 5443 2640 5500 Patri
2675 5431 2856 5508 oﬂ'ert.
2886 5429 3210 5524 Quia.enim
3248 5429 3462 5541 ίῖιξιύἶξ,

1860 5537 1996 5623 nova
2037 5528 2311 5631 lsapicntin
2353 5534 2640 5594 veritatem
2697 5544 2982 5616 immuni;
3033 5570 3208 5626 neque
3255 5528 3465 5631 paler";

1857 5615 2003 5715 0"th
2037 5615 2268 5670 humana
2301 5632 2487 5676 natura
2515 5644 2612 5697 per
2639 5646 2697 5685 se
2719 5637 2786 5688 ad
2815 5615 2978 5696 Deum
3007 5615 3273 5708 accedere

1858 5707 2068 5804 medius
2095 5711 2234 5804 inter
2271 5725 2506 5772 creatam
2538 5732 2593 5776 et
2643 5724 2938 5786 increatam
2991 5707 3265 5798 naturam,

1857 5799 2117 5897 pullulum
2147 5800 2306 5860 ollert
2361 5809 2492 5866 Deo.
2525 5813 2571 5869 Ο
2621 5834 2817 5876 novam
2856 5826 3122 5886 insaniam
3152 5835 3167 5888 l
3200 5853 3232 5891 ο
3265 5799 3463 5897 novam

1859 5888 2124 5948 tabulam!
2161 5900 2630 5963 excelleusl’a'ris
2697 5914 2913 5975 bonitas
2943 5888 3480 6005 periclitatur-apud

3030 6011 3112 6072 27
