4034 6408
603 407 706 463 555

608 520 918 589 haereticos,
940 517 1029 589 qul
1057 512 1352 572 divinitatis
1391 511 1698 583 dignitatem
1727 512 2032 567 obscurant.
2064 509 2170 565 Vc-

607 624 721 663 rum
752 610 1125 668 haereticorum
1157 604 1365 661 insania
1397 604 1624 672 ferocit;
1658 603 1963 659 Servatoris
1992 611 2170 656 autem

607 708 841 767 potestas
893 714 995 752 non
1052 696 1352 754 minuitur.
1410 694 1576 765 gloria
1628 707 1732 748 non
1781 693 2170 762 exstinguitur,

605 790 770 855 gratia
820 803 926 842 non
954 787 1234 843 evertitur.
1265 786 1324 841 Si
1355 802 1446 839 nos
1470 826 1485 850 ,
1538 785 1745 854 inquit,
1787 783 2130 853 negaverimus
2153 822 2167 847 ,

605 882 692 935 ille
734 881 901 949 ﬁdelis
953 890 1117 933 manet
1163 877 1259 950 (2.
1286 877 1414 932 Tim.
1438 875 1490 930 2.
1523 877 1656 945 15):
1700 876 1931 945 seipsttm
1979 875 2174 944 quippe

606 987 798 1040 negare
827 986 932 1024 non
964 979 1159 1041 potest.
1195 969 1307 1023 Una
1355 967 1504 1020 sedet
1534 968 1602 1022 ob
1648 965 1956 1036 dignitatem
1987 979 2169 1026 suam;

603 1072 708 1115 stat
735 1075 866 1115 vero
894 1071 955 1114 ut
981 1059 1231 1114 sacerdos
1259 1060 1330 1112 ob
1359 1058 1460 1112 sibi
1496 1057 1740 1116 innatam
1766 1057 2168 1126 benignitatem.

672 1151 727 1207 5.
758 1151 823 1204 Et
849 1166 961 1204 rem
1005 1151 1193 1204 miram
1221 1147 1523 1211 considera,
1562 1148 1744 1203 frater.
1774 1147 1905 1215 Quia
1935 1148 1987 1200 in
2033 1147 2170 1200 servi

605 1241 848 1296 ordinem
873 1251 927 1296 et
955 1241 1181 1296 ministri
1213 1241 1434 1294 formam
1471 1237 1586 1293 h:t:c
1627 1240 1790 1293 verba
1817 1237 2170 1305 detorquent,

608 1333 771 1387 Nemo
821 1336 955 1388 venit
992 1335 1058 1386 ad
1101 1331 1304 1386 Patrem
1329 1371 1344 1394 ,
1374 1332 1469 1384 nisi
1501 1347 1588 1400 per
1636 1345 1714 1383 me
1760 1329 1939 1400 (Joan.
1977 1328 2062 1382 14.
2092 1326 2168 1397 6).

603 1426 964 1481 necesSariunt
995 1434 1075 1479 est
1120 1424 1187 1479 ad
1217 1423 1501 1477 ltzereticos
1542 1422 1826 1491 impietatis
1854 1422 2056 1475 crimen
2084 1436 2174 1474 re-

521 1552 530 1559 -
606 1528 876 1587 torquere.
904 1517 958 1572 Si
989 1515 1130 1582 quod
1161 1515 1302 1570 Patri
1333 1513 1499 1568 Filius
1526 1513 1737 1578 offerat,
1771 1512 1822 1565 id
1853 1511 2165 1580 dignitatem

606 1608 882 1663 offerentis
913 1606 1092 1671 tollit;
1125 1607 1166 1659 si
1199 1605 1407 1660 Patrem
1437 1603 1619 1658 videas
1647 1603 1786 1659 Filio
1833 1602 2167 1666 offerentem,

603 1700 727 1754 illuc
755 1699 1080 1766 impietatem
1107 1697 1371 1751 extendis.
1395 1696 1622 1750 Maxime
1657 1711 1785 1764 ergo
1810 1734 1824 1758 ,
1856 1693 1982 1747 dnttt
2012 1694 2171 1762 impie

601 1794 713 1861 agis
757 1790 810 1845 itt
855 1789 1080 1854 Filium,
1135 1789 1184 1841 itt
1238 1787 1446 1863 Patrem
1500 1787 1854 1855 blaSphentas.
1891 1784 1958 1840 Ut
2004 1799 2168 1853 ergo,

604 1882 813 1946 fratres,
843 1881 894 1933 in
924 1879 1088 1934 verbo
1121 1878 1331 1947 pictatis
1352 1885 1405 1931 et
1430 1876 1670 1931 veritatis
1701 1875 1994 1945 nequitiam
2017 1890 2168 1928 com-

604 1974 892 2041 pritnanms
918 2011 931 2034 ,
966 1980 1018 2024 et
1068 1971 1207 2038 pi:t‘.t
1252 1971 1569 2023 sententiam
1615 1967 1950 2022 declaretnus
1977 1967 1995 2035 (
2022 1963 2173 2018 Vivus

601 2076 672 2118 est
701 2065 830 2117 enim
857 2079 1017 2116 sermo
1048 2061 1142 2116 Dei
1164 2071 1208 2115 et
1236 2061 1428 2133 eﬂicax,
1454 2071 1500 2115 et
1519 2060 1873 2130 penetrabilior
1893 2061 2027 2113 omni
2059 2059 2174 2128 gla-

602 2155 686 2208 dio
712 2155 916 2224 ancipiti
946 2153 1143 2227 [Helm
1172 2155 1224 2209 4.
1254 2151 1360 2226 t2]
1396 2172 1408 2207 :
1438 2153 1672 2224 gladium
1694 2151 1978 2222 ancipitem
1998 2161 2172 2215 vocat,

602 2248 724 2316 quia
755 2246 948 2316 duplici
993 2247 1155 2299 utitur
1183 2260 1431 2301 sermone
1453 2286 1467 2307 ,
1487 2245 1590 2300 alio
1623 2247 1899 2308 ﬁrmante,
1923 2243 2029 2297 alio
2051 2241 2177 2296 sub-

603 2346 873 2396 vertente;
901 2335 1240 2390 subvertente
1265 2335 1623 2400 adversarios,
1655 2335 1897 2389 ﬁrmante
1920 2334 2175 2388 domesti-

602 2445 694 2483 cos
726 2427 899 2496 ﬁdei):
919 2427 1037 2480 audi
1065 2427 1234 2495 ipsum
1264 2427 1541 2480 Dominum
1565 2425 1827 2480 dicentem
1854 2443 1868 2479 :
1895 2424 2058 2477 Nemo
2083 2440 2175 2494 po-

602 2529 692 2574 test
719 2520 880 2574 venire
901 2517 968 2570 ad
988 2535 1065 2572 me
1086 2557 1103 2584 ,
1128 2518 1224 2570 nisi
1246 2515 1400 2571 Pater
1427 2533 1564 2570 meus
1585 2516 1796 2570 mlestis
1826 2517 2032 2569 traxerit
2061 2531 2175 2568 eum

605 2610 846 2682 (Joan.6.
873 2611 985 2682 ιι).
1015 2610 1381 2666 Necessarium
1411 2619 1587 2664 autem
1609 2618 1711 2674 est,
1741 2610 1948 2676 fratres,
1978 2625 2039 2664 ea
2056 2624 2175 2679 quae

604 2711 898 2771 opportuna
939 2710 1062 2755 sunt
1079 2700 1344 2756 haereticis
1373 2700 1554 2755 dicere
1578 2740 1594 2765 ,
1617 2711 1669 2755 et
1692 2700 1830 2756 hanc
1854 2701 2173 2755 sententiam

605 2791 725 2846 ﬁdei
757 2791 878 2846 ﬁliis
902 2786 1192 2846 inculcare.
1215 2791 1320 2846 Cur
1342 2791 1484 2845 illam
1502 2791 1821 2846 oblationem
1848 2791 2174 2861 unigenitum

604 2885 694 2938 Dei
711 2882 940 2938 Verbum
971 2883 1166 2948 divisit,
1200 2883 1357 2938 modo
1372 2882 1554 2938 dicens
1567 2882 1635 2937 ab
1649 2898 1706 2938 se
1719 2881 1883 2948 Patri,
1898 2882 2054 2938 modo
2078 2883 2175 2938 sibi

604 2988 632 3026 a
660 2972 815 3028 Patre
842 2971 1057 3027 offerri?
1087 2987 1258 3042 neque
1296 2973 1438 3027 enim
1457 2987 1516 3028 ea
1533 2971 1731 3042 quzead
1761 2971 1992 3027 divinam
2025 2982 2176 3028 natu-

603 3079 715 3117 ram
735 3047 1404 3132 pertinentconfunduntur
1420 3080 1435 3128 ;
1454 3061 1547 3118 sed
1563 3066 1778 3117 verbum
1803 3065 2040 3119 veritatis
2065 3064 2174 3133 pla-

603 3168 727 3206 num
754 3162 804 3205 ct
828 3151 1130 3207 distinctum
1149 3163 1248 3216 est,
1279 3151 1406 3206 nihil
1433 3154 1633 3207 habens
1652 3154 1924 3222 obliquum
1954 3167 2044 3208 aut
2068 3166 2175 3210 tor-

604 3253 811 3299 tuosum
841 3262 853 3298 :
882 3244 1063 3297 Unities
1081 3244 1219 3297 enim
1254 3245 1342 3296 via:
1358 3243 1560 3296 Domini
1581 3255 1728 3298 recta:
1750 3243 1917 3313 (Psal.
1941 3244 2030 3301 24.
2060 3247 2170 3316 10).

676 3334 812 3388 Deus
837 3337 1085 3406 quomodo
1112 3345 1225 3402 stet,
1248 3336 1500 3401 quomodo
1531 3336 1716 3389 sedeat.
1742 3365 1809 3375 —
1843 3337 1976 3390 Nunt
2004 3353 2135 3408 ergo
2155 3381 2168 3404 ,

607 3426 820 3490 fratres,
845 3424 1022 3487 Pater.
1058 3425 1216 3478 modo
1244 3426 1435 3479 sedens
1465 3427 1764 3495 primasque
1805 3439 2010 3495 tenens,
2030 3429 2176 3483 obla-

605 3527 687 3570 tos
717 3517 932 3584 recipit;
967 3516 1124 3570 modo
1154 3515 1321 3578 Filio,
1351 3517 1400 3568 in
1450 3517 1594 3585 regio
1627 3518 1807 3570 habitu
1862 3520 2066 3573 sedenti
2115 3531 2168 3573 et

605 3608 802 3677 primas
835 3609 1056 3670 tenenti,
1086 3607 1324 3660 debitunt
1357 3607 1534 3661 reddit
1561 3621 1614 3661 et
1647 3610 1697 3662 in
1729 3612 1958 3664 ministri
1985 3613 2173 3667 ordine

604 3697 861 3765 quosdam
892 3698 1025 3752 Filio
1057 3697 1249 3752 aﬁ‘ert?
1274 3698 1426 3752 Absit
1454 3718 1466 3751 :
1501 3715 1621 3751 nam
1665 3700 1715 3752 in
1767 3701 1873 3754 Deo
1897 3742 1911 3763 ,
1942 3717 2062 3755 cum
2091 3718 2176 3756 se-

608 3789 729 3842 dem
759 3789 878 3856 quis
907 3789 1166 3853 nominat,
1214 3804 1316 3843 non
1347 3789 1506 3843 debet
1535 3789 1825 3844 humanum
1855 3793 2052 3861 aliquid
2083 3809 2175 3848 co-

612 3879 782 3947 gitare
808 3894 822 3941 ;
850 3893 1022 3946 neque
1053 3893 1171 3930 cum
1204 3889 1346 3930 stare
1378 3879 1516 3931 Deus
1549 3880 1761 3943 dicitur,
1791 3882 1839 3933 id
1871 3883 2031 3936 debet
2075 3884 2174 3934 hu-

607 3980 774 4020 mano‘
795 3983 944 4022 more
990 3966 1227 4035 intelligi.
1255 3966 1309 4020 Si
1341 3967 1504 4020 Deum
1555 3979 1699 4022 state
1730 3971 1911 4023 audias
1936 4013 1950 4036 ,
1984 3973 2176 4026 divina:

609 4059 916 4112 substantiae
947 4067 1145 4111 rectam
1176 4057 1478 4111 ﬁrmitatem
1528 4059 1763 4128 intelligo
1795 4079 1804 4111 :
1837 4063 1877 4113 si
1924 4063 2067 4131 legas
2094 4065 2175 4119 vel

609 4149 791 4203 audias
815 4150 984 4217 ipsum
1015 4147 1222 4210 sedere,
1250 4148 1623 4202 inconcuSsam
1654 4151 1821 4204 beata:
1846 4161 2047 4207 natura!
2073 4165 2181 4208 sta-

611 4239 866 4295 bilitatem
905 4241 1097 4310 Cogita.
1128 4239 1246 4308 Ipse
1273 4239 1402 4293 dicit
1431 4256 1487 4295 se
1520 4252 1661 4296 stare
1688 4253 1742 4297 et
1763 4243 1951 4298 sedere
1976 4265 1988 4299 :
2010 4247 2177 4318 Moysi

609 4331 737 4385 dicit
764 4348 777 4384 :
809 4328 888 4383 Tu
917 4340 993 4382 sta
1013 4331 1093 4382 Itic
1125 4347 1331 4384 mecum.
1359 4330 1424 4383 Et
1447 4342 1551 4384 erat
1579 4332 1719 4386 locus
1748 4335 1829 4387 ubi
1851 4338 2010 4389 stabat
2040 4337 2177 4393 Deus

614 4421 778 4476 Israel
801 4462 815 4486 ,
863 4421 1006 4491 quasi
1045 4421 1173 4491 lapis
1202 4423 1430 4492 sappltiri
1456 4423 1647 4494 (Exod.
1677 4426 1764 4480 54.
1788 4427 1840 4480 2.
1865 4439 1908 4480 et
1943 4428 2032 4482 21.
2065 4431 2174 4502 10).

612 4514 902 4583 Diligenter
926 4511 1290 4567 animadverte
1335 4532 1347 4566 :
1380 4514 1586 4584 Moyses
1627 4526 1854 4572 stantem
1904 4520 2072 4586 dicit,
2127 4533 2180 4577 et

611 4607 750 4662 Deus
775 4605 938 4677 Moysi
969 4605 1120 4673 quasi
1146 4613 1312 4670 stans,
1338 4605 1465 4658 dicit
1492 4624 1504 4659 :
1535 4606 1628 4660 Sta
1654 4625 1868 4664 mecum.
1888 4612 2024 4677 Quid
2051 4629 2179 4683 ergo

610 4711 919 4752 censeamus
945 4696 1011 4750 de
1035 4695 1266 4751 Jeremia
1289 4696 1522 4762 dicente,
1541 4697 1620 4751 Tu
1640 4699 1815 4754 sedens
1837 4702 1888 4754 in
1913 4705 2178 4770 steculum,

613 4799 669 4843 et
706 4804 803 4842 nos
850 4789 1086 4858 perimus
1136 4789 1186 4840 in
1219 4789 1514 4843 saeculum?
1543 4789 1713 4844 Sedes
1755 4803 1808 4846 et
1854 4796 2010 4849 statio
2056 4807 2181 4850 sunt

612 4884 837 4936 humana
857 4881 1038 4942 verba,
1069 4879 1160 4933 sed
1191 4894 1379 4934 sensus
1410 4892 1491 4935 est
1525 4882 1758 4938 divinus.
1790 4885 1918 4952 Quia
1948 4888 2179 4944 humana

619 4975 723 5028 vita
753 4974 854 5027 huc
883 4973 1006 5026 illnc
1052 4973 1429 5041 circumagitur
1455 5015 1468 5037 ,
1516 4973 1653 5028 Deus
1694 4987 1838 5030 stare
1863 4978 2094 5046 dicitur;
2127 4990 2182 5036 et

611 5064 730 5132 quia
765 5077 861 5115 nos
906 5062 1125 5115 minime
1171 5063 1304 5114 ﬁrmi
1351 5063 1731 5134 instabilesque
1772 5083 1988 5136 sumus,
2042 5071 2182 5127 Deus

613 5155 805 5207 dicitur
822 5152 1007 5206 sedere
1031 5153 1099 5205 ob
1116 5153 1458 5208 stabilitatem
1478 5169 1624 5208 suam
1649 5175 1662 5210 ε
1680 5159 1820 5226 quod
1843 5161 1982 5213 enim
2009 5164 2177 5229 sedet,

615 5243 823 5298 ﬁrmum
851 5254 949 5297 est.
971 5243 1113 5312 Fuge
1133 5243 1221 5296 illa
1243 5259 1359 5311 quae
1389 5246 1480 5298 tibi
1512 5262 1576 5299 ex
1604 5248 1821 5302 vocibus
1836 5251 2176 5320 objiciuntur,

615 5343 666 5387 et
680 5335 847 5403 cogita
862 5333 945 5386 illa
961 5348 1077 5400 (tua:
1091 5349 1182 5402 per
1197 5332 1351 5387 ﬁdem
1371 5335 2035 5404 percipiuntur.Quomodo
2051 5359 2180 5414 ergo

611 5427 768 5481 offert
782 5425 919 5479 Patri
939 5424 1123 5479 Filius?
1140 5426 1407 5496 quomodo
1424 5428 1576 5483 Pater
1591 5429 1750 5483 Filio?
1769 5447 1935 5502 neque
1952 5439 2091 5488 enim
2109 5437 2184 5490 di-

611 5529 753 5573 ctum
773 5516 898 5570 illud
921 5517 1034 5570 sine
1060 5518 1298 5573 examine
1319 5520 1720 5590 relinquendum
1744 5535 1841 5576 est.
1873 5525 2025 5580 Pater
2040 5526 2172 5582 Filio

613 5609 866 5678 quosdam
887 5609 1199 5677 conspicuos
1217 5619 1271 5664 et
1293 5611 1542 5681 probatos
1567 5613 1722 5668 oll‘ert
1741 5632 1753 5679 ;
1774 5614 1940 5671 bilius
1969 5632 2176 5690 quoque

612 5700 751 5754 Patri
770 5700 1026 5770 quosdam
1041 5703 1353 5771 conspicuos
1368 5715 1423 5759 et
1445 5705 1691 5774 probatos
1708 5707 1882 5762 oﬁ‘crt.
1899 5711 1970 5764 Nc
1985 5721 2036 5765 tu
2055 5729 2181 5782 prce-

611 5806 893 5864 occupans,
912 5793 1109 5850 dictum
1129 5795 1193 5852 ad
1210 5796 1525 5854 calumniam
1547 5798 1796 5869 abripias,
1819 5803 1907 5856 sed
1932 5816 2175 5874 exspecta

1724 395 2091 455 SEVERIANI
2144 395 2484 452 GABALOR.
2527 397 2740 455 EPISC.

3761 405 3869 460 536

2290 508 2446 565 ﬁnem
2477 521 2532 566 et
2559 511 2626 567 de
2650 509 2794 568 dicto
2824 513 3000 582 judiea
3035 532 3048 569 :
3074 531 3140 571 ne
3161 515 3236 571 sis
3257 515 3420 587 iudex
3452 513 3740 583 inimicus,
3771 519 3864 569 sed

2281 611 2620 656 concertator
2634 603 2945 659 benevolus.
2967 604 3019 658 ltt
3041 605 3198 662 Israel
3215 607 3354 662 Deus
3369 615 3425 662 et
3444 607 3603 662 Pater
3619 608 3868 676 cognitus

2279 704 2415 759 erat,
2441 693 2607 749 Filius
2630 696 3009 766 ignorabatur:
3040 699 3178 767 apud
3207 709 3393 770 gentes
3420 709 3598 754 autem
3628 709 3687 755 et
3708 699 3866 754 Pater

2280 784 2682 854 ignorabaturet
2697 786 2890 841 Filius:
2913 804 3032 842 nam
3048 791 3418 860 multiplicium
3436 792 3659 845 deorum
3677 806 3866 846 errore

2280 875 2676 931 detinebantur.
2716 876 2813 933 Ubi
2845 877 3004 948 igitur
3029 880 3190 935 Pater
3219 893 3375 936 notus
3404 893 3504 945 est,
3539 881 3709 937 Filius
3735 896 3865 937 vero

2280 967 2556 1034 ignoratur
2580 1008 2594 1032 ,
2629 969 2792 1038 ignoﬁ
2842 969 2966 1024 Filii
3022 972 3287 1040 interpres
3308 985 3390 1026 est
3433 973 3613 1027 Pater.
3644 973 3864 1027 Sermo-

2279 1073 2400 1112 ttem
2429 1074 2718 1126 resumam,
2748 1071 2804 1115 ιιι
2833 1061 3243 1133 intelligentiam
3290 1074 3543 1119 statuam.
3568 1063 3672 1120 Ubi
3705 1064 3866 1119 Pater

2279 1163 2436 1207 notus
2463 1161 2576 1219 est,
2599 1155 2667 1210 de
2692 1155 2828 1210 Filio
2855 1166 3033 1211 autem
3065 1157 3340 1212 dubitatur
3361 1198 3375 1224 ,
3410 1168 3571 1212 notus
3609 1159 3778 1229 ignoti
3809 1160 3867 1211 ﬁt

2278 1245 2540 1315 interpres
2569 1263 2586 1301 :
2615 1248 2701 1301 tibi
2750 1248 2906 1304 Pater
2952 1251 3247 1320 ignoratur,
3276 1251 3438 1321 ignoti
3466 1267 3647 1324 praeco
3695 1253 3865 1308 Filius

2277 1335 2530 1391 efﬁcitur.
2569 1338 2729 1404 Ideo,
2760 1349 2817 1393 ιιι
2858 1350 3167 1396 accuratum
3205 1343 3468 1398 dictorum
3495 1359 3730 1400 examen
3775 1360 3865 1398 ac-

2276 1427 2479 1495 cipias,
2531 1445 2847 1498 sponsorem
2894 1434 2986 1487 tibi
3036 1435 3378 1505 Evangelittm
3435 1437 3677 1506 praebeo.
3730 1437 3866 1491 llicit

2277 1518 2532 1574 Servator
2557 1521 2623 1575 de
2649 1524 2922 1591 gentibus:
2952 1525 3156 1580 Nomen
3181 1536 3318 1580 tuum
3337 1529 3658 1600 manifestam
3670 1531 3866 1583 mundo

2279 1607 2461 1675 (Joan.
2496 1612 2582 1665 i7.
2609 1611 2705 1681 6);
2759 1615 2865 1669 imo
2908 1614 3170 1685 ignoranti
3227 1618 3428 1672 mundo
3467 1634 3665 1674 nomen
3713 1629 3863 1673 tuum

2281 1701 2642 1757 manifestavi.
2667 1705 2816 1772 Quod
2863 1722 3056 1761 nomen
3094 1709 3493 1765 manifestavit?
3528 1711 3685 1777 Quod
3725 1713 3866 1767 Dens

2277 1801 2439 1845 esset.
2464 1795 2619 1858 Atqui
2663 1797 2898 1866 cognitio
2929 1814 3122 1854 nomen
3177 1812 3694 1872 prteoccupaverat:
3740 1821 3862 1857 nam

2278 1882 2436 1934 etiam
2465 1884 2552 1951 qui
2584 1885 2633 1937 in
2674 1901 2864 1940 errore
2905 1898 3221 1958 versantur,
3260 1891 3424 1945 Deum
3446 1893 3661 1957 dicunt;
3691 1901 3749 1946 et
3777 1895 3865 1961 qui

2285 1986 2313 2023 a
2345 1972 2538 2040 pietate
2565 1985 2689 2029 sunt
2715 1976 2905 2044 alieni,
2942 1995 3135 2034 nomen
3165 1997 3270 2034 non
3321 1993 3540 2052 negant.
3574 1983 3863 2048 Quodnam

2279 2077 2405 2132 ergo
2453 2080 2646 2119 nomen
2697 2067 3110 2124 manil‘estavit?
3155 2071 3309 2136 Quod
3355 2072 3514 2128 l’ater
3565 2083 3797 2128 vocetur
3846 2091 3860 2125 :

2281 2150 2606 2221 Manifestavi
2652 2173 2831 2212 nomen
2876 2171 3017 2213 tuum
3061 2163 3270 2216 mundo.
3307 2158 3487 2218 Viden'
3522 2165 3666 2234 quod
3693 2207 3743 2232 ,,
3773 2166 3862 2222 ubi

2279 2245 2436 2302 Pater
2463 2248 2674 2319 ignotus
2700 2261 2801 2318 est,
2826 2251 2992 2308 Filius
3023 2255 3092 2308 sit
3118 2255 3405 2325 interpres,
3432 2258 3519 2327 qui
3547 2273 3641 2328 per
3668 2259 3862 2328 pracdi-

2278 2339 2538 2394 cationem
2566 2344 2924 2412 evangelicam
2953 2355 3239 2400 veritatem
3268 2348 3501 2404 declaret
3537 2366 3549 2402 :
3584 2349 3673 2403 ubi
3731 2366 3865 2406 vero

2280 2428 2437 2483 Pater
2464 2441 2620 2485 notus
2663 2449 2786 2488 esse
2817 2436 3100 2503 putabatur
3147 2437 3419 2509 Filiusqtte
3456 2440 3668 2510 ignotus
3699 2454 3816 2496 erat
3845 2485 3860 2506 ,

2280 2519 2436 2575 Pater
2461 2520 2622 2592 ignoti
2672 2525 2936 2593 interpres
2986 2527 3102 2581 fuit.
3146 2528 3387 2599 Exempli
3417 2546 3576 2585 causa
3604 2573 3620 2598 ,
3646 2543 3703 2585 ut
3734 2532 3866 2601 ipsis

2282 2613 2440 2667 rebus
2469 2618 2745 2670 veritatem
2778 2617 3138 2674 demonstrent
3175 2638 3188 2675 :
3219 2620 3418 2676 Paulus
3464 2622 3630 2678 Deum
3687 2640 3864 2679 nove-

2281 2713 2401 2768 rat,
2431 2703 2621 2759 Filium
2668 2723 2772 2761 non
2825 2720 3047 2765 noverat
3081 2729 3093 2765 :
3137 2723 3295 2767 norat
3325 2714 3524 2779 Deum,
3562 2731 3666 2770 neu
3703 2732 3862 2771 norat

2285 2795 2447 2851 Deum
2479 2812 2603 2852 esse
2629 2797 2825 2855 Christi
2867 2802 3111 2858 Patrem:
3135 2815 3355 2875 eratque
3401 2807 3610 2876 pictatis
3641 2811 3856 2863 studio-

2280 2902 2393 2952 sus,
2424 2903 2485 2943 ac
2514 2905 2608 2958 pro
2630 2890 2744 2962 lege
2765 2895 3049 2962 pugnabat.
3081 2896 3221 2951 Deus
3253 2899 3423 2952 zelum
3447 2902 3683 2969 respexit
3712 2903 3865 2973 igno-

2281 2979 2450 3033 rantia
2492 2980 2730 3049 plenum,
2779 2984 2872 3038 sed
2913 2985 3089 3040 studio
3129 2987 3441 3045 ardentem:
3480 2991 3686 3060 etquid
3717 2995 3865 3062 agit?

2281 3069 2611 3123 demonstrat
2639 3072 2906 3140 ignoranti
2953 3075 3213 3144 ignotum.
3259 3077 3390 3145 Quis
3420 3080 3574 3136 nobis
3606 3083 3720 3136 haec
3765 3099 3864 3138 ex-

2283 3160 2530 3228 plicabit?
2575 3161 2623 3216 ls
2666 3162 2802 3231 ipse.
2833 3166 2922 3234 qui
2949 3166 3239 3236 aliquando
3270 3171 3554 3238 ignoravit,
3588 3182 3637 3228 et
3675 3187 3863 3242 postea

2278 3251 2564 3319 cognovit;
2604 3254 2693 3321 qui
2727 3254 3015 3321 aliptando
3043 3269 3403 3328 persequutus
3442 3273 3547 3326 est,
3578 3273 3636 3317 et
3679 3274 3865 3334 postea

2283 3343 2604 3412 pt'tL-tliCaVit.
2629 3344 2765 3413 Quid
2794 3347 2936 3402 enim
2968 3349 3079 3402 ait?
3106 3350 3173 3402 Et
3202 3369 3340 3404 erum
3384 3355 3595 3407 annulus
3641 3367 3869 3423 paterna

2280 3434 2420 3502 legis,
2438 3452 2592 3503 supra
2610 3439 2807 3490 modum
2831 3456 3125 3509 persequens
3142 3440 3417 3497 Ecclesium
3435 3443 3546 3498 Dei.
3559 3446 3681 3501 ('um
3697 3461 3867 3503 autem

2281 3523 2389 3576 Deo
2417 3527 2703 3594 placuisset,
2739 3532 2823 3598 qni
2854 3548 2930 3584 me
2956 3537 3232 3604 segregavit
3262 3553 3324 3588 ea:
3351 3548 3491 3590 utero
3516 3543 3692 3594 matris
3720 3559 3865 3604 meae,

2281 3628 2326 3668 et
2350 3624 2538 3671 vocavit
2567 3637 2652 3688 per
2677 3623 2893 3689 gratiam
2925 3641 3067 3676 suam
3095 3628 3315 3679 revelare
3335 3626 3524 3681 Filium
3549 3648 3695 3684 suum
3717 3634 3771 3686 in
3790 3652 3870 3687 me

2283 3706 2502 3777 (Gal.-i.
2533 3710 2616 3762 14.
2645 3711 2728 3764 15.
2757 3711 2863 3781 15),
2890 3722 2992 3766 etc.
3017 3713 3406 3770 Testimonium
3431 3721 3623 3788 quippe
3645 3723 3865 3776 allatum

2281 3809 2363 3851 est
2392 3798 2453 3851 ad
2484 3801 2766 3867 quznsitttm
2813 3803 3314 3871 demonstrandum,
3352 3824 3455 3861 non
3489 3812 3553 3863 ad
3587 3812 3690 3866 lori
3724 3816 3870 3870 illius

2282 3892 2721 3957 Speculationctn.
2747 3894 2976 3949 Rursum
3018 3897 3272 3954 Servator
3318 3905 3590 3970 apostolos
3637 3907 3868 3962 interro-

2282 3992 2402 4052 gat:
2430 3982 2588 4048 Quem
2631 4002 2708 4036 me
2759 3989 2928 4040 dicunt
2978 3990 3203 4044 homines
3253 4009 3358 4046 esse
3406 3992 3599 4047 Filium
3645 3999 3870 4053 hominis

2285 4074 2498 4143 (Matth.
2533 4077 2617 4131 16.
2652 4080 2778 4148 15)?
2813 4083 3126 4152 Interrogat,
3164 4100 3270 4137 non
3301 4094 3360 4138 tit
3405 4087 3594 4149 discat,
3642 4090 3737 4144 Sed
3788 4103 3866 4154 ιιι,

2283 4165 2502 4228 depulsa
2552 4169 2654 4220 alia
2710 4170 2983 4237 Opinione,
3038 4174 3317 4228 veritatem
3351 4176 3543 4230 ﬁrmet.
3583 4179 3744 4244 Quem
3790 4201 3874 4237 me

2283 4257 2452 4308 dicunt
2479 4259 2738 4311 homines?
2757 4262 2996 4327 Apostoli
3024 4263 3254 4330 primttm
3278 4268 3562 4321 multorum
3584 4272 3872 4339 opiniones

2287 4347 2554 4401 referunt:
2581 4349 2702 4413 Alii,
2746 4349 3010 4419 inquittttt,
3047 4351 3269 4420 Heliam,
3305 4357 3393 4410 alii
3432 4358 3724 4425 Jcremiuttt,
3778 4379 3870 4417 aut

2284 4454 2438 4490 unum
2469 4456 2530 4492 ea;
2560 4441 2814 4510 prop/ictis
2846 4441 2951 4506 (lli.
3001 4459 3044 4496 ιν.
3095 4446 3205 4514 14).
3247 4447 3380 4513 Quid
3415 4465 3541 4519 ergo
3573 4452 3871 4509 Servator?

2286 4529 2456 4585 Falsis
2485 4533 2823 4600 opinionibus
2853 4535 2981 4587 nihil
3016 4539 3325 4606 respondet,
3350 4543 3489 4610 quod
3515 4547 3870 4612 responsione

2288 4623 2524 4689 indignas
2551 4623 2784 4691 jttdicet:
2832 4624 2926 4679 Vos
2952 4638 3118 4679 autem
3147 4647 3290 4700 quem
3320 4649 3394 4684 nte
3416 4651 3520 4686 esse
3560 4635 3726 4690 dicitis
3755 4637 3866 4706 (Ib.

2285 4729 2328 4764 v.
2363 4714 2484 4780 15)?
2518 4730 2620 4766 non
2655 4732 2784 4767 curo
2815 4718 3009 4772 multos
3039 4718 3156 4771 illos
3185 4732 3445 4786 errantes,
3479 4724 3574 4777 sed
3606 4742 3699 4779 vos
3724 4744 3870 4796 prte-

2287 4821 2470 4859 cones.
2503 4808 2632 4871 Quia
2665 4810 2809 4863 enim
2844 4825 2933 4862 vos
2983 4813 3113 4865 estis
3157 4815 3245 4881 qui
3297 4815 3574 4870 lucernam
3620 4822 3870 4876 veritatis

2291 4896 2835 4967 prauiicationentque
2866 4899 3074 4966 pietatis
3109 4918 3202 4970 per
3231 4913 3404 4958 totum
3432 4908 3617 4962 urbem
3653 4915 3873 4966 nuntia-

2293 4987 2393 5039 turi
2427 4989 2578 5051 estis,
2610 4990 2659 5041 itt
2692 4992 2844 5042 vobis
2873 5005 3155 5045 versantur
3184 4994 3438 5059 humana,
3473 5000 3523 5050 in
3554 4999 3705 5053 vobis
3729 5005 3868 5056 veri-

2291 5090 2368 5130 tas
2417 5082 2779 5146 periclitatur:
2812 5099 2871 5136 ac
2919 5085 3057 5137 sicut
3104 5099 3276 5140 vestra
3309 5093 3540 5160 et-gnitio
3579 5108 3873 5151 commune

2291 5169 2560 5223 hominum
2598 5172 2913 5227 beneﬁcium
2938 5185 3036 5238 est,
3070 5177 3145 5230 sic
3177 5191 3360 5252 vestra,
3390 5187 3684 5250 ignorantia
3713 5202 3871 5242 com-

2291 5277 2446 5314 tntttte
2475 5264 2620 5316 orbis
2646 5266 3044 5320 detrimentum.
3076 5268 3278 5325 Idcirco
3309 5290 3400 5325 vos
3443 5291 3597 5344 quem
3630 5294 3716 5332 me
3745 5295 3871 5335 esse

2289 5354 2501 5407 dicitis?
2526 5355 2816 5425 Respondit
2847 5360 3033 5416 Petrus
3058 5381 3068 5415 :
3098 5363 3177 5416 Tu
3209 5382 3258 5418 es
3286 5369 3536 5432 Christus,
3577 5369 3744 5424 Filius
3771 5373 3874 5426 Dei

2289 5446 2383 5496 rivi
2413 5443 2518 5516 (Ib.
2549 5464 2593 5498 ιε.
2630 5448 2738 5517 lii).
2769 5449 2862 5504 llic
2892 5451 3011 5506 ﬁdei
3043 5456 3320 5520 terminus,
3357 5458 3455 5511 hoc
3485 5461 3726 5516 veritatis
3750 5481 3875 5519 ver-

2290 5535 2432 5599 bum,
2472 5536 2584 5590 hzcc
2617 5551 2778 5593 recta:
2804 5545 3084 5597 sententia:
3107 5546 3374 5600 confessio
3393 5559 3491 5603 est.
3521 5551 3716 5605 Verum
3743 5559 3871 5623 quia

2291 5629 2401 5682 ﬁeri
2446 5640 2673 5698 poterat,
2728 5643 2783 5686 ut
2835 5633 2947 5690 hanc
2990 5653 3093 5691 vox
3141 5639 3257 5693 aliis
3301 5643 3519 5710 :rqualis
3553 5645 3872 5712 haberetur;

2291 5720 2409 5773 illas
2431 5723 2778 5789 responsione
2813 5741 2914 5779 non
2957 5727 3205 5796 dignatus
3234 5741 3337 5797 est,
3372 5731 3491 5786 huic
3520 5750 3650 5788 vero
3682 5737 3872 5791 calcu-

2295 5812 2398 5864 lum
2427 5811 2587 5880 addit,
2617 5815 2811 5884 etquid
2838 5817 2946 5871 ait?
2975 5818 3049 5874 Ne
3067 5830 3341 5890 putaretur
3360 5823 3459 5878 hoc
3484 5825 3684 5882 dictum
3707 5840 3869 5884 etiam
