4034 6408
207 465 308 519 557

208 582 500 636 humanam
529 593 653 636 esse
694 577 1027 646 opinionem,
1074 568 1204 626 illud
1250 567 1540 636 obsignans
1569 574 1625 618 et
1652 560 1806 632 sigii-

208 676 314 727 lum
342 673 586 728 veritatis
610 669 839 732 addens,
865 666 1029 721 dicit:
1059 662 1251 717 Beatus
1278 676 1349 724 es,
1374 658 1556 712 Simon
1579 654 1808 724 Barjona

205 762 315 833 (Ib.
347 780 396 817 ο.
430 763 542 832 l7).
578 761 677 815 llic
702 761 753 814 iu
786 758 1100 813 memoriam
1134 766 1349 815 revoca,
1379 750 1595 803 Patrem
1643 748 1804 800 etiam

204 858 254 912 ei
282 856 373 925 qui
398 871 459 910 se
485 863 731 917 noverat,
763 867 885 906 eum
909 865 1069 920 quem
1096 844 1374 917 ignorabat
1397 841 1655 897 revelare.
1675 836 1809 891 Bea-

204 958 283 1000 tus
313 963 385 1009 es,
416 945 599 1000 Simon
626 944 874 1012 Barjona,
904 943 1025 1011 quia
1051 954 1170 993 caro
1200 946 1245 990 et
1274 935 1481 1003 sanguis
1527 948 1629 984 non
1666 943 1807 981 reue-

206 1039 330 1092 lavit
351 1039 464 1100 tibi,
492 1038 581 1091 sed
607 1035 765 1090 Pater
790 1052 954 1099 meus,
977 1034 1065 1103 qui
1094 1034 1146 1083 in
1167 1030 1305 1083 cazlis
1332 1037 1425 1082 est.
1467 1026 1502 1077 γ
1514 1023 1649 1078 idctt'
1668 1035 1806 1090 qun-

203 1129 370 1183 modo
399 1131 495 1184 toti
524 1129 663 1193 orbi,
697 1129 788 1198 qui
824 1127 1037 1181 Patrem
1070 1123 1371 1193 ignorabat,
1422 1118 1591 1172 Filius
1637 1115 1806 1184 ignoti

204 1222 476 1289 interpres
505 1222 575 1275 sit
602 1237 615 1273 :
649 1233 936 1291 synagoga;
961 1225 1140 1271 autem
1172 1224 1227 1269 et
1266 1211 1489 1276 Judzeis,
1521 1208 1610 1278 qui
1638 1208 1804 1260 ltcum

202 1308 422 1379 quidem
454 1325 515 1365 se
548 1324 708 1364 nosse
737 1310 1015 1379 putabant,
1035 1305 1130 1360 sed
1152 1304 1244 1358 Dei
1265 1302 1487 1357 verbum
1511 1300 1678 1353 Deum
1699 1309 1804 1350 non

202 1413 486 1466 noverant,
512 1403 626 1469 ipse
652 1402 813 1456 Pater
841 1402 1105 1467 interpres
1133 1390 1299 1466 ignoti
1324 1390 1625 1449 efﬁciatur?

273 1495 328 1547 4.
370 1492 449 1548 Ne
472 1494 654 1563 itaque
674 1506 939 1548 summam
970 1489 1352 1558 benignitatem
1372 1481 1663 1554 impietatis
1687 1480 1805 1533 via-

202 1586 369 1640 ticum
401 1593 638 1650 statuas;
670 1601 739 1641 ne
769 1587 979 1639 minuas
1018 1582 1332 1653 dignitatem
1376 1588 1597 1649 propter
1622 1576 1806 1631 incar-

200 1681 512 1742 nationem;
543 1694 612 1733 ne
638 1678 905 1732 curiosius
928 1676 1166 1746 inquiras
1197 1678 1513 1727 immensam
1537 1668 1685 1722 illam
1711 1682 1806 1720 ua-

204 1781 413 1835 turam;
448 1786 515 1826 ne
542 1770 805 1825 scruteris
848 1768 1140 1824 essentiam
1174 1759 1800 1833 incomprehensibilem.

202 1864 324 1919 Tibi
358 1863 523 1918 Isaias
566 1862 810 1928 suadeat,
844 1877 951 1915 non
1000 1874 1122 1915 esse
1164 1858 1252 1913 illa
1295 1853 1668 1924 disquirenda,
1702 1867 1805 1933 nec

204 1958 411 2024 Scripto
459 1955 744 2025 agimuda:
774 1968 896 2007 nam
948 1952 1043 2012 ait,
1100 1949 1488 2005 Generationem
1532 1948 1645 2016 ejus
1692 1945 1805 2014 quis

204 2051 465 2103 cuarrabit
513 2047 687 2118 (Isai.
721 2048 811 2102 55.
857 2044 966 2117 8)?
1003 2042 1132 2106 Sed,
1167 2056 1202 2097 ο
1234 2039 1599 2112 impudentem
1640 2035 1805 2090 auda~

199 2143 339 2195 ciam
371 2156 561 2195 eorum
587 2139 678 2208 qui
702 2138 878 2190 omnia
912 2146 1117 2190 temere
1148 2133 1387 2189 sentiunt
1422 2140 1478 2186 et
1521 2128 1801 2185 effutiunt!

197 2232 386 2302 Neque
406 2233 558 2286 timet
587 2233 886 2284 Anomteus
909 2227 1001 2282 Dei
1029 2236 1272 2281 naturam
1301 2223 1558 2288 scrutari,
1587 2230 1644 2277 et
1663 2219 1803 2275 inel’.

199 2323 381 2379 fabilia
414 2333 619 2377 temere
651 2321 817 2390 loqui,
852 2331 1014 2389 atque
1044 2328 1226 2373 sancta
1253 2317 1564 2381 traducere;
1594 2329 1658 2369 ac
1679 2314 1805 2384 jure

197 2415 441 2483 (pridem.
475 2414 609 2480 Quia
651 2413 792 2468 enim
838 2413 1119 2466 veritatem
1164 2410 1394 2479 ignorat,
1438 2422 1559 2478 qua:
1590 2407 1805 2477 ignorat

196 2507 374 2573 etl'ert,
420 2516 476 2560 ut
498 2522 619 2574 qua:
647 2505 1007 2575 praedicantur
1034 2503 1287 2558 occultet.
1307 2500 1424 2555 Non
1448 2500 1654 2554 audivit
1674 2513 1803 2555 san-

196 2611 339 2653 ctam
370 2597 705 2666 Scripturam
736 2603 1067 2661 monentem,
1100 2596 1229 2663 Quae
1256 2594 1345 2647 tibi
1373 2593 1619 2647 mandata
1658 2602 1800 2657 sunt,

198 2689 307 2741 lucc
333 2689 501 2758 cogita
534 2686 720 2758 (Eccli.
756 2688 806 2741 ὅ.
856 2686 989 2758 2‘2):
1021 2701 1193 2755 neque
1237 2688 1381 2741 enim
1437 2685 1653 2739 areanis
1705 2683 1800 2738 tibi

195 2794 333 2847 opus
362 2790 468 2832 est.
498 2778 695 2832 Beatus
731 2779 887 2842 Dens,
919 2778 1007 2848 qui
1026 2778 1173 2833 solus
1190 2778 1451 2832 mirabilia
1478 2786 1690 2847 patrare
1708 2793 1804 2847 po-

196 2879 327 2935 test,
356 2887 480 2925 cum
512 2870 671 2926 vellet
699 2869 890 2925 Jobum
926 2871 1072 2924 illum
1103 2872 1358 2940 patientia
1397 2887 1493 2925 sua
1524 2870 1785 2926 illustrem

196 2961 423 3016 historia
442 2963 730 3016 creationis
753 2962 1182 3028 obstupefacere,
1206 2964 1279 3015 ait
1298 2963 1369 3017 illi
1393 2979 1406 3015 :
1430 2961 1529 3016 Ubi
1556 2979 1670 3016 eras
1689 2978 1801 3016 cum

196 3064 388 3109 terram
422 3054 697 3122 fundarem
746 3053 866 3121 (Job
912 3055 1001 3110 58.
1044 3056 1104 3125 4)
1142 3054 1165 3107 τ
1196 3071 1315 3109 cum
1349 3071 1500 3109 mare
1531 3055 1719 3111 ﬁeret?
1744 3066 1803 3109 ut

199 3143 383 3220 paucis
410 3136 709 3213 absolvam,
731 3145 861 3201 Cum
894 3158 1107 3203 mutiles
1129 3149 1508 3203 ﬁrmarentur?
1524 3148 1604 3203 Tu
1627 3160 1801 3220 partus

195 3240 618 3310 tragelapltorum
661 3240 934 3293 observasti
989 3238 1109 3309 (Job
1142 3239 1229 3295 59.
1266 3242 1362 3308 l)?
1408 3241 1611 3295 Euarra
1668 3239 1799 3293 mihi

196 3330 384 3384 mundi
437 3330 835 3394 formationem,
886 3330 1119 3385 ferarum
1176 3340 1383 3399 partus,
1435 3332 1799 3401 jtnnentorum

198 3438 403 3487 escam,
436 3424 873 3479 constitutionem
899 3436 950 3476 ct
980 3424 1294 3478 varietatem
1317 3426 1558 3480 omnium
1588 3443 1707 3495 (ιιι-υ
1741 3429 1795 3481 in

197 3518 405 3569 mundo
424 3525 570 3568 sunt.
600 3515 725 3569 llzrc
749 3517 844 3585 ipsi
863 3517 1095 3581 dicebat,
1122 3526 1178 3569 ut
1197 3518 1343 3569 illum
1373 3517 1616 3581 doceret,
1638 3519 1799 3574 etiam

198 3621 261 3661 ea
290 3606 342 3659 in
372 3606 595 3672 mundo,
624 3622 745 3676 qua:
775 3609 875 3662 sub
906 3616 1180 3677 aspectum
1230 3610 1451 3675 cadunt,
1487 3626 1591 3663 non
1632 3627 1799 3680 posse

198 3699 269 3753 ab
295 3699 602 3754 hominibus
625 3699 1031 3769 comprehendi.
1064 3700 1265 3755 Deinde
1293 3702 1484 3756 beatus
1507 3703 1594 3757 ille
1614 3704 1803 3757 obstu-

201 3791 444 3861 pefactus
471 3790 635 3845 dicit:
672 3789 911 3857 Domine,
956 3793 1109 3847 semel
1135 3793 1375 3862 loquutus
1402 3810 1535 3860 sinu,
1580 3798 1801 3851 secundo

200 3899 303 3937 non
329 3883 575 3953 adjiciam
604 3883 727 3951 (.Iob
766 3883 855 3939 59.
886 3884 998 3953 35).
1031 3885 1225 3951 Quaeso
1249 3893 1322 3950 te,
1352 3900 1532 3939 rerum
1559 3902 1680 3953 qua:
1702 3887 1802 3941 sub

200 3984 477 4044 aspectum
511 3975 711 4030 cadunt
752 3975 1067 4045 perquisitio
1114 3976 1307 4031 Jobum
1362 3980 1713 4048 compressit;
1747 3991 1805 4035 et

200 4067 483 4121 audaciam
512 4078 655 4121 tuam
691 4083 757 4123 ne
784 4068 1068 4123 inetl'abilis
1098 4070 1312 4139 quidem
1343 4068 1615 4141 Unigeniti
1644 4087 1801 4143 gene-

201 4158 339 4215 ratio
366 4160 657 4228 roprimet‘!
688 4160 885 4215 Verum
904 4162 1025 4231 quia
1046 4162 1132 4217 illa
1158 4166 1277 4233 quae
1300 4165 1513 4235 ignoras
1536 4153 1798 4236 explibas,

201 4265 263 4305 ea
310 4265 433 4321 quae
475 4266 664 4305 omnes
707 4253 952 4306 novimus
993 4252 1091 4307 abs
1124 4263 1175 4307 te
1209 4256 1500 4325 qumrenda
1533 4269 1680 4324 sunt,
1713 4259 1803 4314 die

200 4343 335 4397 mihi
365 4344 639 4413 quomodo
672 4352 811 4397 terra
840 4360 1004 4414 super
1030 4362 1196 4416 aquas
1214 4348 1431 4403 fundata
1458 4353 1549 4417 sit,
1575 4366 1803 4421 quomo-

198 4434 271 4487 do
306 4436 476 4487 Adam
500 4449 565 4489 ex
600 4446 739 4489 terra
773 4438 1034 4494 formatus
1051 4440 1139 4504 sit,
1161 4441 1432 4510 quomodo
1462 4459 1656 4499 manna
1676 4462 1804 4516 sup-

202 4520 521 4593 pedilatttﬂt,
555 4528 823 4595 quomodo
854 4545 1011 4585 mare
1056 4532 1319 4599 divisum;
1375 4548 1430 4590 et
1479 4554 1546 4593 ne
1592 4539 1803 4612 longior

200 4604 337 4682 sim,’
357 4619 562 4687 reliqua
588 4621 866 4675 miracula.
893 4623 988 4677 Dic
1015 4625 1147 4679 mihi
1176 4631 1449 4695 quomodo
1488 4636 1667 4702 angeli
1698 4653 1798 4707 ap-

201 4712 435 4778 positum
467 4710 568 4766 sibi
594 4713 661 4766 ab
690 4714 1000 4769 Abraltamo
1030 4718 1252 4772 vitulum
1284 4712 1654 4781 comederint:
1679 4732 1805 4783 nul-

200 4802 282 4854 lus
303 4802 373 4857 ibi
392 4815 604 4867 venter,
630 4804 835 4858 nullum
860 4806 1105 4863 ciborum
1129 4814 1531 4891 receptaculum
1564 4819 1615 4872 in
1638 4831 1803 4891 ange-

200 4894 301 4946 lis-
340 4894 445 4959 Qui
488 4894 615 4963 facit
643 4898 851 4967 angelos
877 4916 998 4953 suos
1034 4903 1266 4970 spiritus,
1305 4918 1353 4960 et
1384 4909 1642 4967 ministros
1681 4931 1804 4970 suos

197 4985 367 5053 ignem
417 4998 643 5039 urentem
695 4988 867 5061 (l’sal.
900 4991 1025 5047 103.
1055 4993 1135 5065 4).
1167 4994 1453 5063 Quomodo
1485 5001 1803 5075 absumptus

196 5077 350 5131 cibus
398 5078 520 5132 est?
567 5078 760 5133 Statim
793 5083 1076 5140 haereticus
1109 5104 1121 5139 :
1155 5086 1293 5153 Quid
1337 5090 1423 5146 hic
1470 5094 1801 5163 impossibile

196 5172 436 5241 quzcris?
466 5174 783 5243 angelorum
816 5176 1012 5234 virtute
1035 5178 1651 5256 evanuitJAngelorum
1694 5194 1804 5246 vir-

199 5273 365 5317 tutem
390 5263 594 5330 credis,
622 5280 721 5320 nec
746 5271 1045 5335 eaaminas,
1075 5281 1128 5325 et
1160 5274 1254 5329 Dei
1274 5280 1681 5344 generationem
1707 5298 1804 5338 cu-

196 5357 337 5411 riose
354 5358 651 5411 scmtaris?
665 5358 947 5425 Quomodo
972 5363 1099 5419 fecit
1121 5366 1260 5422 Dens
1275 5369 1463 5424 caelum
1489 5381 1543 5427 et
1564 5382 1763 5430 terram
1776 5378 1807 5430 ?

194 5447 530 5518 Respondet,
562 5450 636 5507 Ut
688 5454 852 5518 novit,
906 5463 964 5510 ut
1014 5458 1205 5513 voluit.
1254 5460 1402 5518 Itane
1436 5464 1527 5518 Dei
1563 5475 1799 5534 potestas

192 5542 495 5597 ratiociniis
529 5559 638 5597 non
670 5544 972 5615 subjicitur,
1025 5548 1123 5605 sed
1174 5551 1329 5620 lidei;
1380 5556 1563 5611 divina
1611 5570 1791 5617 autem

190 5633 469 5702 generatio
501 5634 800 5691 ratiociniis
820 5636 1136 5695 addicitur?
1162 5641 1278 5697 Non
1301 5644 1496 5701 audisti
1532 5649 1789 5708 Davidem

189 5724 484 5789 dicentem,
539 5726 730 5782 Omnia
780 5746 1106 5803 quacumque
1159 5737 1318 5792 voluit
1368 5740 1619 5798 Dominus
1672 5746 1793 5815 fecit

189 5815 363 5885 (Paul.
411 5818 538 5875 154.
575 5818 672 5891 6)?
701 5821 1043 5881 Voluptatem
1077 5845 1183 5883 non
1224 5834 1512 5901 perquiris,
1546 5845 1601 5890 et
1626 5846 1792 5893 natu-

190 5927 298 5967 ram
327 5916 548 5974 curiose
593 5922 895 5979 scrutaris?
926 5922 1132 5995 Ecquid
1155 5968 1169 5993 ,
1220 5927 1453 5985 fratres?
1479 5932 1611 5999 Qum
1641 5934 1785 5992 Deus

1493 444 1583 500 DE
1622 442 1820 500 SlGll.l
1834 440 1907 497 .lS
1945 439 2193 498 SERMO.

3420 445 3526 501 333

1916 559 2105 615 volens
2132 559 2331 627 eil'eeit,
2366 560 2651 627 videntur;
2704 563 2749 617 is
2796 576 2946 631 vero,
2990 580 3149 635 quem
3179 582 3244 623 ex
3302 584 3522 643 praprta

1913 652 2215 707 substantia
2244 652 2434 721 genuit
2459 653 2782 711 invisibilem
2809 654 2995 729 (opera
3020 660 3164 715 enim
3183 677 3305 732 qum
3332 665 3520 721 viden-

1916 753 2021 805 tur.
2046 753 2174 800 sunt
2202 745 2379 816 imago
2406 746 2503 801 Dei
2534 748 2859 823 invisibilis),
2886 768 3030 808 nunc
3057 765 3236 811 autem
3261 759 3315 812 in
3346 762 3519 813 ratio-

1913 836 2059 891 cinio
2086 847 2334 891 versatur
2364 838 2648 895 invisibilis
2683 846 2986 913 generatio,
3030 848 3325 908 ratiociniis
3352 854 3526 923 subji-

1910 931 2088 984 citur?
2111 948 2233 1002 qua:
2260 934 2448 1005 volens
2480 935 2608 990 fecit
2626 954 2730 991 non
2751 942 3150 1012 examinantur,
3180 954 3237 1001 et
3255 947 3398 1028 quod
3423 965 3525 1019 per

1911 1020 2149 1077 divinam
2200 1035 2257 1079 et
2304 1025 2681 1083 intemeratum
2730 1041 2978 1087 naturam
3035 1020 3277 1106 protulit'
3302 1045 3521 1100 curiose

1912 1116 2209 1170 scrutaris?
2234 1116 2279 1171 Ο
2320 1134 2511 1172 novant
2555 1121 2867 1178 audaciam!
2906 1140 2939 1179 ο
2981 1132 3328 1186 temerarium
3360 1150 3520 1189 cona-

1911 1208 2061 1262 tum!
2111 1224 2145 1260 ο
2174 1210 2459 1264 consilium
2511 1214 2694 1283 turpe!
2739 1230 2772 1268 ο
2806 1227 3051 1273 naturam
3100 1221 3516 1285 inhonoratam!

1909 1298 2041 1355 Jure
2068 1296 2286 1358 dicebat
2316 1305 2504 1360 beatus
2532 1308 2696 1361 David
2722 1329 2736 1364 :
2770 1310 2901 1367 Filii
2945 1314 3211 1372 hominum
3256 1339 3517 1395 usquequo

1910 1391 2054 1459 gravi
2074 1393 2264 1446 corde?
2290 1392 2357 1449 Ut
2381 1397 2504 1463 quid
2529 1398 2742 1469 diligitis
2768 1404 3038 1459 vanitatem
3068 1418 3115 1461 et
3136 1391 3361 1481 queritis
3384 1391 3518 1472 nisu.

1912 1481 2115 1537 darium
2144 1484 2317 1552 (Psal.
2343 1495 2395 1542 4.
2426 1489 2523 1559 5)?
2548 1492 2937 1568 Quodcumque
2966 1502 3111 1556 enim
3141 1505 3380 1571 alienum
3431 1526 3519 1567 est

1910 1587 1940 1625 a
1963 1573 2165 1630 Christi
2188 1577 2459 1647 doctrina,
2483 1599 2680 1639 vanum
2712 1599 2794 1641 est
2817 1600 2871 1643 et
2907 1592 3270 1650 tuendacium.
3304 1599 3437 1656 Nam
3470 1605 3517 1659 si

1914 1680 2043 1721 vere
2066 1667 2218 1767 dicit,
2246 1670 2357 1743 Ego
2382 1691 2497 1728 sum
2527 1680 2715 1733 veritas
2740 1680 2920 1753 (Joan.
2956 1688 3042 1741 14.
3064 1688 3144 1759 6),
3163 1706 3539 1767 qumcnmqne

1909 1768 2061 1814 extra
2083 1760 2282 1818 Christi
2308 1764 2611 1824 doctrinam
2644 1783 2789 1840 sunt,
2822 1776 2891 1830 ad
2922 1780 3261 1838 mendacium
3288 1760 3512 1844 ducunt.

1909 1852 2097 1909 Reduc
2126 1857 2370 1913 animum
2402 1870 2551 1917 tuum
2586 1864 2656 1919 ab
2680 1867 2877 1924 inlimis
2908 1872 3013 1926 illis
3046 1876 3436 1945 qumstionibus
3462 1894 3519 1938 et

1908 1959 1940 1999 a
1973 1948 2138 2003 variis
2168 1951 2466 2008 ratiociniis
2489 1955 2554 2009 ad
2584 1959 2869 2017 sublimem
2902 1964 3255 2038 theologiam,
3279 1982 3336 2028 et
3360 1976 3516 2031 mitte

1910 2036 2127 2108 inepem
2162 2040 2305 2096 illam
2346 2045 2757 2105 ratiociniorum
2793 2036 3282 2127 perquisitionemr:
3328 2068 3516 2139 accipe

1909 2130 2157 2187 veritatis
2179 2133 2526 2193 thesaurum:
2561 2142 2744 2198 Simile
2768 2157 2841 2201 est
2878 2166 3091 2221 regnum
3118 2156 3360 2213 calorum
3400 2130 3514 2216 Ilis-

1907 2236 2063 2276 sauro
2088 2223 2385 2282 abscondito
2418 2230 2633 2301 (Matth.
2681 2236 2769 2289 13.
2804 2239 2919 2310 st).
2954 2243 3063 2297 Cur
3088 2244 3347 2305 Servator
3393 2251 3515 2310 the-

1908 2328 2104 2370 saurus
2130 2322 2391 2375 vocatur?
2420 2321 2519 2378 Hic
2545 2326 2835 2399 diligenter
2866 2335 3106 2391 attende.
3139 2338 3209 2395 Ut
3230 2342 3518 2402 thesaurus

1908 2421 2016 2461 non
2051 2417 2180 2464 tunc
2206 2413 2569 2484 constituitur,
2604 2433 2725 2475 cum
2770 2426 3060 2493 reperitur,
3112 2432 3209 2487 sed
3248 2446 3405 2493 vetus
3433 2449 3519 2494 est

1907 2497 2266 2570 depositione,
2319 2521 2490 2563 novus
2544 2510 2766 2569 inventu
2808 2534 2820 2570 :
2866 2519 2947 2573 sic
2998 2521 3239 2581 salutare
3285 2530 3516 2587 verbum

1905 2605 2061 2650 vetus
2089 2606 2175 2652 est
2199 2597 2479 2669 dignitate,
2514 2614 2568 2659 et
2597 2608 2919 2678 principium
2973 2616 3247 2685 omnium;
3292 2636 3416 2678 nam
3447 2624 3519 2680 In

1908 2688 2162 2759 principio
2188 2702 2298 2745 erat
2327 2694 2531 2749 verbum
2557 2696 2735 2769 (Joan.
2770 2702 2823 2756 l.
2854 2702 2943 2773 l);
2979 2721 3119 2763 nova
3146 2722 3328 2768 autem
3370 2732 3513 2787 prae—

1907 2779 2104 2837 dicatio
2132 2796 2352 2855 prepter
2377 2790 2556 2845 carnis
2578 2796 3046 2855 meonomianuEt
3067 2817 3218 2871 sane,
3248 2779 3437 2879 frater,
3456 2826 3514 2869 ut

1905 2872 2086 2930 discas
2103 2877 2275 2946 ipsum
2298 2880 2536 2939 thesauri
2560 2885 2730 2941 instar
2745 2889 3049 2949 desiderant
3062 2895 3181 2953 ibus
3198 2872 3510 2975 splendere,

1907 2976 1962 3020 et
1987 2969 2077 3037 qui
2110 2970 2239 3025 illud
2263 2976 2540 3043 reperiunt
2570 2980 2724 3046 quasi
2756 2981 2822 3035 ad
2857 2983 3169 3043 thesaurum
3198 2969 3509 3064 accurrere,

1905 3058 2152 3158 A‘ndreas
2188 3062 2346 3118 Petro
2385 3081 2657 3134 repertum
2700 3071 2944 3131 indicans
2975 3079 3081 3135 ait:
3119 3080 3279 3149 Quem
3306 3058 3514 3158 scripsit

1910 3147 2196 3243 lloyscsiin
2220 3152 2400 3224 leges!
2429 3161 2711 3228 prop/telae,
2730 3164 3016 3225 invenimus
3043 3147 3301 3231 Christum
3326 3147 3509 3243 (locis.

1908 3241 1958 3294 t.
1983 3242 2096 3312 45).
2123 3242 2335 3316 Moyses
2356 3248 2501 3303 enim
2533 3260 2588 3305 et
2614 3256 2889 3323 ιποριιειω
2910 3260 2960 3314 in
2980 3264 3149 3342 sacris
3168 3241 3340 3334 libris,
3359 3274 3510 3341 quasi

1905 3335 1957 3389 in
1982 3335 2249 3393 thesauris
2280 3342 2713 3407 prmdicationem
2736 3335 3119 3420 deposuerant.
3146 3358 3344 3417 Verum
3372 3335 3513 3423 sicut

1905 3425 2006 3527 illi,
2039 3429 2129 3497 qui
2157 3434 2424 3488 occultum
2456 3435 2767 3495 thesaurum
2798 3443 3094 3517 deponunt,
3146 3450 3247 3521 ipsi
3292 3457 3510 3527 quidem

1904 3515 2208 3588 depositum
2252 3536 2471 3593 norunt,
2500 3530 2673 3586 oculis
2709 3549 2838 3589 vero
2882 3515 3133 3605 lustrant,
3168 3515 3255 3601 ne
3285 3515 3354 3602 ab
3394 3550 3514 3607 aliis

1904 3607 2061 3714 facile
2084 3612 2254 3684 abripi
2283 3618 2453 3685 possit
2480 3637 2493 3671 :
2523 3622 2602 3693 sic
2632 3626 2909 3694 propheta:
2934 3630 3062 3688 dum
3083 3632 3359 3697 Christum
3378 3660 3517 3714 pra:-

1905 3700 2171 3769 dicarent,
2206 3708 2537 3769 obscuritate
2567 3717 2853 3774 verborum
2906 3724 3220 3785 thesaurum
3266 3700 3513 3795 occulta-

1906 3805 2053 3897 r-nut.
2089 3796 2302 3900 Quare?
2328 3802 2381 3857 Si
2412 3804 2558 3861 clare
2582 3807 2867 3878 dixissent,
2912 3831 3020 3871 non
3051 3818 3245 3879 luisset
3276 3829 3514 3900 prephe-

1908 3886 2010 3989 tia,
2038 3889 2132 3944 sed
2170 3893 2503 3964 prmdicatio,
2534 3909 2589 3954 et
2633 3901 3007 3974 intempestiva
3056 3886 3299 3983 loquutio
3323 3886 3517 3989 prindi-

1905 3978 2146 4084 cationis
2180 3991 2639 4084 opportunitatem
2687 3978 3145 4070 prteoccupasset;
3196 3978 3336 4076 Quid
3386 4030 3518 4084 ergo

1907 4069 2147 4128 faciunt?
2178 4074 2610 4148 Interpretantur
2653 4096 2709 4141 et
2738 4069 3028 4147 occultant.
3053 4095 3185 4165 Quis
3205 4069 3330 4157 ~hoc
3350 4069 3516 4160 diciii’

1908 4162 2109 4221 Isaias:
2142 4168 2208 4221 Et
2232 4172 2327 4224 erit
2358 4172 2440 4227 hic
2481 4175 2609 4229 liber
2642 4182 2792 4248 quasi
2817 4183 2943 4237 liber
2975 4162 3268 4259 obsignatas
3291 4210 3311 4247 :
3339 4197 3427 4266 qui
3471 4200 3516 4252 si

1906 4258 2056 4314 detur
2085 4264 2192 4317 viro
2222 4266 2403 4319 scienti
2434 4268 2631 4338 literas,
2683 4274 2838 4341 dicet,
2888 4276 3015 4333 Non
3064 4258 3273 4351 possunt
3313 4258 3513 4360 legere;

1908 4352 2203 4425 obsignutus
2234 4360 2367 4411 enim
2394 4372 2487 4415 est.
2518 4362 2587 4416 Et
2611 4366 2657 4418 si
2680 4366 2829 4422 detur
2857 4373 3101 4427 nescienti
3125 4376 3320 4447 literas,
3349 4352 3509 4447 dicet,

1908 4443 2033 4499 Non
2057 4464 2267 4516 possum
2296 4452 2484 4523 legere,
2516 4458 2639 4528 quia
2665 4475 2768 4513 non
2806 4461 2966 4518 didici
3015 4464 3187 4523 literas
3231 4470 3284 4538 (Ι
3293 4443 3390 4526 sai.
3419 4443 3509 4532 29.

2034 4540 2147 4611 12).
2181 4541 2320 4609 Quid
2362 4546 2464 4601 sibi
2514 4550 2630 4604 vult
2661 4551 2765 4609 hoc
2793 4557 3064 4625 aenigma?
3103 4559 3397 4633 Prophetia
3445 4567 3513 4624 de

1907 4630 2145 4700 Christo,
2180 4637 2375 4706 inquit,
2404 4648 2458 4695 et
2486 4654 2519 4694 a
2546 4640 2751 4699 Iudicis
2774 4655 2828 4700 et
2855 4662 2885 4701 a
2906 4650 3198 4719 gentilibus
3216 4630 3514 4725 ignoraba-

1908 4734 2025 4778 tur:
2059 4741 2089 4780 a
2115 4726 2339 4794 Judmis,
2384 4732 2473 4797 qui
2506 4731 2692 4789 literas
2733 4737 2979 4795 sciebant
3018 4751 3073 4797 et
3101 4742 3274 4814 legem
3303 4758 3359 4803 et
3389 4765 3514 4819 pro-

1908 4821 2117 4889 phetas,
2151 4823 2275 4891 quia
2305 4823 2585 4895 obsignata
2631 4838 2783 4884 erat:
2815 4831 2989 4913 Judaei
3042 4834 3228 4893 literas
3267 4842 3515 4901 sciebant

1906 4918 1963 4963 et
1990 4911 2219 4966 instituti
2247 4926 2432 4982 erant;
2468 4916 2697 4989 ideoque
2728 4911 2858 4977 dicit
2882 4924 2987 4981 illis
3023 4926 3162 4984 Deus
3183 4946 3204 4984 τ
3227 4930 3328 4995 Qui
3354 4945 3516 5005 gesta-

1907 5003 2311 5072 miniexutero,
2346 5019 2395 5062 et
2421 5009 2746 5065 instituimini
2790 5030 2950 5084 usque
2992 5018 3062 5071 ad
3105 5023 3302 5077 senium

1906 5095 1999 5150 46.
2028 5096 2085 5169 5)
2111 5114 2124 5151 :
2156 5098 2385 5154 instituti
2408 5110 2590 5164 erant.
2622 5104 2719 5159 sed
2767 5109 3101 5178 nesciebant,
3147 5114 3272 5182 quia
3302 5095 3391 5173 res
3418 5120 3516 5175 ob-

1908 5192 2168 5247 scuritate
2196 5193 2499 5264 tegebatur.
2540 5195 2585 5248 Α
2629 5197 2923 5266 gentilibus
2962 5217 3092 5256 vero
3139 5205 3512 5277 ignorabatur,

1908 5296 2015 5337 non
2048 5292 2271 5353 propter
2295 5284 2707 5354 obscuritatem,
2741 5289 2838 5345 sed
2882 5294 3027 5361 quod
3072 5311 3299 5365 prorsus
3326 5301 3514 5358 literas

1907 5376 2241 5445 ignorarent.
2275 5376 2401 5433 Ideo
2432 5379 2630 5435 Paulus
2657 5381 2965 5453 Timotheo,
2999 5390 3091 5460 qui
3121 5390 3174 5445 in
3218 5392 3339 5464 lege
3373 5394 3509 5452 edu-

1896 5476 1966 5521 ‘ca
1976 5476 2059 5521 tus
2079 5466 2275 5533 fuerat,
2294 5469 2457 5525 dicit:
2490 5472 2622 5537 Quia
2640 5472 2703 5527 ab
2718 5474 2941 5547 infantia
2956 5495 3132 5535 sacras
3153 5482 3326 5540 literas
3352 5488 3512 5556 nosti,
3534 5552 3535 5555 η

1907 5575 2024 5629 qua:
2052 5571 2099 5615 te
2125 5574 2338 5631 possunt
2388 5564 2637 5619 instruere
2679 5567 2750 5621 ad
2777 5570 2995 5625 salutent
3025 5573 3101 5641 (2.
3138 5573 3274 5630 Tim.
3308 5579 3361 5635 3.
3396 5581 3513 5652 l5)~

1907 5650 2038 5705 Erat
2062 5666 2192 5722 ergo
2223 5652 2505 5722 prophetia
2537 5665 2597 5709 ut
2624 5656 2915 5715 thesaurus
2937 5660 2993 5716 in
3031 5664 3201 5720 sacris
3231 5666 3390 5723 libris
3420 5650 3509 5727 oc-

1903 5744 2087 5799 culta:
2122 5760 2227 5799 non
2256 5746 2620 5803 recedendum
2650 5753 2798 5807 enim
2828 5761 2910 5809 est
2951 5769 2984 5810 a
3029 5758 3241 5814 ratione
3287 5762 3510 5818 occulti.

1901 5839 2089 5911 Neque
2110 5839 2278 5897 Isaias
2304 5843 2452 5899 solus
2479 5844 2795 5915 prophetias
2816 5848 3040 5905 exhibet
3059 5850 3394 5924 obsignatas,
3415 5855 3512 5911 sed

1901 5946 2065 5993 etiam
2098 5937 2318 5995 Daniel:
2350 5953 2476 5997 nam
2504 5938 2637 5998 dicit
2673 5942 2751 6000 illi
2782 5942 3031 6017 angelus,
3072 5956 3360 6023 postquam
3406 5948 3511 6020 ipsi
