4034 6406
593 434 695 489 5'59

591 553 886 603 lutnrorum
915 542 1286 599 revelationem
1309 547 1697 592 monstraverat
1722 554 1734 591 :
1761 536 1826 590 Et
1845 547 1916 599 tu,
1945 534 2148 598 Daniel,

594 639 802 710 obsigna
844 635 1022 689 librum
1066 633 1198 685 hunc
1241 629 1467 690 visionis,
1510 629 1627 697 quia
1665 627 2010 695 interpretatio
2045 628 2154 695 ejus

595 731 772 803 procul
801 728 957 801 (Dan.
993 724 1079 779 12.
1103 724 1137 779 9
1145 709 1182 794 ι.
1216 723 1343 776 ldeo
1370 722 1556 819 beatus
1588 719 1773 785 David,
1817 734 1937 773 cum
1984 718 2151 819 legem

591 833 644 876 et
668 819 952 892 prophetas
976 833 1039 871 ex
1075 831 1300 885 persona
1334 813 1509 882 populi
1538 812 1768 880 legeret;
1802 824 1975 879 neque
2009 812 2152 863 enim

592 916 703 981 ipse
732 911 820 979 qui
847 907 1162 981 prophetice
1189 906 1523 976 loquebatur,
1553 903 1855 973 ignorabat;
1886 910 1941 954 nt
1970 908 2152 953 osten-

589 1004 741 1057 deret
771 1016 829 1055 se
854 1000 1140 1069 quamdam
1167 997 1363 1053 Christi
1387 996 1701 1051 oeconomiae
1726 992 1967 1047 notitiam
1993 1006 2153 1061 cape-

591 1109 668 1155 re.
698 1092 790 1147 sed
819 1108 925 1147 non
956 1106 1114 1161 posse
1140 1089 1437 1159 intelligere
1466 1089 1537 1142 ob
1560 1086 1822 1141 dictorum
1852 1082 2154 1137 obscurita—

590 1201 718 1251 tem,
739 1183 934 1253 aliquid
964 1170 1139 1236 simile
1167 1194 1353 1250 passus
1377 1186 1460 1232 est
1489 1178 1553 1231 iis
1568 1175 1654 1244 qui
1677 1188 1985 1271 crumenam
2013 1171 2159 1271 obsi~

586 1288 799 1348 gnatam
831 1276 1029 1329 vident.
1052 1271 1186 1340 Quid
1216 1284 1344 1339 ergo
1375 1268 1501 1323 facit
1520 1281 1640 1321 cum
1663 1265 1845 1319 literas
1874 1262 2036 1326 videt,
2054 1262 2154 1316 hcc

590 1380 764 1439 potest
792 1380 1008 1422 sensum
1036 1362 1262 1428 capere?
1290 1360 1453 1413 dicit:
1484 1357 1670 1411 Revela
1700 1357 1874 1409 oculos
1916 1369 2071 1417 meos,
2107 1363 2153 1406 et

586 1457 910 1515 considerabo
954 1452 1207 1508 mirabilia
1250 1452 1312 1503 de
1341 1452 1447 1519 lege
1474 1459 1560 1501 tua
1587 1446 1758 1515 (Psal.
1788 1445 1910 1500 118.
1945 1445 2071 1514 18);
2101 1452 2155 1498 et

586 1565 817 1611 rursum,
840 1538 1139 1599 Benedictus
1158 1557 1231 1603 es,
1261 1540 1495 1601 Domine,
1524 1538 1649 1590 doce
1671 1553 1750 1589 me
1764 1536 2153 1608 justiﬁcationes

586 1652 699 1694 tuas
747 1636 849 1708 (1b.
901 1652 951 1688 υ.
998 1632 1111 1702 12).
1159 1633 1351 1685 Annon
1396 1630 1566 1699 legisti
1613 1629 1664 1681 in
1710 1627 1860 1697 lege?
1903 1636 2155 1680 annonte

584 1730 794 1802 Moyses
822 1726 1133 1795 decalogum
1160 1720 1377 1777 docuit?
1396 1720 1498 1776 Sed
1530 1728 1616 1773 tua
1648 1719 1767 1772 volo
1797 1717 2028 1781 discere,
2057 1716 2154 1769 abs

588 1836 637 1880 te
669 1822 999 1893 legislatore,
1027 1834 1058 1872 a
1084 1817 1228 1872 fonte
1255 1814 1388 1886 legis
1418 1813 1541 1866 volo
1559 1811 1767 1865 discere
1798 1809 1929 1879 legis
1954 1809 2152 1862 verita-

589 1929 717 1973 tem.
750 1915 943 1969 Verum
972 1911 1181 1966 discere
1204 1907 1495 1979 quatrebat,
1522 1903 1613 1959 sed
1635 1903 1804 1973 gratia
1834 1900 2155 1957 recondebat

588 2009 653 2062 iis
682 2007 773 2077 qui
805 2002 1123 2060 beneﬁcium
1153 1998 1423 2066 accepturi
1447 2003 1623 2050 erant.
1655 1992 1778 2048 Ideo
1803 1992 2017 2047 dicebat
2036 1991 2154 2048 Ser-

587 2111 737 2153 vator
760 2093 1072 2164 discipulis:
1115 2090 1264 2144 Multi
1293 2105 1433 2159 reges
1476 2097 1523 2140 et
1544 2088 1672 2157 justi
1701 2085 2048 2140 desiderarunt
2074 2085 2152 2137 ui-

584 2191 702 2242 dere
727 2201 845 2256 qua
867 2200 953 2238 vos
976 2181 1171 2245 uidetis,
1196 2189 1244 2233 et
1266 2194 1363 2233 non
1391 2178 1652 2239 viderunt;
1676 2187 1725 2231 et
1748 2174 2049 2241 audireque:
2067 2188 2154 2227 vos

586 2280 795 2341 auditis,
827 2289 873 2331 et
901 2293 1002 2329 non
1040 2275 1347 2327 audierunt:
1373 2283 1591 2325 vestrum
1618 2280 1784 2324 autem
1827 2268 1957 2322 beati
1994 2268 2150 2334 oculi,

585 2376 701 2442 quia
732 2371 904 2424 ridetis
932 2367 1079 2438 (Luc.
1103 2367 1188 2421 l0.
1210 2366 1298 2419 24.
1329 2365 1443 2432 25).

654 2464 707 2516 5.
736 2461 838 2515 Sed
866 2458 1151 2529 quaerimus
1176 2455 1508 2526 quandonam
1536 2453 1766 2523 sigillum
1792 2450 2013 2506 fractum
2042 2449 2156 2506 fue-

585 2555 690 2614 rit,
724 2550 934 2621 quando
975 2550 1240 2603 vinculum
1287 2546 1598 2617 ignorantia:
1642 2545 1909 2608 solutum,
1948 2551 2001 2597 et
2037 2558 2156 2612 qua:

585 2647 763 2700 clausa
790 2650 964 2704 erant,
996 2649 1175 2709 aperta
1205 2638 1372 2691 luere.
1406 2635 1637 2689 Postulat
1677 2634 1728 2689 id
1759 2649 1790 2688 a
1820 2634 1975 2689 nobis
2002 2634 2157 2687 audi.

589 2746 671 2789 tor
702 2753 715 2788 :
746 2742 937 2802 praeter
960 2729 1255 2784 dcctrittain
1275 2769 1290 2792 ,
1332 2726 1545 2780 modum
1584 2726 1743 2779 etiam
1772 2724 1929 2794 sigilli
1958 2722 2158 2794 signifi-

585 2827 754 2893 casti,
784 2836 838 2880 et
878 2835 1085 2891 tempus
1127 2821 1406 2876 solutionis
1442 2820 1560 2889 ejus
1604 2834 1709 2872 non
1750 2817 1925 2872 dicis?
1953 2818 2157 2871 clausas

585 2915 863 2973 ostendisti
905 2914 1096 2982 jannas
1119 2952 1134 2977 ,
1182 2925 1359 2965 annon
1400 2908 1649 2963 ostendes
1688 2908 1992 2962 reseratas?
2020 2906 2155 2974 Quid

585 3007 750 3077 ergo?
781 3006 896 3063 Uno
935 3005 1096 3060 verbo
1138 3006 1299 3057 multa
1346 3001 1665 3071 expediens,
1702 3000 1923 3071 qumsito
1971 3002 2155 3056 faciam

584 3100 733 3152 satis.
765 3095 900 3163 Quid
946 3093 1136 3164 igitur?
1184 3093 1307 3146 l‘ost
1346 3088 1645 3146 Servatoris
1674 3091 2114 3146 resurrectionem
2136 3133 2152 3157 ,

588 3204 709 3243 cum
738 3186 912 3240 divina
956 3184 1120 3253 gratia
1163 3182 1338 3252 ignota
1382 3181 1560 3235 nmltis
1597 3191 1773 3243 esset,
1812 3182 1917 3233 duo
1942 3182 2153 3250 quidam

585 3278 965 3348 discipulorum
998 3276 1049 3328 in
1081 3276 1252 3328 vicum
1290 3273 1571 3337 abierunt,
1602 3281 1658 3327 et
1696 3281 1878 3327 tnutuo
1911 3283 1966 3325 ut
2001 3274 2155 3328 amici

587 3370 639 3424 in
683 3370 766 3422 via
811 3367 1147 3421 disserebant
1186 3366 1253 3419 de
1300 3365 1617 3419 oeconomia.
1666 3364 1916 3420 Servatur
1957 3375 2156 3420 mutata

589 3460 756 3513 forma
793 3466 849 3513 et
877 3456 1022 3511 vocis
1052 3470 1185 3509 sono
1217 3454 1389 3523 (quod
1434 3456 1575 3509 enim
1618 3454 1916 3510 videntibus
1960 3456 2154 3523 facies,

588 3550 689 3603 hnc
710 3564 808 3601 vox
836 3547 900 3603 iis
922 3546 1009 3616 qui
1041 3543 1227 3599 faciem
1257 3561 1359 3598 non
1384 3544 1604 3615 vident),
1633 3545 1863 3600 occultat
1891 3554 1946 3599 et
1975 3560 2155 3601 vocem

587 3648 641 3693 et
668 3638 912 3697 formant,
934 3636 1163 3704 dicitque
1193 3633 1295 3687 illis
1322 3635 1365 3686 is
1388 3634 1682 3703 quiomnia
1708 3637 1852 3689 novit
1882 3652 1897 3689 :
1923 3636 2020 3702 Qui
2041 3647 2155 3690 sunt

585 3730 668 3783 isti
693 3744 941 3782 sermones
967 3742 1092 3797 quos
1121 3725 1356 3793 confertis
1388 3726 1456 3779 ad
1490 3725 1739 3780 invicem?
1765 3726 2053 3798 Respondit
2081 3730 2154 3797 ei,

587 3819 678 3886 qui
707 3819 884 3873 omnia
912 3821 1131 3869 noverat
1151 3854 1183 3891 ,.
1198 3813 1243 3868 is
1263 3855 1279 3879 ,
1308 3815 1398 3883 qui
1426 3816 1493 3869 ab
1518 3816 1631 3884 ipso
1655 3818 1830 3870 omnia
1853 3817 2107 3874 didicerat
2138 3838 2151 3872 :

588 3907 669 3961 Tu
696 3906 833 3961 solus
857 3908 1147 3976 peregrinus
1172 3921 1222 3958 es
1245 3905 1297 3956 in
1322 3902 1605 3959 Jerusalem
1628 3945 1644 3971 ,
1674 3915 1719 3959 et
1746 3909 1903 3961 nescis
1928 3907 2022 3962 illa
2047 3926 2158 3979 qua:

587 4004 724 4070 facta
750 4006 865 4052 sunt
892 3998 942 4049 in
972 3997 1072 4050 ea?
1095 3996 1298 4063 Quibus
1325 3997 1433 4060 ille,
1462 3997 1588 4064 Qua
1613 3997 1763 4069 (Luc.
1793 4001 1883 4054 25.
1918 4001 2078 4057 17-19
2102 4004 2157 4073 )‘l

588 4089 687 4144 Hie
715 4089 851 4141 Deus
874 4087 961 4155 qui
983 4088 1157 4139 omnia
1189 4086 1333 4139 novit
1357 4095 1410 4140 et
1440 4088 2053 4161 interrogat,Filiusejus
2076 4104 2158 4148 est

588 4178 678 4247 qui
707 4176 840 4229 dixit
864 4175 1049 4239 Caino,
1082 4173 1178 4229 Ubi
1205 4184 1273 4229 est
1303 4176 1421 4230 Abel
1449 4177 1607 4245 frater
1646 4190 1761 4234 tuus
1790 4180 1944 4251 (Gen.
1970 4184 2025 4238 4.
2056 4184 2158 4254 9)?

591 4270 784 4324 Dicunt
809 4268 907 4331 illi,
938 4266 1017 4319 Ea
1046 4282 1156 4335 qui:
1182 4268 1244 4321 de
1267 4266 1391 4321 Iesu
1422 4267 1709 4338 Nazareno,
1735 4276 1819 4343 qui
1844 4276 1941 4343 [uit
1968 4277 2043 4331 uir
2068 4294 2161 4347 po-

588 4371 694 4413 tens
719 4374 869 4427 opere
890 4367 935 4411 et
960 4373 1208 4411 sermone.
1237 4358 1494 4414 Adhucne
1521 4361 1642 4415 vir?
1670 4372 1788 4430 post
1810 4373 1884 4418 tot
1904 4366 2155 4422 miracula

588 4450 710 4504 vir?
738 4458 857 4519 post
882 4457 959 4503 tot
983 4464 1169 4516 opera,
1201 4458 1319 4518 post
1346 4458 1545 4505 tantam
1577 4453 1767 4509 divina:
1791 4460 2041 4527 potentias
2062 4459 2157 4515 de-

590 4537 1068 4595 monstrationem?
1101 4535 1212 4591 Nos
1248 4549 1413 4594 autem
1436 4582 1453 4607 ,
1489 4540 1731 4611 inquiunt
1759 4544 1777 4615 (
1796 4564 1861 4601 ne
1893 4548 2155 4619 longiores

587 4629 763 4684 omnia
786 4629 1069 4683 scrutando
1092 4628 1319 4699 simus),
1346 4634 1439 4685 nos
1462 4641 1630 4685 autem
1657 4638 1997 4702 sperabamus,
2022 4630 2156 4710 quod

585 4721 695 4789 ipse
712 4718 1060 4785 redempturus
1082 4728 1206 4772 esset
1230 4718 1398 4774 Israel
1417 4720 1594 4789 (Joan.
1620 4723 1709 4778 2t.
1730 4725 1845 4795 2|).
1872 4728 2000 4785 Vide
2023 4748 2149 4802 quo-

588 4809 749 4864 modo
773 4809 827 4862 in
855 4809 984 4878 ipsis
1007 4807 1138 4862 fides
1164 4810 1272 4863 fere
1298 4812 1559 4866 exstincta
1586 4824 1747 4880 esset,
1772 4826 1824 4870 et
1842 4825 2155 4879 meonomiaa

585 4918 711 4973 spes
738 4902 967 4957 sublata.
998 4898 1111 4956 Nos
1130 4904 1557 4973 exspectabamus.
1586 4906 1698 4960 Non
1729 4909 1930 4975 dicunt,
1957 4913 2155 4985 Exspe-

585 5007 829 5060 ctamos,
858 4994 953 5049 sed
977 5037 993 5061 ,
1026 4992 1469 5063 Exspectabamus.
1508 4996 1740 5054 Noverat
1772 5001 1881 5071 jam
1912 5001 2069 5059 lldem
2101 5008 2153 5063 in

586 5089 717 5155 ipsis
746 5086 1008 5140 inﬁmam
1034 5100 1174 5151 esse,
1206 5095 1261 5139 et
1289 5096 1467 5141 mente
1495 5089 1797 5157 declinare;
1825 5093 2151 5167 adstititque,

583 5180 674 5250 qui
705 5180 943 5233 labantes
966 5178 1138 5231 ﬁrmat
1166 5187 1223 5232 et
1252 5177 1447 5233 fractos
1475 5196 1660 5237 omnes
1682 5184 1858 5254 erigit.
1890 5185 2023 5254 Quid
2054 5189 2155 5245 illis

586 5272 661 5321 ait
690 5266 959 5322 beneﬁcus
990 5266 1137 5335 ipse?
1164 5266 1209 5320 0
1233 5268 1375 5322 stulti
1403 5278 1448 5322 et
1478 5273 1611 5326 tardi
1640 5275 1807 5341 corde,
1838 5293 1939 5331 non
1962 5280 2154 5334 intelli-

584 5361 695 5428 gitis
726 5356 1061 5426 Scripturas.’
1088 5374 1252 5412 nonne
1287 5360 1394 5413 hac
1424 5363 1646 5429 oportuit
1672 5364 1923 5421 Christum
1952 5372 2078 5439 pati,
2108 5382 2154 5426 et

585 5454 772 5502 intrare
795 5449 848 5501 in
872 5447 1087 5518 gloriam
1113 5465 1253 5502 suam
1270 5453 1295 5504 7
1321 5450 1385 5504 Et
1408 5452 1653 5520 incipiens
1676 5472 1707 5508 a
1731 5457 1836 5528 lege
1862 5470 1909 5513 et
1938 5463 2153 5530 praphe-

584 5541 677 5602 tis,
704 5538 899 5609 aperuit
944 5538 1067 5606 ipsis
1094 5538 1383 5609 Scripturas
1414 5543 1574 5613 (Ibid.
1603 5563 1654 5601 υ.
1674 5546 1828 5603 25-27
1852 5550 1892 5622 ).
1929 5552 2153 5608 Viden'?

584 5630 833 5699 quamdiu
850 5630 1013 5685 abfuit
1028 5627 1287 5697 Christus,
1308 5648 1409 5687 nou
1425 5647 1606 5704 aperta
1620 5636 1957 5697 fuitveritatis
1971 5644 2153 5713 janua,

591 5734 695 5774 non
725 5720 955 5774 solutum
985 5729 1069 5775 est
1106 5720 1415 5790 ignorantia:
1446 5727 1733 5783 vinculum.
1765 5735 1986 5803 Aperuit
2012 5736 2153 5791 Scri-

587 5822 769 5877 pturas
794 5812 941 5881 quasi
971 5812 1175 5867 clausas
1194 5812 1383 5883 ianuas
1414 5834 1425 5871 :
1453 5834 1584 5889 quas
1606 5823 1839 5891 ianuas?
1864 5827 1938 5882 De
1962 5830 2152 5899 quibus

1710 421 2071 478 sevemsm
2132 420 2309 477 casa
2321 398 2473 481 Lott.
2513 424 2725 484 EPISC.

3740 433 3847 491 διο

2257 538 2331 590 ait
2360 537 2556 595 Paulus
2589 559 2603 598 :
2639 539 2705 597 Ut
2731 539 2873 597 Deus
2894 546 3092 613 aperiat
3111 547 3333 617 januam
3357 546 3587 617 gentibus
3617 544 3757 616 (Col.
3785 547 3841 602 ι.

2256 627 2348 694 5);
2380 639 2434 683 et
2466 645 2679 685 rursum
2709 632 2775 685 de
2800 632 3054 688 Cornelio
3074 676 3090 701 ,
3125 634 3392 704 Numquid
3426 636 3576 689 etiam
3616 636 3843 706 gentibus

2254 720 2450 786 aperuit
2472 720 2609 775 Deus
2629 726 2843 793 januam
2871 728 3178 795 paruiteutiaz
3202 728 3338 799 (Act.
3368 730 3454 784 H.
3483 728 3611 799 26)?
3635 728 3705 783 Et
3724 729 3845 785 vide

2256 809 2379 878 quid
2402 810 2678 879 dispenset
2704 813 2792 869 ille
2820 814 2937 871 fons
2963 817 3243 871 bonorum.
3270 820 3403 873 Cum
3424 819 3490 873 ad
3516 820 3694 874 vicum
3720 820 3844 875 Em.

2259 917 2409 957 maus
2450 908 2726 975 pervenit,
2757 924 2863 978 quo
2901 912 3191 966 tendebant
3227 914 3461 968 viatores
3485 956 3502 980 ,
3533 913 3710 968 adhuc
3741 914 3845 969 illis

2258 992 2485 1059 ignotus,
2514 996 2775 1051 dubitanti
2804 1002 3069 1069 apparuit.
3097 1001 3195 1057 Ubi
3223 1003 3365 1057 enim
3390 1018 3511 1057 cum
3544 1003 3650 1058 illis
3682 1020 3845 1059 recu-

2256 1082 2478 1149 buisset,
2512 1088 2685 1157 primo
2719 1099 2774 1142 ut
2802 1090 3113 1159 peregrinus
3144 1092 3371 1163 benigne
3396 1102 3664 1162 exceptus
3697 1094 3845 1165 (nam

2253 1175 2501 1231 dicebant
2526 1197 2537 1231 :
2570 1177 2724 1235 Mane
2747 1182 3025 1249 nobiscum,
3048 1185 3168 1254 quia
3192 1185 3437 1239 inclinata
3460 1196 3533 1240 est
3556 1187 3667 1241 dies
3691 1187 3843 1257 (Luc.

2253 1266 2343 1323 24.
2370 1268 2496 1340 29);
2528 1287 2592 1325 ne
2618 1275 2910 1342 ignorantia
2937 1274 3248 1344 dignitatem
3277 1292 3500 1346 prorsus
3528 1278 3843 1348 obtegeret,

2254 1360 2471 1430 Accepto
2511 1381 2639 1431 pane
2677 1365 2959 1434 benedixit,
2994 1370 3144 1440 [regit
3173 1380 3221 1424 et
3250 1370 3422 1435 dedit,
3452 1382 3500 1425 et
3528 1375 3696 1442 aperti
3728 1383 3847 1427 sunt

2253 1455 2390 1507 oculi
2431 1472 2637 1522 eorum,
2685 1473 3118 1528 cognoueruntque
3162 1463 3307 1516 illum
3353 1462 3515 1534 (Ibid.
3568 1464 3687 1537 30).
3737 1464 3847 1519 Cur

2254 1544 2426 1611 primo
2457 1561 2643 1614 panem
2674 1547 2841 1609 dedit,
2869 1562 2923 1605 et
2949 1554 3123 1620 aperti
3146 1562 3271 1607 sttnt
3296 1556 3433 1609 oculi
3455 1571 3641 1609 eorum
3662 1556 3686 1608 ?
3708 1555 3845 1621 Quia

2252 1634 2402 1689 cibus
2431 1636 2617 1690 Adami
2649 1640 2836 1693 oculos
2881 1643 3019 1696 male
3055 1655 3375 1711 aperuerat,
3408 1646 3732 1701 substitutus
3762 1656 3849 1703 est

2254 1739 2394 1779 nunc
2418 1726 2568 1781 cibus
2596 1744 2784 1783 novam
2812 1733 2957 1785 visus
2985 1734 3374 1789 restitutionem
3407 1736 3671 1799 efﬁciens.
3704 1736 3849 1794 Ocu-

2252 1814 2334 1870 los
2374 1820 2616 1886 aperiant
2662 1819 2934 1888 Ιιςυνυϋοί,
2971 1834 3025 1879 et
3073 1825 3244 1879 lucent
3290 1828 3534 1883 veritatis
3570 1829 3797 1882 videant
3831 1846 3847 1883 :

2254 1906 2403 1961 illum
2434 1909 2671 1975 videant,
2694 1913 2782 1981 qui
2808 1913 2858 1965 in
2887 1916 3151 1985 principio
3178 1916 3319 1970 Deus
3345 1930 3480 1982 erat,
3509 1919 3648 1973 Deus
3670 1931 3728 1973 et
3752 1920 3847 1973 Dei

2254 1997 2485 2055 Verbum
2519 2020 2532 2054 :
2565 2018 2710 2073 saepe
2739 2006 2958 2060 audiant
2989 2008 3114 2062 illud
3135 2052 3148 2071 ,
3184 2008 3343 2074 Erat,
3379 2022 3434 2066 et
3460 2023 3674 2067 cessent
3699 2014 3851 2069 dice-

2254 2104 2352 2145 re:
2384 2091 2506 2146 Non
2534 2104 2661 2147 erat.
2703 2093 2770 2149 In
2808 2099 3060 2166 principio
3101 2111 3208 2153 erat
3248 2100 3483 2156 Verbum.
3515 2104 3631 2159 Non
3661 2106 3851 2162 oonfe-

2254 2180 2375 2234 stim
2405 2180 2508 2236 hoc
2549 2184 2894 2251 prmdicatum
2931 2188 3059 2250 fuit;
3095 2206 3267 2260 neque
3295 2194 3437 2247 enim
3466 2192 3568 2248 hoc
3598 2197 3851 2265 capiebat

2255 2271 2503 2325 mundus.
2530 2272 2691 2329 Certe
2718 2287 2947 2346 quatuor
2972 2281 3333 2351 evangelistm,
3365 2282 3671 2351 Mattheus,
3704 2286 3851 2341 hlar—

2252 2375 2367 2425 cus,
2398 2362 2570 2418 Lucas
2596 2374 2650 2419 ct
2677 2366 2913 2423 JOannes
2933 2412 2949 2435 ,
2981 2385 3100 2424 cum
3146 2375 3578 2443 praedicationem
3621 2380 3850 2449 incepe-

2252 2460 2377 2505 runt
2396 2494 2411 2516 ,
2443 2470 2549 2508 non
2588 2458 2765 2510 statim
2805 2458 3005 2531 loqnnti
3046 2473 3171 2517 sunt
3200 2479 3264 2518 ea
3293 2482 3412 2535 quia
3438 2468 3553 2534 ejus
3579 2468 3839 2539 dignitati

2254 2546 2643 2613 competebant,
2670 2548 2762 2601 sed
2784 2550 3085 2606 auditorum
3110 2567 3323 2624 captum
3353 2570 3677 2623 Spectarnnt.
3713 2564 3850 2616 Mat-

2258 2633 2426 2689 thrcus
2452 2637 2529 2690 sic
2560 2636 2900 2708 Evangelium
2932 2643 3118 2712 incipit
3141 2664 3154 2699 :
3178 2645 3328 2700 Liber
3356 2652 3694 2719 generationis
3715 2653 3848 2708 Iesu

2256 2722 2460 2785 Christi,
2489 2726 2586 2793 ﬁlii
2613 2725 2797 2794 Dauid,
2827 2730 2925 2797 ﬁlii
2948 2731 3204 2787 Abraham
3238 2735 3425 2797 (Matth
3476 2740 3527 2793 1.
3558 2742 3635 2811 1).
3665 2741 3848 2809 Quare

2257 2832 2358 2871 n0u
2374 2815 2631 2874 FiliiDei?
2655 2836 2749 2875 cur
2772 2824 2930 2893 inope
2949 2824 3092 2880 dicto
3112 2826 3423 2898 dignitatem
3450 2834 3723 2887 occultas?
3748 2850 3846 2891 cur

2258 2906 2561 2962 hominibus
2587 2909 2764 2964 divina
2796 2911 3126 2970 abscondis?
3153 2919 3306 2987 Apud
3342 2919 3559 2975 Judznos
3582 2962 3596 2986 ,
3632 2923 3806 2993 inquit
3825 2964 3841 2989 ,

2256 2999 2509 3068 praedico,
2533 3002 2622 3069 qui
2654 3002 2938 3069 nejustum
2966 3006 3179 3075 quidem
3206 3010 3476 3067 hominem
3508 3024 3694 3082 putant
3720 3030 3848 3071 esse

2256 3090 2550 3148 Christum.
2601 3092 2793 3149 Filium
2833 3096 3063 3153 Abraha:
3107 3101 3343 3158 nondum
3386 3104 3718 3162 admiserunt
3743 3151 3759 3171 ,
3789 3121 3844 3164 ct

2256 3180 2447 3236 Filium
2483 3183 2575 3239 Dei
2604 3187 2905 3241 annuntiari
2933 3190 3245 3259 patientur?
3270 3194 3336 3247 Et
3362 3195 3503 3251 unde
3532 3196 3635 3253 hoc
3654 3200 3679 3252 ?
3704 3199 3847 3266 Quia

2257 3288 2354 3327 nec
2382 3288 2449 3329 ex
2475 3290 2671 3344 genere
2698 3278 2926 3333 Abrahae
2955 3294 3077 3336 esse
3105 3282 3515 3342 conﬁtebantur.
3542 3288 3659 3343 Non
3686 3291 3848 3346 audi-

2257 3365 2323 3418 sti
2353 3366 2470 3418 illos
2513 3381 2658 3434 saepe
2688 3367 3121 3437 blasphemantes
3149 3374 3371 3439 dixisse.
3401 3376 3768 3436 Samaritanus
3791 3399 3850 3438 es

2258 3467 2310 3509 tu
2331 3497 2345 3518 ,
2375 3467 2422 3509 et
2449 3457 2754 3512 daemonium
2786 3462 2937 3517 habes
2968 3462 3163 3534 (Joan.
3194 3465 3248 3522 8.
3272 3469 3347 3524 ‘48
3369 3470 3424 3535 )?
3453 3470 3552 3540 Qui
3594 3474 3749 3530 illum
3773 3492 3846 3532 ex

2256 3556 2561 3602 sanctorum
2599 3565 2795 3618 genere
2832 3554 3122 3621 ejiciebant
3145 3599 3159 3623 ,
3189 3558 3575 3631 dignitatemne
3601 3564 3845 3623 divinam

2254 3637 2631 3694 admisissent?
2659 3642 2793 3708 Quid
2828 3659 2956 3715 ergo
2998 3649 3110 3702 ait?
3153 3648 3304 3705 Liber
3341 3656 3676 3723 generationis
3710 3656 3849 3715 Iesu

2255 3728 2460 3795 Christi,
2490 3731 2585 3798 filii
2613 3729 2801 3799 David,
2826 3734 2923 3804 filii
2951 3736 3228 3795 Abraham.
3272 3741 3453 3798 Primo
3482 3746 3601 3801 illos
3624 3746 3846 3804 dilectis

2256 3821 2559 3877 nominibus
2607 3824 2843 3888 inducit,
2887 3830 3040 3897 queis
3082 3846 3280 3901 genere
3322 3837 3742 3907 copulabantur,
3787 3854 3849 3897 ut

2258 3909 2382 3966 hinc
2424 3913 2601 3967 allecti
2648 3916 2899 3984 paulatim
2941 3921 3218 3977 veritatem
3268 3925 3602 3995 invenirent,
3645 3946 3849 4002 nempe

2256 4004 2651 4071 generationem
2673 4006 2789 4061 sine
2814 4011 3079 4077 passione,
3108 4014 3500 4081 intemeratam,
3527 4018 3639 4076 Deo
3664 4021 3848 4093 dignis

2257 4093 2476 4171 vocibus
2507 4096 2845 4163 pra-dicatam
2866 4141 2881 4163 ,
2912 4103 3269 4172 omnibusque
3306 4108 3573 4165 traditam.
3606 4112 3844 4185 Rursum

2259 4182 2443 4237 beatus
2475 4183 2702 4252 Marcus,
2737 4188 3086 4261 Evangelium
3115 4211 3419 4266 aggressus,
3446 4204 3703 4258 anteriori
3735 4182 3847 4263 frc-

2257 4279 2341 4326 tus
2373 4275 2628 4330 exercitio
2650 4319 2665 4343 ,
2703 4277 2834 4334 dicit
2869 4283 3083 4351 quidem
3115 4285 3307 4342 Filium
3352 4290 3475 4357 Dei;
3516 4293 3612 4349 sed
3654 4298 3843 4352 statim

2256 4377 2555 4419 sermonem
2587 4372 2937 4437 compressit,
2968 4382 3022 4427 ct
3058 4389 3213 4430 sensa
3246 4378 3477 4444 minuit,
3510 4392 3568 4437 ut
3600 4384 3845 4443 alliceret

2256 4455 2572 4512 auditorem.
2609 4460 2896 4529 Baptistam
2925 4480 3054 4535 ergo
3078 4470 3257 4523 statim
3288 4483 3573 4543 memorat,
3605 4477 3799 4535 dicens
3825 4500 3840 4534 :

2262 4544 2471 4600 Initium
2516 4546 2782 4622 Evangelii
2821 4553 2946 4607 Jesu
2990 4555 3176 4611 Christi
3220 4560 3348 4614 sicut
3388 4565 3631 4633 scriptum
3674 4580 3750 4621 est
3790 4574 3844 4625 in

2256 4634 2399 4690 Isaia
2422 4642 2667 4711 propheta
2695 4658 2714 4696 :
2737 4641 2869 4699 Ecce
2894 4648 3037 4700 mitto
3060 4649 3297 4718 angelum
3321 4670 3486 4708 meum
3511 4669 3625 4712 ante
3655 4661 3843 4729 [aciem

2257 4736 2393 4781 tuam
2415 4770 2432 4796 ,
2457 4732 2545 4801 qui
2570 4736 2873 4803 prwparabit
2911 4740 3043 4792 viam
3070 4750 3210 4794 tuam
3236 4754 3355 4798 ante
3382 4758 3429 4800 te
3457 4750 3474 4814 (
3499 4747 3661 4802 Marc.
3698 4753 3748 4804 1.
3787 4755 3841 4807 1.

2255 4816 2336 4888 2).
2365 4818 2659 4877 Lucernam
2693 4827 2930 4883 veritatis
2953 4831 3209 4897 ostendit,
3237 4842 3292 4887 et
3324 4838 3503 4891 statim
3531 4840 3843 4898 occultavit.

2259 4909 2329 4963 Et
2368 4912 2540 4981 primo
2572 4914 2772 4983 profert
2807 4920 3108 4974 ministrum
3130 4963 3145 4988 ,
3177 4935 3232 4978 ut
3262 4942 3393 4981 voce
3434 4930 3519 4984 illa
3564 4929 3843 4989 institutus

2260 5004 2496 5071 auditor,
2523 5022 2710 5062 santnn
2741 5019 2794 5064 et
2825 5010 3117 5079 perfectum
3144 5016 3337 5072 divinre
3361 5023 3683 5090 cognitionis
3717 5042 3847 5082 ver-

2259 5096 2381 5151 bum
2425 5098 2638 5154 tandem
2680 5102 2968 5173 exciperet.
3016 5106 3268 5177 Sequitur
3313 5111 3482 5167 Lucas
3526 5117 3753 5185 tertius,
3786 5132 3844 5176 et

2258 5198 2378 5257 post
2406 5190 2523 5243 illos
2563 5192 2795 5247 medium
2826 5206 2970 5252 tenet
2999 5199 3170 5253 locum
3194 5243 3209 5267 ,
3239 5204 3584 5277 divinumque
3614 5211 3839 5267 verbum

2258 5280 2490 5349 attingit,
2520 5281 2612 5335 sed
2652 5298 2757 5337 non
2788 5285 3199 5358 interpretatur,
3244 5292 3553 5362 dignitatem
3581 5302 3838 5369 explicat,

2259 5370 2353 5423 sed
2384 5371 2456 5424 ait
2477 5413 2491 5435 ,
2525 5372 2776 5438 Quoniam
2822 5378 3021 5447 quidem
3062 5384 3210 5437 multi
3252 5390 3420 5440 conati
3454 5403 3569 5442 sunt
3599 5393 3841 5449 ordinare

2258 5464 2599 5517 narrationem
2619 5482 2794 5519 earunt
2822 5485 2934 5538 quae
2958 5472 3009 5524 in
3038 5475 3179 5528 nobis
3206 5480 3463 5547 completa:
3492 5494 3609 5536 sunt
3630 5502 3841 5543 rerum:

2258 5554 2419 5607 visum
2457 5566 2527 5608 est
2565 5567 2609 5608 et
2650 5558 2774 5610 mihi
2799 5601 2813 5623 ,
2843 5574 3107 5631 asseqnuto
3138 5568 3308 5620 omnia
3332 5586 3364 5621 a
3394 5574 3642 5642 principio
3667 5617 3680 5637 ,
3709 5576 3840 5631 sicut

2259 5647 2575 5701 tradiderunt
2619 5651 2779 5718 nobis,
2808 5656 2893 5722 qui
2922 5672 2952 5706 a
2983 5657 3232 5727 principio
3260 5662 3359 5728 ipsi
3389 5665 3636 5731 viderunt,
3667 5682 3713 5720 et
3744 5672 3841 5721 mi-

2258 5740 2405 5793 nistri
2430 5744 2633 5810 {uerunt
2655 5744 2789 5797 uerbi
2811 5743 2958 5816 (Luc.
2990 5749 3041 5801 1.
3072 5749 3155 5804 1-5
3176 5752 3215 5820 ).
3242 5750 3347 5808 Sed
3376 5757 3593 5811 verbum
3621 5759 3837 5827 quidem

2258 5832 2388 5887 dixit
2414 5850 2430 5898 ;
2464 5848 2568 5890 non
2591 5834 2724 5891 dixit
2751 5848 2949 5907 tamen,
2974 5840 3110 5897 Deus
3132 5857 3237 5899 erat
3270 5845 3508 5903 Verbum.
3539 5848 3678 5917 Quid
3708 5868 3838 5923 ergo
