4034 6408
428 401 522 460 ,ιιι

429 521 487 586 ἐξ
509 525 730 576 ἐκείνων
749 523 1070 596 θηραθέντες
1096 526 1234 580 κατά
1257 526 1448 597 μικρὸν
1474 525 1672 594 εὕρωσι
1698 524 1794 596 τὴν
1811 524 2084 593 ἀλήθειαν,

426 607 525 678 τήν
553 609 737 681 ἀπαθῆ
766 611 1030 678 γέννησιν,
1061 611 1161 683 τῆν
1189 613 1473 683 ἄχραντον,
1500 613 1596 682 τὴν
1625 612 1915 682 θεοπρεπεῖ
1950 611 2006 663 λό
2021 627 2090 679 ίῳ

427 698 852 765 κηρυττομένην,
903 697 1007 756 καὶ,
1032 698 1193 752 παντὶ
1243 699 1696 768 παραδδομένην.
1728 699 1894 752 Πάλιν
1923 700 1950 750 6
1986 713 2088 766 μα-

428 781 618 852 κάριος
651 784 894 853 Μάρκος,
938 782 1122 847 καθεὶς
1173 786 1363 838 ἑαυτὸν
1392 787 1470 848 εἰς
1520 785 1582 837 τὸ
1606 785 1956 853 Εὐαγγέλιον,
1992 783 2087 836 καὶ

427 867 706 940 θαρσήσας
732 874 842 932 τοῖς
868 873 1462 942 προγεγυμνασμένοις,
1493 871 1641 940 λέγει
1665 873 1761 941 μὲν
1785 872 1911 923 Υἰὸν
1928 869 2084 936 Θεοῦ,

427 955 540 1010 ἀλλ’
567 956 767 1020 εὐθέως
803 959 1104 1011 συνέστειλε
1129 958 1218 1010 τὸν
1238 957 1413 1028 λόγον,
1437 961 1530 1013 καὶ
1554 958 1850 1012 ὲκολόϐωσε
1877 959 1974 1028 τὴν
2001 957 2088 1010 έν-

425 1045 594 1105 νοιώι,
623 1043 709 1096 ἵνα
743 1045 960 1118 μαλάξῃ
989 1047 1080 1100 τὸν
1111 1048 1404 1120 ἀκροατήν.
1433 1047 1656 1114 Ἐπάγει
1678 1043 1771 1100 οὖν
1795 1045 1996 1108 εὐθέως
2017 1045 2085 1098 τά

425 1129 564 1182 κατά
613 1129 704 1182 τὸν
761 1131 1057 1204 βαπτιστήν
1108 1133 1298 1202 λέγων,
1341 1134 1510 1202 Ἀρχὴ
1568 1134 1674 1188 τοῦ
1731 1133 2083 1202 εὐαγγελίου

434 1217 634 1283 Ἰησοῦ
674 1220 930 1286 Χριστοῦ
956 1238 969 1252 ο
1032 1221 1224 1286 καθὼς
1269 1220 1590 1289 γέγραπται
1643 1221 1714 1274 ἐν
1745 1222 1958 1286 Ἡσαΐᾳ
2002 1220 2083 1285 τῷ

422 1303 722 1373 προφήτῃ·
781 1306 935 1360 ἰδοὺ
991 1307 1346 1361 ἀποστέλλω
1386 1307 1491 1361 τόν
1519 1307 1778 1377 ἄγγελόν
1815 1325 1934 1376 μου
1969 1307 2080 1374 πρὸ

421 1389 746 1454 προσώπου
779 1408 913 1465 σου,
945 1392 1011 1458 ὃς
1034 1395 1474 1450 κατασκευάσει
1500 1396 1615 1462 τὴν
1645 1396 1788 1450 ὀδόν
1814 1413 1930 1449 σου
1977 1395 2078 1462 ἔμ-

423 1477 686 1542 προσθέν
714 1493 849 1532 σου.
891 1479 1096 1544 Ἔδειξε
1127 1481 1223 1552 τὴν
1254 1481 1506 1553 λαμπάδα
1545 1488 1642 1554 τῆς
1669 1483 1945 1555 ἀληθείας,
1987 1483 2079 1534 καὶ

421 1563 621 1627 εὐθέως
659 1565 958 1635 ἀπέκρυψε.
988 1568 1095 1620 Καὶ
1126 1569 1386 1640 προφέρει
1419 1569 1632 1642 πρῶτον
1656 1572 1747 1624 τὸν
1781 1569 2076 1641 ὑπηρέτην,

420 1653 507 1703 ἵνα
542 1654 605 1721 τῇ
645 1655 792 1722 φωνῇ
842 1655 1196 1726 περιηχηθεὶς
1239 1657 1268 1706 6
1310 1658 1603 1728 ἀκροατὴς,
1655 1656 1869 1725 δέξηται
1894 1656 2078 1709 λοιπὸν

419 1737 582 1804 ὑγιῶς
603 1738 692 1789 τὸν
724 1740 955 1809 παντελῆ
979 1743 1078 1811 τῆς
1104 1742 1393 1810 θεογωνίας
1414 1744 1588 1811 λόγον.
1615 1745 1674 1797 ’0
1704 1745 1917 1805 Λουκᾶς
1945 1744 2076 1796 ἁκο-

418 1823 595 1875 λουθεῐ
627 1826 828 1895 τρίτος,
866 1829 958 1880 καὶ
988 1829 1148 1898 μέσος
1175 1833 1344 1900 χωρεῖ
1369 1831 1504 1898 μετὰ
1531 1830 1753 1893 τούτων,
1789 1831 1882 1884 καὶ
1911 1830 2078 1883 ἄπτε-

416 1926 504 1961 ται
527 1911 624 1979 μὲν
648 1912 740 1964 τοῦ
769 1911 912 1966 θείου
936 1914 1114 1979 λόγου,
1145 1917 1205 1967 οὐ
1240 1918 1345 1986 μὴν
1371 1917 1662 1987 έρμηνεύει
1686 1919 1779 1971 καὶ
1809 1917 2079 1970 ἀναπτύσ-

419 2012 498 2048 σει
528 1998 622 2067 τὴν
661 1999 831 2063 ἀξίαν,
883 2000 1018 2053 ἀλλά
1069 2018 1265 2071 φησιν·
1317 2003 1670 2072 Ἐπειδήπερ
1715 2003 1933 2058 πολλοὶ
1973 2005 2077 2057 ἐπ-

416 2085 738 2153 εχείρησαν
750 2088 1159 2152 ἀνατάξασθαι
1181 2090 1461 2160 διήγησιν
1481 2099 1614 2159 περὶ
1642 2091 1759 2144 τῶν
1779 2096 2076 2159 πεπληρο-

415 2173 762 2240 ⁵,ςορημένων
791 2177 859 2227 ἐν
890 2176 1030 2244 ἡμῖν
1059 2178 1435 2245 πραγμάτων,
1462 2179 1634 2243 ἔδοξε
1673 2181 1844 2246 κάμοὶ
1890 2197 2076 2247 παρα-

413 2262 805 2327 κολοιιθηκότι
838 2273 862 2301 α
894 2263 1010 2326 τοῖς
1058 2261 1244 2316 πᾶσιν
1271 2265 1371 2317 ἀπ’
1400 2266 1592 2333 ἀρχῆς
1617 2266 1857 2333 γράψαι,
1883 2266 2076 2330 καθὼς

416 2346 764 2413 παρέδωκαν
795 2349 936 2416 ἡμῖν
970 2353 1024 2403 οί
1057 2352 1159 2404 ἀπ’
1191 2351 1383 2418 ἀρχῆς
1411 2353 1697 2406 αὐτόπται
1721 2353 1816 2406 καί
1858 2352 2076 2419 ὑπηρέ-

417 2450 505 2486 ται
543 2453 590 2502 γέ
612 2438 846 2503 νόμενοι
887 2438 993 2490 τοῦ
1019 2440 1226 2506 λόγου.
1267 2439 1426 2491 Ἀλλά
1463 2438 1618 2506 λόγον
1647 2441 1744 2510 μὲν
1774 2435 1944 2503 εἶπεν,
1975 2443 2075 2493 οὐκ

413 2518 529 2574 εἷπε
556 2522 610 2574 δὲ
642 2523 720 2576 ὅτι
765 2523 855 2575 καὶ
906 2524 1050 2589 Θεὸς
1087 2521 1164 2592 ἦν·
1209 2529 1240 2578 ὁ
1276 2529 1485 2594 Λόγος.
1535 2527 1598 2579 Τί
1647 2523 1861 2580 οὖν’καὶ
1913 2528 2074 2591 αὐτὸς

416 2613 583 2676 ποιεῖ;
615 2610 918 2680 ’Λψάμενος
955 2614 1015 2665 τὸ
1055 2609 1213 2675 εἶναι,
1263 2614 1355 2666 καὶ
1403 2617 1680 2683 ἐννοήσας,
1734 2616 1814 2667 ὃτι
1855 2617 2074 2685 νεκραῖς

411 2699 601 2760 ἀκοαῖς
632 2699 833 2768 ἐνηχεῖ,
865 2700 1096 2769 κρύπτει
1119 2701 1215 2770 τὴν
1246 2700 1422 2766 ἀξίαν,
1455 2703 1546 2754 καὶ
1577 2702 1836 2770 προφέρει
1865 2703 1961 2771 τὴν
1990 2704 2072 2754 οἱ-

415 2785 704 2853 κονομίαν·
755 2779 1022 2855 Ἐγένετο
1073 2788 1261 2853 ἱερεὺς
1311 2789 1646 2856 Ζαχαρίας·
1705 2790 1799 2841 καὶ
1845 2789 1914 2842 τά
1945 2788 2074 2857 ἑξῆς

409 2869 502 2922 τοῦ
530 2872 866 2940 εὐαγγελίου.
893 2873 1099 2936 Πάντες
1120 2869 1212 2926 οὖν
1228 2875 1510 2945 ἐχώρησαν
1534 2877 1611 2939 εἰς
1639 2876 1736 2946 τὴν
1756 2879 1852 2947 τῆς
1874 2876 2071 2947 σαρκὸς

409 2959 736 3027 οἰκονομίαν,
768 2961 862 3013 καὶ
882 2961 979 3030 ἠρέ
988 2976 1064 3030 μα
1095 2978 1210 3024 πως
1236 2961 1321 3014 διὰ
1343 2963 1449 3015 τῶν
1472 2963 1761 3033 θαυμάτων
1783 2964 2073 3036 ἐγνώριζον

406 3044 506 3115 τὴν
531 3047 704 3110 ἀξίαν.
735 3047 1089 3118 Ἑκηρύττετο
1120 3048 1174 3101 δὲ
1215 3049 1306 3100 ἐπὶ
1332 3050 1424 3102 τοῦ
1449 3050 1583 3102 Θεοῦ
1617 3053 1792 3119 Λόγου
1823 3055 1885 3106 τὸ
1912 3054 2073 3118 ἀξίω-

414 3150 508 3203 μα,
536 3134 835 3204 ἐκρύπτετο
870 3137 928 3188 δὲ
959 3136 1026 3187 τὰ
1068 3137 1206 3189 κατὰ
1242 3136 1348 3188 τῶν
1386 3139 1673 3207 αἱρετικῶν
1711 3140 1860 3211 βέλη,
1892 3143 2072 3196 καὶτὸ

407 3221 506 3291 τῆς
526 3222 690 3291 ὀρθῆς
720 3223 876 3292 δόξης
905 3223 1254 3293 ἐπιτείχισμα
1281 3224 1492 3278 οὐδέπω
1521 3225 1598 3296 τῷ
1629 3228 1940 3300 κηρύγματι
1969 3230 2071 3302 τῆς

408 3306 690 3370 εὐσεϐείας
729 3311 1013 3380 ἐγήγερτο.

492 3394 743 3463 Ἰωάννης
768 3396 945 3449 τοίνυν
966 3399 994 3450 ὁ
1015 3398 1126 3460 υἱὸς
1154 3400 1251 3469 τῆς
1273 3398 1501 3470 βροντῆς
1525 3400 1829 3466 τελευταῖος
1845 3388 2068 3475 ’παρῆλ-

411 3480 502 3535 θεν
533 3482 624 3534 ἐπὶ
641 3481 739 3553 τὴν
760 3483 1035 3552 θεολογίαν
1063 3487 1199 3552 μετά
1219 3488 1344 3550 τοὺς
1363 3491 1511 3558 τρεῖς
1537 3490 1778 3553 ἐκείνους
1800 3492 2067 3561 κήρυκας,

411 3569 504 3622 καὶ
535 3570 758 3633 εἰκότως
801 3572 830 3622 6
879 3571 977 3641 μὲν
1016 3573 1396 3646 ἠκολούθησεν,
1442 3579 1491 3629 οί
1539 3577 1596 3630 δὲ
1637 3579 1957 3649 προέλαϐον,
2001 3580 2072 3634 τά

415 3658 585 3730 μικρά
613 3659 748 3723 τέως
773 3661 1409 3736 ἀστράπτοντες.Ὥσπερ
1438 3665 1543 3736 γὰρ
1567 3666 1669 3736 τῆς
1691 3668 1918 3738 βροντῆς
1940 3686 2070 3740 προ-

411 3751 625 3814 ηγεῖται
652 3749 924 3819 ἀστραπὴ,
969 3751 1054 3802 ἵνα
1089 3750 1162 3822 μὴ
1208 3753 1404 3823 ἀθρόον
1442 3755 1621 3828 ἐκείνη
1663 3759 1726 3808 ἐκ
1754 3756 1863 3809 τῶν
1893 3757 2070 3827 νεφῶν

413 3834 640 3903 ραγεῖσα
687 3834 865 3908 πλήξῃ
921 3836 1012 3888 τὸν
1068 3838 1365 3892 ἀκούονται⁹
1414 3841 1585 3905 οὕτως
1644 3843 1828 3915 ἐπειδὴ
1877 3844 2068 3915 ἔμελλε

414 3919 642 4005 βροντᾷν
669 3923 697 3974 6
731 3923 1000 3994 Ἰωάννης,
1029 3927 1076 3976 οἱ
1109 3928 1258 3996 τρεῖς
1284 3927 1662 3996 εύαγγελισταὶ
1690 3932 1843 4004 δίκην
1867 3936 2069 4005 ἀστρα-

413 4003 558 4058 πῶν·
590 4008 681 4059 καὶ
713 4010 759 4060 οί
789 4009 890 4079 μὲν
917 4011 1199 4082 ἦστραψαν
1229 4012 1326 4083 τὴν
1359 4016 1685 4085 οἰκονομίαν,
1718 4022 1746 4071 6
1775 4021 1832 4074 δὲ
1873 4003 2070 4094 βροντᾷ

408 4094 507 4164 τὴν
529 4094 819 4164 θεολογίαν.
852 4099 1055 4170 Βροντὴ
1081 4101 1159 4167 δὲ,
1188 4101 1428 4172 ἀδελφοὶ,
1462 4105 1597 4173 μετὰ
1618 4106 1855 4178 ὄμϐρων,
1877 4109 2068 4182 βροντὴ

413 4181 682 4252 φόϐητρόν
713 4185 820 4236 τῶν
852 4186 1135 4255 πονηρῶν·
1182 4190 1276 4242 καὶ
1331 4189 1518 4261 ὥσπερ
1566 4193 1630 4244 ἂν
1674 4195 1930 4264 σάλπιγγί
1963 4181 2067 4251 τινι

413 4271 747 4340 κεχρημένος
772 4275 834 4341 τῇ
867 4271 1061 4342 βροντῇ
1092 4276 1117 4326 6
1143 4275 1371 4346 οὐρανὸς
1399 4278 1553 4331 καλεῖ
1580 4279 1670 4331 τὸν
1691 4281 1914 4353 ὄμϐρον,
1937 4285 2069 4340 ἀλλά

413 4356 630 4428 πρῶτον
676 4361 795 4421 ταῖς
855 4359 1157 4430 ἀστραπαῖς
1228 4364 1491 4432 προκαλεῖ
1545 4365 1636 4420 τὸν
1682 4367 1830 4441 [415]
1883 4373 2066 4426 ὑετόν·

424 4445 748 4512 Ἀστραπὰς
777 4445 883 4517 γάρ
911 4451 944 4500 ό
971 4447 1115 4514 Θεός
1133 4453 1217 4515 είς
1248 4453 1426 4504 ὑετὸν
1449 4453 1763 4521 ἐποίησεν·
1792 4457 1978 4512 ἔπειτα
2000 4464 2066 4531 τῇ

414 4531 606 4601 βροντῇ
632 4534 768 4584 κινεῖ
793 4534 888 4596 τὰς
912 4535 1156 4602 νεφέλας.
1189 4535 1251 4588 Τί
1275 4534 1399 4603 οῦν;
1445 4540 1657 4612 Ἐπειδὴ
1689 4547 2070 4615 προηγήσαντο

410 4620 468 4671 αἱ
499 4619 750 4672 τοσαῦται
789 4623 1068 4692 ἀστραπαὶ
1094 4625 1188 4677 τοῦ
1237 4626 1414 4693 λόγου,
1444 4628 1724 4684 ἀκολουθεί
1758 4633 1819 4685 τὸ
1863 4635 2067 4696 λοιπὸν,

408 4712 483 4774 ὡς
508 4710 675 4781 ἔφθην
694 4713 880 4778 εἰπὼν,
902 4716 934 4783 ή
961 4713 1152 4785 βροντὴ
1181 4717 1277 4786 τῆς
1305 4717 1598 4787 θεολογίας,
1621 4723 2068 4795 καταπλήττουσα

415 4799 513 4868 μὲν
545 4798 771 4863 πολλοὺς
818 4804 881 4871 τῇ
933 4802 1202 4872 ὑπερϐολῇ
1241 4803 1338 4871 τῆς
1373 4805 1670 4875 θεολογίας,
1726 4811 1965 4882 φέρουσα
2013 4812 2069 4865 δὲ

410 4887 536 4948 τοὺς
561 4885 798 4957 ὄμϐρους
829 4890 926 4958 τῆς
951 4888 1228 4957 εὐλογίας·
1273 4892 1364 4943 καὶ
1399 4894 1526 4962 ἡμῖν
1570 4895 1666 4963 μὲν
1699 4896 1892 4969 βροντὴ
1926 4899 2070 4965 γίνε-

411 4989 500 5024 ται
550 4972 840 5041 θεολογίας,
874 4978 991 5037 τοῖς
1035 4977 1091 5027 δὲ
1127 4978 1421 5047 αἰρετικοῖς
1476 4978 1666 5052 βροντὴ
1706 4987 1830 5047 τοὺς
1866 4986 2068 5049 κακοὺς

414 5061 583 5130 Θῆρας
610 5062 675 5130 τῇ
718 5061 988 5132 ὑπερϐολῇ
1020 5064 1118 5132 τῆς
1151 5063 1558 5133 μεγαλοφωνίας
1586 5068 1900 5124 ἐλαύνουσα.
1937 5072 2066 5126 Ἀπὸ

412 5146 801 5215 ἐπιτιμήσεως
849 5162 964 5202 σου
1010 5150 1352 5219 φεύξονται,
1397 5152 1515 5206 ἀπὸ
1571 5157 1773 5226 φωνῆς
1805 5159 2068 5229 ,βροντῆς

412 5249 528 5286 σου
554 5233 985 5290 δειλιάσουσιν.

483 5328 557 5385 ς’.
586 5321 1006 5393 Ἀναδράμωμεν
1025 5320 1116 5378 οὖν
1147 5325 1282 5396 πρὸς
1302 5325 1396 5378 τὸν
1419 5329 1476 5380 ἐν
1499 5329 1639 5401 ἀρχῇ
1665 5331 1813 5394 Θεὸν,
1837 5335 2068 5404 ἀναϐρά-

414 5425 602 5491 μωμεν
631 5408 764 5479 πρὸς
793 5409 853 5462 τὸ
873 5410 1037 5465 ἀΐδιον
1054 5413 1186 5479 φῶς,
1212 5414 1607 5486 ἀναδράμωμεν
1623 5420 1758 5489 πρὸς
1783 5423 1873 5474 τὸν
1901 5424 2070 5491 Λόγον

410 5490 500 5543 διά
532 5492 599 5544 σὲ
643 5491 931 5561 γενόμενον
966 5493 1248 5562 ἄνθρωπον
1269 5513 1282 5527 ·
1331 5500 1620 5569 γενόμενον
1664 5502 1720 5554 δὲ
1751 5505 1876 5556 ὅταν
1909 5490 2066 5569 εἴπω,

412 5578 473 5630 οὐ
513 5577 934 5649 μεταϐληθεῖσαν
961 5579 1102 5649 λέγω
1132 5582 1313 5652 φύσιν,
1345 5585 1480 5639 ἀλλά
1522 5587 1621 5659 τὴν
1645 5589 1832 5660 θεῖκὴν
1870 5592 2069 5656 ἀξίανῦ

477 5695 505 5773 ς
527 5693 696 5773 Eorel‘.
726 5701 860 5773 sglu‘s
881 5699 1315 5773 παρακολουθῇσαι.

418 5820 434 5865 Ξ
462 5754 698 5865 Θταξίοιτιί.
721 5760 804 5816 τήν
829 5754 1082 5820 ἀνθρῶπων
1123 5754 1270 5816 ἀξίαν.
1316 5761 1466 5816 Sui}.
1493 5767 1576 5823 τήν
1608 5767 1783 5829 θεῐκὴν,
1829 5771 1948 5818 allus
1988 5772 2072 5828 τήν

435 5836 459 5864 ν
568 5851 580 5863 ‘

414 5834 580 5866 τινων.

1640 407 2007 466 σενιειιιΑΝι
2043 409 2132 465 CA
2144 409 2220 463 BA
2233 405 2392 463 LOR.
2437 400 2647 460 EPISC.

3757 395 3862 450 5.12

2194 521 2563 576 ἀναλαϐοῦσαν
2578 523 2645 574 τὰ
2670 521 2927 594 ἡμέτερα.
2953 519 3024 573 Τὸ
3049 518 3176 588 γὰρ,
3200 517 3389 586 Λόγος
3411 513 3566 583 σὰρξ
3599 512 3858 582 ἐγένετο,

2191 609 2250 660 οὐ
2295 609 2640 678 μετάπτωσιν
2667 609 2764 678 τῆς
2795 608 3010 676 φύσεως
3043 604 3257 677 μηνύει,
3295 603 3428 655 ἀλλά
3463 601 3559 671 τὴν
3589 600 3856 670 ἀνάληψιν

2189 695 2287 764 τῆς
2313 695 2587 766 ἡμετέρας
2617 694 2919 758 ἀσθενείας.
2960 696 3023 747 ΕΞ
3049 695 3156 764 γάρ
3190 692 3269 756 τὸ,
3302 689 3588 755 Ἐγένετο,
3629 691 3852 758 μεταϐο-

2188 780 2285 851 λὴν
2316 781 2573 850 νομίζεις,
2621 782 2716 834 ἐάν
2766 781 3005 852 ἀκούσῃς
3037 781 3132 833 τοῦ
3175 778 3386 831 Παύλου
3412 777 3682 844 λέγοντος,
3725 779 3858 845 Χρι-

2187 868 2335 933 στὸς
2361 868 2522 937 ἡμᾶς
2552 869 2925 938 ἐξηγόρασεν
2960 869 3026 920 ἐκ
3072 866 3182 932 τῆς
3216 863 3473 931 κατάρας
3507 863 3613 916 τοῦ
3641 865 3855 932 νήισιν.

2187 955 2506 1025 γενόμενος
2543 955 2695 1023 ὑπὲρ
2722 953 2890 1024 ἡμῶν
2912 953 3157 1020 κατάρα,
3185 952 3425 1020 κατάραν
3459 953 3535 1012 εἰς
3570 950 3732 1017 φύσιν
3762 952 3858 1004 καὶ

2188 1041 2533 1111 μετατροπὴν
2585 1041 2828 1111 κατάρας
2891 1039 3254 1109 ἐκλαμϐάνεις
3295 1040 3394 1105 τὴν
3434 1036 3597 1102 λέξιν.
3639 1036 3856 1106 Ὠσπερ

2183 1127 2312 1194 γοῦν
2341 1127 2423 1190 τὸ,
2453 1129 2724 1196 Γεγονὼς
2757 1125 3003 1194 κατάρα,
3034 1126 3185 1179 οὐδὲν
3203 1126 3288 1177 Et:
3299 1141 3387 1194 ρον
3412 1124 3687 1193 σημαίνει,
3713 1122 3746 1194 ἢ
3773 1124 3853 1175 ὅτι

2181 1214 2279 1284 τήν
2313 1213 2434 1267 καθ’
2470 1213 2627 1284 ήμῶν
2653 1215 2897 1284 κατάραν
2921 1214 2997 1275 εἰς
3025 1213 3216 1265 ἑαυτὸν
3239 1212 3494 1265 ἀνέλαϐεν
3515 1229 3528 1242 ·
3561 1210 3738 1271 οὕτως
3758 1210 3854 1261 καὶ

2180 1301 2257 1364 τὸ,
2297 1302 2358 1352 '0
2393 1303 2577 1370 λόγυς
2612 1301 2770 1369 σὰρξ
2797 1300 3050 1369 ἐγένετο,
3083 1300 3179 1353 καί
3211 1298 3565 1364 ἐσκήνωσεν
3589 1298 3660 1350 ἐν
3682 1297 3851 1365 ἡμῖν,

2179 1382 2330 1435 οὐδὲν
2351 1382 2478 1436 ἀλλο
2500 1384 2830 1454 παρίστησιν
2851 1383 2884 1453 ῆ
2907 1382 3004 1452 τῆς
3032 1382 3232 1452 σαρκὸς
3255 1381 3350 1450 τὴν
3370 1381 3653 1450 ἀνάληψιν.
3667 1381 3856 1449 Ἔχεις

2179 1467 2357 1520 εἰκόνα
2411 1469 2560 1538 παρά
2592 1468 2794 1539 σαυτῷ,
2831 1469 2858 1521 6
2905 1469 3057 1535 λόγος
3089 1469 3116 1521 6
3163 1468 3254 1530 σὸς
3301 1467 3582 1520 παιδεύσει
3616 1484 3678 1518 σε
3723 1468 3852 1536 περὶ

2178 1550 2273 1602 τοῦ
2299 1550 2431 1603 Θεοῦ
2459 1552 2651 1619 Λόγου,
2683 1554 2779 1620 οὐχ
2809 1551 2884 1612 ὡς
2919 1550 3156 1619 παντελῆ
3189 1551 3368 1620 φέρων
3395 1552 3494 1619 τήν
3530 1550 3850 1620 ὁμοιότητα,

2178 1635 2294 1689 ἀλλ’
2320 1637 2393 1699 ὡς
2419 1637 2555 1706 ἔχων
2582 1638 2723 1708 ἴχνος
2750 1639 2842 1690 καὶ
2873 1637 3107 1707 ἔμφασιν
3132 1639 3229 1707 τῆς
3259 1638 3407 1700 θείας
3436 1637 3592 1702 ἀξίας
3611 1639 3639 1688 6
3660 1637 3846 1703 λόγος.

2192 1723 2451 1777 Ἐνταῦθα
2480 1724 2536 1777 δέ
2578 1742 2667 1794 μοι
2699 1725 2926 1795 πρόσεχε
2952 1725 3041 1777 τὸν
3066 1722 3189 1776 νοῦν
3214 1724 3477 1794 ἀκριϐῶς,
3501 1725 3589 1778 ἴνα
3624 1727 3700 1794 μὴ
3731 1725 3848 1777 δια-

2178 1812 2339 1881 κενῆς
2376 1811 2601 1882 λέγηται
2623 1811 2690 1864 τά
2722 1813 2962 1883 ῥήματα,
2989 1811 3084 1864 καὶ
3116 1811 3440 1882 ἀφανίζηται
3475 1812 3542 1864 τὰ
3570 1810 3693 1864 θεῖα
3721 1812 3850 1881 νοή-

2180 1934 2345 1986 ματα.
2389 1918 2446 1969 Ὀ
2481 1918 2639 1984 λόγος
2682 1916 2711 1968 6
2771 1915 2880 1966 τῶν
2912 1911 3214 1982 ἀνθρώπων
3249 1907 3487 1976 (ἀμυδρα
3522 1905 3578 1954 δέ
3625 1907 3777 1954 ἐστιν
3815 1900 3846 1966 ἠ

2175 2003 2360 2068 εἰκὼν,
2392 2007 2490 2075 οὐχ
2518 2005 2638 2057 ὅλον
2659 2001 2982 2073 παριστῶσα
3001 1999 3062 2051 τὸ
3087 1996 3323 2062 ἀξίωμα,
3345 1991 3459 2045 ἀλλ’
3485 1993 3550 2042 ἐκ
3574 1988 3686 2040 τῶν
3720 1987 3845 2040 καθ’

2172 2095 2322 2162 ἡμᾶς
2366 2095 2433 2148 τά
2469 2095 2610 2163 ὑπὲρ
2645 2094 2793 2163 ἡμᾶς
2833 2084 3216 2155 διδάσκουσα)ο
3244 2086 3272 2136 6
3300 2081 3455 2148 λόγος
3499 2081 3527 2132 6
3568 2075 3849 2144 ἡμέτερος

2172 2180 2463 2250 ἀσώματός
2487 2184 2654 2239 ἐστιν,
2680 2180 2931 2248 ἀόρατος,
2956 2173 3288 2243 ἀκράτητος,
3311 2170 3447 2237 ἀκοῇ
3481 2166 3621 2235 μόνῃ
3659 2178 3847 2250 παρα-

2172 2247 2472 2337 δεδομένος.
2497 2267 2685 2328 Οὖδεὶς
2704 2261 2845 2317 οἶδεν
2873 2263 2994 2331 ὄψει
3017 2261 3197 2327 λόγον,
3217 2256 3390 2317 οὐδεὶς
3413 2253 3648 2319 κατέσχε
3676 2247 3848 2318 χειρὶ,

2169 2355 2288 2410 ἀλλ’
2338 2356 2483 2408 ἔστιν
2544 2356 2809 2424 ἀόρατος,
2845 2351 3182 2422 ἀκράτητος,
3215 2346 3317 2398 ὑπὸ
3357 2344 3487 2413 μιᾶς
3529 2339 3848 2407 αἰσθήσεως

2170 2444 2541 2515 κρατούμενος
2583 2445 2681 2512 τῆς
2717 2441 2908 2510 ἀκοῆς,
2954 2439 3049 2493 καὶ
3088 2435 3249 2490 τοῦτο
3295 2432 3565 2502 ἀοράτως.
3600 2428 3679 2480 Οὐ
3733 2425 3849 2494 γὰρ

2170 2537 2356 2602 χεῖρας
2391 2531 2732 2600 ἐκτείνασαή
2775 2529 2911 2598 ἀκοὴ
2967 2526 3222 2594 κατέχει,
3267 2522 3382 2574 ἀλλ’
3425 2519 3587 2580 αὐτὸς
3622 2519 3651 2570 6
3683 2516 3847 2583 λόγος

2169 2618 2428 2673 εἰσελθὼν
2462 2622 2764 2688 κρατεῖται.
2804 2619 2864 2670 '0
2894 2617 3051 2680 λόγος
3084 2612 3250 2674 αὐτὸς
3293 2610 3542 2678 γέννημα
3585 2606 3688 2673 μέν
3726 2607 3848 2656 ἐστι

2168 2706 2261 2758 τοῦ
2295 2705 2408 2768 νοῦ,
2437 2709 2694 2772 γεννᾶται
2740 2705 2794 2757 δὲ
2827 2706 2888 2758 οὐ
2938 2703 3121 2766 πάθει,
3155 2695 3254 2753 οὐκ
3287 2698 3410 2766 ὄψει
3443 2706 3489 2758 ε,
3533 2695 3595 2747 οὐ
3633 2692 3846 2761 διαιρέ-

2169 2811 2274 2858 σει,
2302 2795 2362 2856 οὐ
2401 2795 2681 2863 μερίζεται
2722 2792 2814 2846 τοῦ
2850 2791 2940 2845 νοῦ
2983 2790 3367 2859 γεννήσαντος,
3413 2785 3474 2836 οὐ
3510 2780 3841 2852 χωρίζεται,

2166 2884 2266 2936 οὐκ
2293 2884 2668 2952 ἀποσχίζεται.
2701 2881 2966 2934 Ἐνταῦθά
2990 2897 3077 2949 μοι
3113 2881 3318 2949 χρῆσον
3341 2875 3441 2942 τὴν
3465 2871 3659 2942 ἀκοὴν,
3693 2869 3848 2938 αἰρε-

2165 2971 2309 3033 τικὲ,
2339 2974 2530 3041 νόησον
2558 2970 2774 3040 πρῶτον
2801 2969 2868 3022 τὰ
2904 2969 2992 3032 σὰ,
3024 2967 3121 3019 καὶ
3143 2966 3262 3018 τότε
3289 2963 3563 3031 φαντάξου
3590 2959 3662 3010 τὰ
3690 2957 3841 3022 ὑπὲρ

2171 3058 2229 3111 σέ
2251 3076 2266 3089 ·
2295 3062 2457 3128 γεννᾷ
2478 3062 2504 3112 ὁ
2528 3060 2672 3119 νοῦς,
2697 3058 3020 3129 προέρχεται
3045 3056 3073 3106 6
3092 3055 3271 3121 λόγος,
3291 3052 3625 3121 προέρχεται
3647 3049 3716 3098 ἐκ
3740 3043 3842 3096 τοῦ

2166 3147 2551 3216 γεννήσαντος,
2594 3147 2685 3198 καὶ
2731 3146 2937 3206 πάντας
2969 3141 3168 3211 πληροῖ
3213 3140 3340 3202 τοὺς
3368 3138 3705 3196 ἀκούοντας,
3743 3130 3842 3184 καὶ

2166 3234 2262 3288 τοῦ
2298 3235 2652 3303 γεννήσαντος
2679 3233 2842 3286 αὑτὸν
2876 3231 2974 3283 οὐκ
3013 3231 3308 3298 ἀφίσταται
3337 3242 3348 3255 ·
3381 3224 3716 3296 προέρχεται
3753 3220 3840 3271 λό-

2168 3339 2264 3388 γος
2309 3324 2388 3382 εἰς
2423 3321 2629 3381 πάντας
2664 3318 3040 3390 μεριζόμενος,
3079 3317 3174 3369 καὶ
3211 3313 3450 3383 οὐδαμοῦ
3487 3310 3840 3381 σχιζόμενος.

2167 3411 2437 3472 Ἕκαστος
2473 3409 2582 3480 γὰρ
2615 3409 2829 3477 δέχεται
2849 3407 3144 3476 ὁλόκληρον
3171 3405 3262 3457 τὸν
3287 3403 3467 3469 λόγον,
3487 3401 3580 3453 καὶ
3605 3400 3758 3452 ἐστιν
3779 3400 3842 3450 ἐν

2165 3499 2413 3566 ἐκάστῳς
2440 3498 2533 3550 καὶ
2564 3499 2621 3549 ἐν
2655 3495 2931 3558 τοσούτοις
2974 3492 3350 3564 μεριζόμενος,
3386 3489 3499 3543 ἀλλ’
3534 3487 3841 3555 ὁλόκληρος

2165 3586 2529 3656 εἰσχεόμενος.
2562 3584 2620 3637 Ὀ
2643 3581 2739 3636 οὖν
2761 3585 3029 3654 ἡμέτερος
3066 3581 3223 3648 λόγος
3249 3579 3522 3632 δείκνυσιν
3554 3579 3614 3630 ἐν
3651 3575 3845 3644 ἐαυτῷ

2161 3676 2253 3727 τὸν
2276 3675 2612 3743 γεννήσαντα
2639 3671 2764 3725 νοῦν
2785 3689 2798 3701 ·
2835 3671 2942 3725 ἀπὸ
2975 3669 3083 3740 γὰρ
3106 3669 3199 3721 τοῦ
3218 3667 3382 3736 λόγου
3411 3664 3842 3732 καταλαμϐάνε-

2163 3779 2253 3816 ται
2286 3763 2318 3830 ή
2355 3760 2582 3813 διάνοια.
2623 3759 2822 3812 Σκόπει
2852 3757 2908 3810 δέ
2943 3775 3034 3827 μοι
3066 3758 3290 3809 κάκεῖνο
3312 3772 3327 3786 ·
3368 3753 3547 3823 τούτῳ
3575 3753 3654 3821 τῷ
3685 3753 3840 3821 λόγῳ

2164 3850 2241 3918 τῷ
2274 3847 2529 3918 ἡμετέρῳ
2553 3844 3080 3917 προαναζωγραφῶν
3108 3842 3207 3912 τὴν
3230 3841 3546 3911 οἰκονομίαν
3570 3840 3667 3892 τοῦ
3693 3839 3841 3893 Θεοῦ

2165 3937 2365 4003 Λόγου,
2397 3935 2580 3987 εἰκόνα
2624 3932 2749 3986 τινὰ
2782 3930 3104 4002 θαυμαστὴν
3155 3929 3588 4000 προανείληπται
3620 3927 3840 3996 γηῖνοις

2165 4021 2263 4088 μὲν
2299 4018 2514 4073 ἄνθεσιν
2541 4016 2950 4088 ὼραῖζομένην,
2989 4016 3312 4085 πρέπουσαν
3343 4012 3401 4066 δέ
3432 4015 3497 4082 τῇ
3534 4010 3629 4064 τοῦ
3669 4011 3841 4077 λόγου

2163 4107 2495 4179 προθεωρίᾳ.
2526 4107 2590 4159 Τί
2636 4102 2762 4168 οὖν;
2793 4105 2898 4157 Τὸν
2937 4104 3100 4171 λόγον
3150 4103 3241 4155 τὸν
3274 4101 3550 4172 ἡμέτερον
3597 4100 3840 4170 ἀόρατον

2161 4189 2311 4263 [414]
2341 4190 2492 4256 ὄντα,
2546 4188 2832 4258 καὶσῶμα
2888 4188 2964 4257 μὴ
3007 4187 3220 4256 ἔχοντα,
3255 4185 3349 4238 καὶ
3391 4182 3713 4254 κρατεῖσθαι
3757 4182 3840 4252 μὴ

2157 4275 2486 4342 δυνάμενον,
2523 4273 2689 4341 ἐτέρα
2738 4273 2844 4322 τινὶ
2895 4269 3058 4339 σοφίᾳ
3096 4270 3123 4322 6
3174 4265 3309 4330 Θεὸς
3351 4265 3836 4339 μεταρρυθμίσας,

2161 4362 2255 4414 καὶ
2285 4360 2516 4429 ὁρᾶσθαι
2547 4359 2840 4428 πεποίηκε,
2881 4357 2976 4410 καὶ
3025 4355 3372 4426 κρατεῖσθαι.
3415 4354 3482 4406 Τί
3511 4353 3619 4422 γὰρ
3647 4357 3837 4419 ποιεῖς

2172 4447 2390 4519 Ἐπειδὴ
2432 4449 2529 4517 οὐχ
2577 4449 2788 4517 ἑωρᾶτο
2819 4445 2962 4514 ὄψει,
3020 4443 3197 4496 ἐνδύει
3244 4440 3465 4495 αὺτδνά
3520 4441 3720 4508 σῶμα,
3771 4444 3840 4495 τὸ

2157 4535 2410 4606 γράμμα,
2447 4537 2540 4588 καὶ
2579 4534 2770 4603 ὥσπερ
2802 4533 2926 4585 τινα
2973 4531 3155 4602 σάρκα
3205 4529 3357 4600 αὐτῷ
3390 4528 3695 4600 περιέθηκε
3729 4529 3838 4601 τὴν

2156 4624 2266 4677 τῶν
2299 4625 2646 4693 γραμμάτων
2673 4622 2794 4692 ὄψιν
2815 4636 2828 4650 ·
2865 4622 2959 4673 καὶ
2989 4620 3048 4673 ὃν
3077 4619 3209 4672 ποτὶ
3248 4618 3464 4673 ἀκούων
3496 4618 3594 4688 οὐχ
3625 4617 3835 4689 ἑώρας,

2157 4709 2553 4779 ἀναγινώσκων
2599 4712 2762 4780 ὁρᾷς·
2917 4709 3164 4777 ἐντυχεῖν
3197 4706 3301 4760 οὐκ
3344 4705 3554 4767 ἐδύνου,
3588 4705 3679 4759 διὰ
3729 4707 3840 4775 τῆς

2164 4798 2346 4868 βίϐλου
2383 4796 2692 4864 βαστάζεις.
2732 4796 2891 4850 Ἀλλά
2936 4793 3283 4865 σωματοῦται
3338 4794 3438 4863 μὲν
3477 4796 3506 4846 6
3543 4793 3703 4861 λόγος
3744 4794 3840 4848 ὃιά

2158 4885 2253 4938 τοῦ
2280 4886 2630 4956 γράμματος,
2673 4886 2734 4936 ού
2765 4883 3143 4956 περικλείεται
3173 4881 3236 4935 δέ
3255 4880 3332 4951 τῷ
3362 4881 3678 4952 γράμματι,
3715 4882 3836 4936 ἀλλ’

2158 4973 2273 5026 ἔστι
2308 4974 2458 5044 παρά
2490 4972 2568 5041 τῷ
2618 4972 2853 5040 λέγοντι,
2884 4973 2978 5025 καὶ
3027 4971 3177 5040 παρά
3228 4970 3307 5041 τῷ
3357 4967 3791 5038 ἀναγινώσκοντι
3820 4988 3836 5002 ·

2158 5064 2264 5117 κάν
2297 5081 2381 5126 τις
2429 5060 2646 5126 λαϐὼν,
2683 5061 2929 5129 ἀδελφοὶ,
2966 5059 3173 5130 βιϐλίον
3219 5059 3404 5131 σχίσῃ,
3439 5059 3500 5111 τὸ
3540 5057 3702 5128 σῶμα
3736 5058 3837 5112 τοῦ

2159 5151 2322 5219 λόγου
2346 5150 2584 5219 ἔσχισεν,
2612 5150 2673 5202 οὐ
2697 5149 2788 5201 τὸν
2820 5149 2977 5214 λόγον
3004 5148 3190 5216 ἔτεμε.
3214 5149 3322 5199 Καὶ
3349 5147 3434 5199 ἶνα
3461 5146 3639 5217 μάθῃς
3664 5148 3748 5199 ὃτι
3773 5148 3837 5202 οὗ

2164 5237 2620 5291 συναναλίσκεται
2651 5237 2945 5306 γράμματι
2970 5235 3151 5302 λόγος,
3182 5234 3332 5302 λέγει
3359 5235 3387 5286 6
3407 5233 3540 5295 Θεὸς
3572 5233 3650 5302 τῷ
3678 5233 3840 5306 Ἰερε-

2164 5328 2283 5398 μία,
2317 5325 2591 5390 Καθίσας
2628 5323 2864 5394 ’γράψον
2894 5323 2993 5375 ἐπί
3028 5323 3271 5387 βιϐλίου
3301 5321 3531 5387 πάντας
3559 5321 3702 5387 τοὺς
3726 5325 3838 5376 λό-

2159 5437 2326 5488 γους,
2355 5415 2454 5468 καί
2479 5412 2686 5479 ἐπίδος
2721 5411 2990 5480 Ἰωακείμ
3014 5409 3095 5475 τῷ
3119 5409 3390 5474 βασιλεῖ.
3408 5405 3516 5462 Ἦν
3540 5409 3597 5462 δὲ
3620 5411 3649 5460 6
3675 5409 3840 5480 λόγος

2175 5505 2370 5576 μεστὸς
2396 5499 2649 5570 ἐλεγμοῦ.
2685 5500 2836 5551 Ἐπεὶ
2857 5495 2951 5552 οὖν
2980 5500 3030 5551 οἰ
3055 5498 3314 5552 δυνάσται
3337 5496 3460 5559 τοὺς
3486 5496 3744 5566 ἐλέγχους
3771 5500 3835 5551 οὐ

2225 5726 2249 5754 c
2283 5712 2367 5763 Sic
2393 5723 2525 5762 unus
2548 5707 2733 5758 melius
2756 5718 2901 5770 quam
2926 5700 3338 5770 edil_i,_66_ag6«yu.
3435 5762 3445 5770 _
3686 5761 3696 5770 ι

2226 5776 2250 5815 d
2281 5762 2403 5825 lidili
2428 5773 2614 5832 Ιίαιιτένν,
2641 5762 2956 5818 unus'codex
2978 5765 3137 5815 αὐτόν.
3161 5763 3245 5815 Sic
3259 5762 3530 5826 'legendum
3554 5773 3637 5808 sus
3649 5762 3839 5820 picata!

2167 5847 2275 5889 erat
2295 5836 2444 5887 εωιι.
