4034 6410
170 474 261 532 λιι
1494 456 1582 513 ne
1621 451 1909 513 SIGIIJJS
1948 452 2200 511 SERMO.

168 595 323 650 facit?
344 594 633 665 Postquam
652 608 765 648 rem
779 591 1050 660 attigerat,
1062 585 1304 655 Cogitans
1320 597 1379 639 se
1398 580 1626 637 mortuis
1638 578 1773 632 auri-

168 688 265 742 bus
285 688 560 750 insonare,
579 686 894 755 dignitatem
909 681 1068 745 celat,
1090 688 1144 734 et
1164 676 1522 734 oeconomiam
1541 672 1776 743 profert:

172 778 291 835 Fuit
306 781 547 834 sacerdos
560 779 859 841 Zacharias,
876 775 1188 830 etc.0tnnes
1206 787 1334 841 ergo
1356 770 1423 824 ad
1441 770 1618 824 carnis
1637 782 1783 821 ueco-

171 876 403 928 nomiam
435 882 719 937 venerunt,
746 880 799 925 et
830 885 923 939 per
952 865 1206 922 miracula
1237 863 1551 933 dignitatem
1571 857 1772 911 sensim

172 964 899 1020 indicarunt.Pra:dieabatur
915 958 1172 1014 DeiVerbi
1188 956 1445 1025 dignitas,
1464 953 1568 1005 tela
1583 959 1770 1004 contra

174 1060 456 1114 litereticos
468 1057 896 1117 occultabantur,
913 1062 967 1107 et
994 1060 1155 1105 rectae
1176 1048 1459 1103 sententia:
1475 1058 1783 1115 propugna-

170 1152 349 1207 culum
382 1151 621 1204 nondum
645 1146 856 1217 pietatis
883 1143 1263 1215 praedicatione
1276 1139 1567 1195 excitatum
1586 1134 1776 1189 fuerat.

243 1243 368 1298 Tres
408 1244 605 1312 priores
644 1238 983 1310 Eeaugelisla:
1024 1236 1269 1305 fulgura,
1317 1230 1545 1285 Joannes
1590 1227 1782 1281 tonitru

172 1336 289 1403 fuit.
331 1364 402 1374 —
440 1333 676 1388 Joannes
722 1345 852 1400 ergo
901 1328 1042 1381 tilias
1092 1323 1311 1380 tonitrui
1362 1333 1678 1419 postremus
1713 1316 1778 1370 ad

173 1424 497 1494 theologiam
530 1422 762 1476 accessit
792 1428 913 1488 post
944 1430 1052 1472 tres
1097 1416 1220 1469 illos
1249 1426 1549 1483 prtecimes,
1584 1420 1637 1463 et
1660 1416 1783 1478 jure

175 1518 263 1572 hic
290 1526 555 1584 sequutus
582 1522 702 1578 est;
735 1511 809 1565 illi
845 1515 1261 1580 praecesserunt,
1292 1514 1347 1559 et
1375 1502 1646 1572 paululum
1680 1499 1780 1553 ful-

176 1609 325 1678 guris
354 1607 672 1661 emiserunt.
703 1598 1167 1670 Quemadmodum
1196 1598 1339 1653 enim
1369 1595 1548 1664 fulgur
1579 1595 1778 1646 tonitru

174 1698 471 1766 praecedit,
514 1712 582 1751 ne
625 1705 851 1764 repente
892 1707 957 1747 ex
1007 1690 1237 1744 nubibus
1286 1698 1579 1754 erumpens
1624 1697 1784 1737 aures

172 1789 431 1859 percellat
461 1805 472 1839 :
509 1788 578 1841 ita
605 1797 891 1855 antequam
921 1783 1156 1836 Joannes
1183 1788 1430 1839 tonaret,
1463 1786 1573 1830 tres
1604 1790 1769 1829 evan-

167 1881 373 1951 gelistze
406 1882 576 1932 instar
606 1878 877 1946 fulgurum
910 1882 1320 1944 przcceSserunt.
1354 1869 1431 1922 Illi
1466 1870 1633 1922 instar
1664 1866 1767 1920 ful-

166 1988 357 2042 gurum
396 1970 756 2025 teeouomiam
799 1967 1171 2029 illuStrarunt;
1206 1962 1292 2016 hic
1333 1960 1656 2030 theologiam
1692 1967 1778 2011 to-

168 2075 281 2119 nat.
318 2064 545 2118 Tonitru
585 2073 765 2115 autem
788 2101 804 2124 ,
844 2058 1075 2123 fratres,
1106 2065 1226 2127 post
1270 2054 1501 2125 pluviam
1531 2094 1544 2117 ,
1578 2052 1780 2104 tonitru

170 2156 482 2211 terriculnm
509 2164 593 2208 est
620 2153 989 2224 improborum
1021 2167 1036 2201 :
1067 2164 1129 2204 ac
1171 2148 1310 2202 sicut
1338 2146 1531 2199 cadum
1578 2144 1780 2197 tonitru

168 2264 265 2304 ceu
297 2250 423 2303 tuba
455 2246 685 2317 quadam
718 2261 870 2300 usum
898 2287 911 2308 ,
943 2242 1175 2314 pluviam
1210 2241 1439 2294 advel-at
1459 2281 1473 2303 ,
1505 2238 1599 2293 sed
1632 2238 1780 2305 prius

173 2341 411 2412 pluviam
446 2340 684 2401 excitat;
718 2352 839 2390 nam
879 2336 1018 2389 Deus
1054 2333 1285 2403 Fulgura
1315 2332 1367 2384 in
1398 2330 1626 2400 pluviam
1661 2330 1780 2399 fecit

180 2430 375 2501 (Psal.
423 2430 548 2484 154.
589 2429 656 2499 7)
696 2446 709 2482 :
747 2425 940 2481 deinde
985 2425 1180 2478 tonitru
1231 2425 1398 2475 nubes
1444 2429 1763 2475 commovet.

168 2521 305 2589 Quid
338 2519 541 2590 igitur?
568 2518 702 2586 Quia
745 2525 1133 2588 praecesserant
1169 2522 1311 2567 tanta
1348 2514 1494 2569 verbi
1527 2514 1733 2581 fulgora
1758 2553 1774 2578 ,

167 2614 414 2684 sequitur
449 2612 666 2667 demum
690 2652 704 2675 ,
747 2619 803 2664 ut
842 2610 997 2675 dixi,
1041 2610 1241 2662 tonitru
1288 2607 1605 2676 theologiae,
1634 2605 1779 2675 quod

170 2706 373 2759 multos
405 2704 738 2757 sublimitate
768 2718 862 2757 sua
907 2702 1165 2770 percellat
1194 2740 1211 2766 ,
1251 2699 1344 2754 sed
1389 2699 1780 2753 benedictionis

170 2799 374 2851 imbres
415 2798 648 2851 emittat.
679 2794 747 2848 Et
790 2794 944 2847 nobis
982 2791 1197 2862 quidem
1249 2792 1449 2844 tonitru
1496 2790 1779 2859 theologia:

172 2890 443 2955 efficitur;
478 2888 750 2943 haereticis
780 2901 907 2941 vero
940 2886 1170 2947 tonitru,
1201 2883 1342 2953 quod
1377 2883 1549 2938 malas
1582 2883 1780 2936 bestias

167 2982 501 3036 sublimitate
523 2980 673 3033 vocis
693 2979 948 3047 depellat.
978 2978 1052 3030 Ab
1080 2976 1430 3044 increpatione
1453 2986 1538 3029 tua
1561 2976 1777 3045 fugient,

168 3089 200 3125 α
226 3088 348 3127 race
375 3071 586 3124 tonitrui
618 3073 694 3123 tui
722 3069 1072 3141 formidabant
1105 3067 1279 3136 (Paul.
1311 3067 1435 3124 105.
1467 3066 1542 3137 7).

242 3164 298 3220 6.
332 3165 699 3217 Accurramus
729 3176 859 3232 ergo
900 3160 965 3214 ad
1007 3175 1128 3215 eutn
1162 3160 1251 3226 qui
1285 3159 1337 3213 in
1380 3158 1640 3229 principio
1663 3169 1781 3213 erat

172 3258 350 3319 Deus,
382 3268 732 3311 accurramus
769 3254 835 3307 ad
883 3263 1141 3308 aeternam
1190 3252 1401 3317 lucem,
1434 3267 1780 3306 accurramus

170 3348 236 3404 ad
268 3348 507 3403 Verbum
538 3355 759 3416 propter
790 3354 842 3399 te
879 3343 1080 3398 factum
1123 3343 1423 3399 hominem.
1456 3342 1588 3396 Cum
1621 3344 1776 3409 dico,

172 3442 384 3511 fectant,
416 3452 527 3491 non
558 3445 817 3491 mutatam
848 3435 970 3489 dico
1008 3444 1277 3499 naturam,
1308 3434 1401 3489 sed
1431 3435 1664 3489 divinam
1694 3436 1779 3489 di-

169 3531 431 3601 gnitatem
486 3537 668 3584 nostra
714 3537 1101 3583 assumentem.
1153 3527 1286 3582 Illud
1331 3530 1511 3593 enim,
1568 3528 1780 3583 Verbum

170 3637 293 3675 caro
320 3625 514 3692 factum
545 3630 640 3687 est,
675 3636 778 3674 non
811 3620 1015 3689 lapsam
1050 3631 1295 3674 naturam
1325 3621 1545 3689 indicat,
1577 3622 1669 3675 sed
1700 3622 1783 3676 in-

172 3715 483 3769 ﬁrmitatem
511 3722 751 3767 nostram
774 3722 1127 3781 assumptam.
1153 3712 1285 3766 Nam
1313 3713 1357 3766 si
1382 3712 1537 3780 illud,
1564 3712 1780 3768 Factum

172 3815 270 3872 est,
299 3804 653 3858 mutationem
682 3817 805 3857 esse
834 3813 1021 3872 putas;
1052 3802 1095 3856 si
1127 3802 1317 3857 audias
1346 3802 1569 3858 Paulum
1598 3805 1782 3859 dicen-

175 3908 305 3960 tem,
331 3896 565 3949 Cltristtts
595 3909 686 3948 nos
717 3894 929 3948 redemit
956 3911 988 3948 a
1012 3894 1283 3949 maledicto
1313 3895 1461 3966 legis,
1493 3900 1661 3967 factus
1688 3915 1780 3969 pro

173 3989 317 4043 nobis
348 3987 675 4042 maledictum
705 3984 866 4056 (Gal.
895 3988 949 4043 3.
982 3987 1119 4056 l3);
1152 3987 1496 4042 maledictum
1539 3989 1589 4042 in
1622 3999 1779 4043 natu-

173 4094 290 4135 ram
320 4080 561 4144 referes,
593 4090 646 4134 et
691 4079 1043 4133 mutationem
1092 4079 1362 4132 maledicti
1401 4080 1507 4134 dici
1548 4081 1778 4150 putabis.

178 4170 241 4228 Ut
270 4186 402 4242 ergo
432 4169 588 4236 illud,
622 4167 816 4223 Factus
841 4169 1192 4237 maledictum,
1227 4170 1358 4224 nihil
1391 4172 1535 4226 aliud
1575 4175 1779 4244 signifi-

174 4271 290 4325 cat,
322 4276 485 4331 quam
514 4260 656 4330 quod
700 4261 816 4330 ipse
856 4260 1199 4315 maledictum
1244 4262 1297 4315 in
1340 4276 1399 4316 se
1436 4267 1731 4333 susceperit
1764 4285 1778 4322 :

174 4358 254 4411 sic
283 4353 449 4417 illttd,
484 4351 552 4406 Et
592 4351 811 4407 Verbum
842 4369 964 4407 caro
995 4357 1187 4424 factum
1228 4363 1334 4419 est,
1370 4364 1415 4409 et
1456 4355 1696 4411 habitabit
1729 4360 1784 4413 in

176 4448 321 4502 nobis
343 4489 359 4513 ,
391 4445 526 4515 nihil
552 4444 696 4499 aliud
730 4443 995 4514 significat
1016 4487 1029 4507 ,
1060 4460 1219 4515 quam
1247 4447 1428 4501 carnis
1453 4450 1781 4519 assumptim

177 4553 323 4594 nem.
370 4536 550 4591 Habes
585 4535 724 4606 apud
756 4545 807 4590 te
836 4536 1123 4605 imaginem
1159 4554 1171 4589 :
1206 4538 1427 4591 verbum
1461 4541 1575 4594 sive
1605 4556 1784 4596 sermo

177 4640 297 4685 tuus
323 4629 468 4684 eirea
514 4628 611 4683 Dei
642 4628 876 4683 Verbum
922 4640 973 4682 te
1009 4630 1291 4695 instituet,
1325 4646 1432 4686 non
1472 4635 1783 4692 omnimoda

175 4719 529 4775 similitudine
554 4760 569 4782 ,
607 4718 703 4774 sed
746 4720 890 4789 quod
934 4721 1219 4791 vestigium
1258 4723 1527 4792 quoddam
1574 4743 1683 4795 prae
1723 4744 1784 4785 se

173 4812 351 4880 ferat,
382 4820 439 4867 et
463 4811 746 4880 emphasin
786 4804 987 4867 divina)“
1013 4812 1308 4883 dignitatis.
1347 4817 1443 4871 llic
1484 4834 1611 4873 vero
1652 4822 1782 4876 mihi

172 4908 417 4961 animum
451 4904 654 4959 adhibe
679 4905 989 4975 diligenter,
1018 4921 1086 4960 ne
1118 4905 1386 4961 incassum
1420 4910 1579 4964 verba
1610 4913 1782 4981 profe-

173 5008 389 5064 nuntur,
416 5007 475 5052 et
503 4997 687 5052 divina
716 5012 876 5052 sensa
908 4997 1227 5053 obruantur.
1273 5000 1465 5056 Sermo
1506 5002 1782 5060 hominum

172 5090 430 5160 (obscura
453 5099 631 5143 autem
654 5097 736 5143 est
759 5088 959 5159 imago,
988 5105 1108 5159 qute
1135 5106 1242 5145 non
1273 5100 1443 5147 totam
1470 5093 1782 5165 dignitatem

173 5181 455 5251 exprimit,
492 5177 588 5233 sed
618 5196 737 5248 quae
764 5195 831 5235 ex
864 5182 1064 5235 nostris
1091 5198 1152 5237 ea
1184 5199 1305 5255 (pne
1332 5200 1495 5255 supra
1532 5203 1632 5243 nos
1661 5201 1787 5247 sunt

174 5272 406 5342 edocet)
439 5289 454 5325 :
488 5286 669 5325 sermo
705 5280 891 5325 noster
924 5273 1276 5344 incorporeus
1319 5287 1433 5343 est,
1479 5278 1782 5350 invisibilis,

176 5364 539 5419 intractabilis
560 5405 575 5426 .
608 5365 698 5432 qui
738 5365 922 5419 auditu
952 5366 1071 5420 solo
1101 5369 1415 5439 percipitur.
1456 5371 1644 5429 Nullus
1671 5390 1787 5431 ser-

179 5472 393 5511 monent
427 5472 497 5510 ex
529 5456 645 5509 visu
676 5457 849 5523 novit,
883 5458 1063 5512 nullus
1091 5475 1254 5515 manu
1285 5466 1659 5533 apprehendit,
1689 5471 1785 5525 sed

179 5558 260 5602 est
297 5546 630 5613 invisibilis,
676 5548 1030 5605 intractabilis
1054 5590 1068 5615 ,
1108 5566 1323 5621 unoque
1363 5556 1580 5613 auditus
1622 5574 1786 5616 sensu

178 5638 407 5707 capitur,
442 5636 607 5706 idque
654 5638 905 5693 invisibili
951 5640 1134 5696 modo.
1172 5642 1359 5714 Neque
1388 5648 1533 5701 enim
1570 5650 1788 5709 auditus

181 5739 399 5782 extensa
430 5742 596 5781 manu
625 5729 769 5798 capit
801 5731 980 5797 illum,
1013 5731 1108 5787 sed
1148 5733 1263 5804 ipse
1301 5751 1480 5794 sermo
1510 5740 1788 5813 ingressus

185 5824 413 5873 tenetur.
443 5816 640 5873 Sermo
686 5820 801 5889 ipse
842 5823 1081 5892 gignitur
1110 5838 1139 5878 ιι
1172 5837 1389 5893 mente;
1418 5813 1655 5902 gignitur
1691 5851 1791 5893 au-

183 5921 285 5965 tem
315 5925 421 5967 non
454 5912 730 5981 passione,
762 5927 867 5968 non
898 5915 1039 5983 visu,
1065 5931 1172 5972 non
1200 5917 1492 5990 divisione;
1526 5940 1631 5982 non
1663 5943 1785 6000 pars

3332 475 3337 482 '
3390 465 3496 521 512

1892 574 2161 631 deciditur
2188 592 2253 631 ex
2286 584 2466 632 mente
2504 579 2813 648 generantis
2834 622 2850 648 ,
2888 596 2997 637 non
3036 595 3356 655 separatur,
3389 601 3496 641 non

1891 666 2175 721 scinditur.
2210 667 2306 722 llic
2330 668 2463 722 mihi
2494 684 2653 724 aures
2684 672 2989 741 commoda,
3023 673 3297 732 haeretice.
3331 676 3498 733 Intel-

1891 756 1996 829 lige
2029 759 2259 827 primum
2289 770 2374 813 tua
2395 803 2411 825 ,
2440 769 2494 816 et
2522 770 2650 816 tunc
2674 778 2736 816 ea
2768 780 2889 833 qua:
2926 780 3084 834 supra
3118 777 3169 822 te
3199 778 3325 824 sunt
3362 771 3499 824 ima-

1888 853 2076 919 ginare
2111 872 2124 906 :
2152 853 2324 924 gignit
2354 871 2539 919 mens,
2572 856 2749 926 prodit
2779 859 3003 914 verbum
3029 901 3044 925 ,
3089 863 3267 931 prodit
3303 878 3370 919 ex
3399 880 3498 935 ge-

1891 955 2141 1011 nerante,
2170 956 2225 1000 et
2246 962 2437 1002 onmes
2465 949 2553 1017 qui
2580 949 2810 1004 audiunt
2837 954 3029 1021 replet,
3061 970 3161 1009 nec
3190 974 3217 1007 a
3249 957 3497 1026 genitore

1888 1036 2095 1092 recedit
2124 1056 2137 1091 :
2175 1040 2353 1109 prodit
2386 1057 2588 1108 sermo,
2620 1044 2710 1113 qui
2744 1045 2795 1097 in
2829 1061 3021 1102 names
3048 1047 3413 1120 distribuitur,
3446 1063 3499 1109 et

1890 1142 2153 1199 nusquam
2192 1132 2474 1187 scinditur.
2512 1134 2894 1208 Unusquisque
2936 1148 3109 1195 totum
3148 1144 3349 1215 excipit
3377 1161 3501 1202 ver-

1890 1215 2049 1285 bum,
2081 1229 2136 1275 et
2165 1232 2247 1275 est
2290 1222 2356 1276 in‘
2387 1226 2614 1293 singulis
2637 1268 2652 1291 ,
2681 1238 2733 1281 et
2764 1229 2817 1281 in
2853 1238 2932 1284 tot
2962 1231 3283 1288 distributus
3308 1275 3326 1301 ,
3355 1246 3502 1292 totus

1892 1321 2069 1373 tamen
2112 1315 2429 1370 infunditur.
2476 1317 2674 1375 Noster
2703 1322 2883 1394 itaque
2914 1341 3097 1381 sermo
3133 1338 3370 1385 mentem
3403 1346 3503 1401 ge-

1890 1415 2171 1459 nerautem
2218 1406 2271 1461 in
2315 1423 2374 1463 se
2415 1408 2752 1467 demonstrat
2784 1430 2799 1473 ;
2832 1430 2860 1468 a
2888 1416 3056 1471 verbo
3086 1433 3319 1491 namque
3346 1437 3502 1477 mens

1889 1498 2390 1565 comprehenditur.
2442 1502 2572 1559 Illud
2619 1515 2797 1561 autem
2846 1510 3246 1566 animadvertas
3289 1514 3500 1575 velim:

1890 1585 1997 1642 hoc
2016 1601 2204 1644 nostro
2230 1607 2481 1650 sermone
2513 1597 2650 1652 Deus
2670 1601 3028 1657 oeconomiam
3059 1604 3151 1659 Dei
3177 1605 3335 1661 Verbi
3365 1624 3499 1678 prae-

1891 1680 2153 1751 figurans,
2188 1687 2476 1756 imaginem
2520 1691 2812 1759 quamdam
2855 1694 3154 1751 mirabilem
3195 1702 3497 1770 praemittit.

1894 1777 2125 1829 terrenis
2174 1778 2397 1833 floribus
2439 1780 2787 1848 decoratam,
2836 1802 2955 1855 qua:
3006 1799 3184 1843 tamen
3231 1794 3501 1848 sermonis

1890 1870 2084 1923 rationi
2111 1882 2402 1942 competat.
2438 1874 2575 1942 Quid
2617 1877 2811 1947 igitur?
2852 1880 3170 1937 Sermonem
3214 1896 3497 1954 nostrum,

1890 1958 2219 2017 invisibilem
2240 2005 2254 2027 ,
2299 1966 2673 2035 incorporeum
2695 2013 2710 2037 ,
2744 1972 2833 2039 qui
2880 1976 3047 2029 teneri
3092 1990 3319 2047 nequeat
3350 2020 3364 2043 ,
3392 1979 3499 2033 alio

1889 2053 2123 2120 quodam
2171 2057 2400 2125 sapienti
2447 2061 2609 2114 modo
2651 2063 3035 2131 conformans,
3073 2069 3123 2123 id
3164 2070 3332 2126 eflieit
3358 2083 3414 2127 ut
3442 2083 3495 2129 et

1889 2143 2060 2199 videri
2093 2157 2147 2200 et
2178 2150 2349 2203 teneri
2394 2156 2583 2221 possit.
2629 2155 2766 2222 Quid
2811 2158 2954 2213 enim
3003 2161 3167 2218 facit?
3205 2164 3337 2233 Quia
3380 2168 3496 2222 visu

1888 2250 1996 2288 non
2032 2241 2449 2309 percipiebatur,
2485 2245 2637 2301 illum
2672 2251 2841 2305 literis
2873 2270 2969 2309 ceu
2998 2271 3227 2327 corpore
3260 2262 3495 2327 vestivit,

1888 2335 1943 2378 et
1973 2326 2249 2384 literarum
2284 2335 2519 2401 speciem
2552 2354 2649 2394 ceu
2679 2357 2895 2397 Carnem
2930 2347 3028 2415 ipsi
3061 2351 3446 2423 circumposuit
3479 2378 3496 2414 :

1887 2431 1950 2469 ac
1981 2434 2138 2487 quem
2182 2424 2408 2479 audiens
2454 2444 2558 2482 non
2605 2434 2903 2501 cernebas,
2958 2438 3143 2507 legens
3188 2448 3495 2515 conSpieis;

1887 2524 2047 2578 quem
2079 2512 2255 2583 legere
2283 2533 2388 2571 non
2420 2532 2657 2588 peteras,
2690 2524 2741 2578 in
2766 2527 2906 2582 libro
2926 2531 3263 2589 circumfers.
3294 2512 3496 2596 Verum

1886 2614 2067 2657 sermo
2099 2621 2194 2673 per
2223 2609 2407 2664 literas
2438 2629 2732 2685 corporeus
2760 2618 3014 2690 efiicitur,
3044 2628 3094 2678 in
3122 2628 3289 2683 literis
3315 2642 3496 2689 tamen

1887 2709 1994 2747 non
2024 2699 2398 2762 concluditur;
2432 2707 2525 2760 sed
2559 2718 2640 2762 est
2670 2722 2719 2763 et
2753 2726 2875 2765 cum
2918 2714 3133 2773 dicente
3168 2733 3222 2774 et
3262 2738 3383 2778 Ctltlt
3415 2726 3495 2780 le-

1885 2796 2065 2853 gente.
2098 2788 2153 2842 Si
2182 2793 2323 2860 quis,
2358 2794 2572 2864 fratres,
2606 2800 2797 2853 librum
2826 2804 3121 2876 discerpat,
3151 2827 3348 2881 corpus
3378 2830 3497 2871 ser-

1888 2880 2064 2931 monis
2087 2881 2324 2946 discidit,
2356 2902 2458 2941 non
2491 2906 2818 2947 sermonem.
2852 2896 2919 2951 Et
2950 2912 3004 2952 ut
3030 2901 3207 2955 discas
3237 2880 3342 2960 non
3370 2924 3499 2963 «on-

1886 2971 2025 3024 sumi
2048 2985 2359 3031 sermonem
2389 2995 2489 3032 una
2518 2997 2638 3036 cum
2666 2985 2856 3052 literis,
2881 2989 3010 3045 dicit
3036 2991 3184 3050 Deus
3205 2997 3497 3061 Jeremim;

1888 3060 2083 3116 Sedens
2111 3068 2272 3121 scribe
2299 3074 2347 3121 in
2372 3071 2500 3125 ίιὺιο
2522 3092 2693 3130 omnes
2718 3095 2993 3146 sermones,
3024 3096 3069 3137 et
3092 3089 3235 3141 trude
3256 3088 3498 3148 Joacltim

1885 3155 1994 3225 regi
2026 3156 2161 3223 (Jer.
2196 3161 2285 3214 56.
2319 3162 2435 3233 21]).
2470 3167 2598 3220 Erat
2640 3181 2820 3224 autem
2862 3190 3043 3231 sermo
3074 3181 3499 3250 reprehensione

1887 3250 2097 3318 plenus.
2124 3254 2389 3322 Quoniam
2416 3259 2575 3327 igitur
2598 3265 2885 3332 optimates
2911 3272 3367 3341 reprehensiones
3390 3296 3494 3335 non

1886 3339 2098 3410 ferunt;
2131 3353 2469 3417 nequeenim
2499 3354 2733 3424 dignitas
2762 3358 2918 3416 facile
2939 3339 3162 3430 justitim
3190 3371 3493 3439 subjicitur,

1887 3432 1981 3486 sed
2029 3437 2313 3494 veritatem
2360 3442 2654 3512 OlJSt‘lll'nl;
2702 3465 2794 3503 rex
2835 3456 3352 3523 mptehensionibns
3392 3465 3498 3520 illis

1886 3523 2127 3581 offensus
2153 3572 2167 3595 ,
2203 3532 2353 3585 illum
2386 3536 2644 3605 scalpello
2687 3545 2880 3598 scriba:
2920 3548 3203 3605 discissum
3239 3555 3287 3607 in
3323 3557 3497 3612 focum

1889 3618 2025 3690 ignis
2056 3624 2309 3692 conjecit.
2339 3627 2477 3694 Quid
2510 3648 2637 3701 ergo
2671 3634 2814 3690 Deus
2852 3640 2918 3691 ad
2950 3640 3273 3700 Jercniiam?
3302 3648 3499 3705 Sedens

1888 3713 2086 3767 easdem
2114 3732 2370 3773 sermones
2408 3723 2604 3791 scribe,
2647 3736 2693 3779 et
2722 3732 2789 3781 da
2819 3732 2927 3802 regi
2959 3732 3115 3804 (Jer.
3148 3737 3236 3793 511.
3265 3739 3336 3796 28
3362 3744 3411 3809 ),
3444 3761 3502 3798 ιιι

1887 3805 2061 3860 discat
2087 3822 2146 3863 se
2175 3810 2359 3866 literas
2385 3814 2713 3875 dissecuisse
2732 3864 2748 3886 ,
2778 3839 2877 3877 nec
2908 3842 3217 3885 sertnouem
3250 3835 3496 3892 scidisse.

1895 3900 2081 3997 Vidi~ti
2124 3905 2458 3976 imaginem?
2498 3912 2609 3979 jam
2645 3926 2877 3971 mentem
2910 3922 2961 3974 in
2993 3922 3223 3980 sublime
3251 3943 3367 3997 age.
3406 3930 3499 3985 Dei

1892 3991 2153 4062 Verbum,
2182 3999 2297 4053 sive
2326 4000 2520 4056 Sermo
2547 4005 2690 4060 Dens
2721 4011 3048 4079 unigenitus,
3078 3991 3498 4088 corpusinduit,

1891 4093 1948 4137 ut
1974 4088 2063 4155 qui
2101 4104 2209 4143 non
2240 4094 2533 4159 apparebat
2578 4110 2903 4167 appareret;
2934 4120 3152 4161 carnem
3199 4110 3412 4181 induit,
3445 4128 3501 4171 ut

1888 4182 2215 4235 contrectari
2254 4194 2436 4252 posset
2466 4188 2557 4257 qui
2586 4198 2712 4244 ante
2739 4208 2846 4247 non
2876 4202 3337 4259 contrectabatur.
3373 4208 3501 4264 lthO

1888 4269 2123 4327 Joannes
2154 4290 2276 4329 cum
2310 4277 2605 4337 invenisset
2635 4284 2767 4339 illud
2798 4286 3159 4349 desiderabile
3180 4339 3193 4362 ,
3223 4300 3364 4367 quod
3395 4303 3497 4356 ali-

1889 4367 2104 4434 quando
2134 4370 2318 4425 auditu
2353 4373 2671 4443 tenebatur,
2701 4378 3029 4452 domumque
3072 4388 3186 4442 visu
3230 4396 3496 4464 percipie-

1891 4456 2047 4512 batur
2070 4502 2084 4525 ,
2114 4460 2241 4514 dicit
2277 4480 2290 4516 :
2323 4463 2475 4531 Quod
2504 4478 2611 4521 erat
2642 4485 2674 4521 a
2703 4473 2957 4543 principio
2982 4517 2997 4541 ,
3030 4484 3167 4547 quod
3206 4456 3424 4541 vidinnis
3456 4503 3501 4543 et

1890 4551 2211 4620 audivimus,
2245 4566 2293 4609 et
2328 4574 2509 4613 manus
2540 4572 2728 4618 nostris
2764 4578 3203 4630 contrectaverunt
3230 4581 3302 4647 (1.
3335 4581 3497 4639 Joun.

1893 4646 1946 4696 1.
1977 4642 2055 4716 1).
2085 4645 2317 4703 Carnem
2347 4650 2526 4721 itaque
2564 4659 2813 4725 gestavit,
2846 4674 3049 4718 vestem
3078 4642 3371 4739 dignitatis,
3404 4692 3496 4731 ve-

1890 4748 2027 4790 stem
2059 4740 2341 4797 decentem
2373 4763 2387 4798 :
2423 4762 2545 4801 nam
2588 4748 2839 4809 Dominus
2869 4762 3130 4829 regnavit,
3161 4766 3392 4823 decorem
3422 4771 3500 4824 in—

1889 4832 2044 4933 dutus
2069 4845 2143 4889 est
2172 4833 2345 4905 (Psal.
2372 4838 2461 4895 92.
2492 4843 2567 4912 1).
2593 4842 2767 4901 Judtei
2794 4847 3109 4921 impngnant
3135 4872 3257 4912 eum
3286 4862 3379 4931 qui
3405 4880 3497 4933 ap-

1893 4925 2099 4992 paruit,
2130 4928 2220 4997 qui
2262 4943 2368 4984 non
2415 4946 2764 5003 apparentem
2808 4942 3162 5013 ignorabant;
3194 4960 3248 5005 et
3277 4925 3497 5010 carnem

1890 5015 2110 5084 quidem
2156 5021 2513 5093 crucifigtint,
2558 5027 2653 5083 sed
2693 5029 3033 5091 divinitatem
3076 5055 3180 5095 non
3222 5046 3495 5105 occidunt.

1891 5106 2024 5161 Nam
2058 5110 2103 5163 si
2144 5126 2326 5168 sermo
2359 5131 2511 5172 meus
2536 5134 2645 5173 non
2684 5124 2821 5191 perit
2850 5141 2971 5181 cum
3006 5130 3193 5197 literis,
3225 5153 3344 5207 qua:
3375 5156 3500 5200 sunt

1892 5200 2269 5260 indumentum
2299 5207 2447 5276 ejus,
2479 5226 2545 5265 an
2580 5212 2723 5270 Deus
2756 5219 3013 5289 verbum,
3044 5223 3163 5280 fons
3189 5231 3311 5287 vita:
3334 5275 3349 5299 ,
3378 5251 3501 5294 cum

1891 5308 2055 5350 carne
2083 5299 2341 5367 perierit?
2373 5302 2558 5359 Passio
2585 5310 2854 5378 corporis,
2885 5314 3287 5384 impassibilitas
3318 5327 3497 5399 αἰειιὶ-

1895 5388 2021 5442 tatis
2044 5400 2129 5443 est
2159 5390 2256 5463 (α).
2289 5390 2398 5449 Cur
2427 5411 2528 5466 ego
2556 5397 2687 5453 dicit
2716 5401 2912 5460 Paulus
2936 5423 2951 5461 :
2984 5406 3126 5464 Nam
3160 5414 3207 5467 si
3232 5388 3502 5489 cognovis-

1890 5496 2020 5547 sent,
2050 5500 2328 5556 numquam
2352 5486 2637 5547 Dominum
2664 5496 2843 5565 gloria
2867 5503 3241 5572 cruciﬁzissent
3271 5486 3347 5582 (1.
3380 5512 3494 5571 Cor.

1891 5575 1946 5627 ‘2.
1971 5575 2068 5644 8)?
2095 5576 2229 5645 Quia
2258 5580 2337 5645 is,
2372 5584 2461 5653 qui
2492 5599 2712 5642 carnem
2750 5591 2957 5660 induit,
2991 5575 3296 5666 passionem
3324 5606 3506 5665 carnis

1893 5668 1997 5723 sibi
2035 5672 2305 5742 propriam
2348 5677 2549 5733 reddit.
2590 5680 2806 5739 Vestem
2846 5690 3047 5760 regiam
3088 5694 3132 5747 si
3177 5703 3505 5758 contumelia

1893 5759 2172 5833 effeceris,
2205 5782 2384 5824 annon
2424 5771 2515 5827 illa
2556 5773 2803 5833 indutum
2833 5759 3162 5843 contumelia
3193 5792 3409 5848 aﬂicis?
3436 5813 3504 5851 an

1957 5875 3185 5975 ἔξιδᾞεέῂὲιίξιξιξβιθεξοιέιέείῄςηίοεερίεηιρω
3203 5903 3509 5975 rubeam

1895 5940 2264 5997 Theodoretum
2293 5944 2424 5997 Dia}.
2450 5951 2500 6013 5,
2524 5950 2589 6003 de
2615 5940 3407 6030 immuniti'f’r'aiﬁﬁ'iﬁaz."
