4034 6414
605 445 709 502 διδ

609 556 787 613 nescis
811 570 933 610 eum
962 556 1050 625 qui
1080 552 1237 623 regite
1265 552 1479 623 imagini
1507 550 1884 609 contumeliam
1915 549 2094 613 infert,
2124 549 2179 605 in

608 652 916 722 dignitatem
959 630 1633 718 prototypi'oontumeliam
1664 643 1906 699 vertere?
1932 658 1999 696 an
2026 642 2179 712 igno-

609 757 695 796 ras
715 757 839 797 eum
864 741 951 809 qui
979 738 1060 793 vel
1089 738 1316 808 ligneam
1342 737 1423 791 vel
1450 751 1654 791 teneam
1696 744 1925 789 statuam
1963 732 2143 801 dejicit
2160 772 2177 797 ,

608 850 713 890 non
744 835 890 903 quasi
922 832 1150 902 ligneam
1178 832 1450 886 materiam
1480 830 1673 883 lmserit
1702 828 1880 897 plecti,
1906 827 2000 884 sed
2027 827 2179 896 quasi

606 926 657 977 in
690 937 861 991 ipsum
904 935 1086 991 regem
1128 936 1317 976 manus
1356 920 1653 976 extenderit
1689 920 1759 976 de
1804 918 1982 974 medio
2020 918 2180 974 tolli?

607 1012 820 1067 Materia
851 1012 1140 1066 inanimata
1167 1027 1283 1080 qua:
1314 1011 1454 1081 regis
1481 1010 1761 1079 imaginem
1790 1010 2022 1078 pra-fert,
2052 1025 2181 1063 con-

606 1101 877 1157 tumeliam
911 1102 963 1155 in
1006 1115 1184 1171 regem
1230 1100 1479 1154 transfert
1505 1116 1519 1152 :
1551 1100 1717 1153 forma
1746 1093 1925 1154 autem
1956 1101 2177 1162 vivens,

603 1206 761 1261 quam
792 1190 967 1245 induit
998 1191 1137 1246 Deus
1172 1190 1398 1245 Verbum
1417 1230 1431 1251 ,
1461 1189 1508 1244 si
1536 1188 1860 1244 contumelia
1888 1187 2175 1252 afﬁciatur,

1613 1327 1668 1338 ..ς
1754 1328 1858 1336 ι-«π-
1884 1328 2095 1337 ..η-ρ...-

2117 435 2343 490 DUBIA.

2198 1329 2429 1342 ..ρ-..-

1807 1333 2942 1536 Εόπῖἷπ
2968 1336 3052 1345 “’

3778 433 3886 489 5H

2284 562 2465 604 annon
2489 550 2868 607 contumeliam
2896 542 2962 607 in.
2988 550 3160 619 illum,
3190 552 3278 624 qui
3307 568 3371 610 ea
3401 551 3662 624 indultur,
3695 561 3884 611 trans-

2285 639 2463 697 feret?
2493 642 2811 713 Dignitatem
2855 644 3094 716 intellige
3116 688 3134 715 ,
3164 657 3221 702 et
3248 649 3605 704 teconomiam
3644 664 3717 706 ne
3744 666 3874 706 con-

2285 734 2501 789 tumelia
2538 733 2760 790 afﬁcias.
2796 735 2993 790 Ventm
3035 737 3151 793 haec
3188 740 3299 809 jam
3346 740 3478 795 satis
3515 750 3676 796 sunto
3709 760 3723 796 :
3751 760 3875 814 qua:

2285 842 2412 880 vero
2440 835 2642 881 restant
2670 827 2737 882 de
2768 827 2878 883 Deo
2908 828 3083 885 Verbo
3107 832 3382 887 tractanda
3407 874 3423 899 ,
3450 832 3604 889 alteri
3639 836 3874 889 orationi

2283 929 2645 985 reservantes,
2678 922 2864 977 ordine
2892 922 3123 992 quodam
3156 925 3579 981 moderationem
3614 926 3736 997 ejus
3775 926 3871 980 ho-

2284 1025 2415 1065 nore
2442 1011 2738 1067 ai‘liciamns
2756 1052 2773 1081 ,
2802 1023 2851 1068 et
2882 1014 2990 1069 Deo
3014 1014 3241 1084 gloriam
3282 1017 3581 1074 referamus
3599 1061 3614 1082 ,
3646 1019 3793 1075 Patri
3820 1033 3870 1075 et

2283 1103 2418 1158 Filio
2442 1116 2495 1158 et
2520 1103 2739 1174 Spiritui
2768 1116 2976 1169 sancto,
3004 1123 3146 1162 nunc
3168 1117 3225 1163 et
3243 1123 3478 1179 semper,
3505 1120 3559 1167 et
3588 1112 3639 1166 in
3669 1113 3869 1168 saecula

2282 1196 2622 1250 smculorum.
2651 1199 2817 1252 Amen

1100 1330 1169 1340 __
1613 1327 1668 1338 ...
1754 1328 1858 1336 υ...
1884 1328 2095 1337 ____
2172 1329 2986 1345 -_,_.___-__.___.._____
3564 1344 3579 1350 _

1748 1588 1833 1652 IN
1875 1589 2286 1654 HOMILIAM
2328 1593 2409 1654 IN
2450 1593 2714 1667 ILLUD,

1656 1707 1744 1764 IN
1785 1709 2186 1767 PRINCIPIO
2223 1712 2414 1767 ERAT
2460 1714 2782 1775 VERBUM.

666 1806 834 1875 Quem
858 1804 1052 1861 habeat
1073 1812 1342 1860 auctorem
1370 1802 1486 1858 lucc
1513 1804 1710 1867 concio,
1725 1820 1831 1860 non
1858 1805 2012 1860 facile
2043 1821 2164 1876 per-

596 1902 811 1970 cipitur,
843 1912 1049 1953 necnon
1077 1912 1183 1969 quo
1214 1906 1473 1966 tempore,
1506 1910 1608 1966 qua
1651 1897 1703 1951 in
1734 1898 1948 1954 civitate
1990 1898 2168 1953 habita

597 1991 776 2046 fuerit.
804 1990 1004 2044 Dietam
1030 1987 1204 2071 fuisse
1217 1989 1428 2058 planum
1454 1997 1536 2044 est
1554 1997 1739 2044 contra
1760 1989 2171 2046 Pneumatoma-

594 2082 725 2137 chos
762 2092 814 2136 et
859 2082 1148 2138 Anommos
1188 2081 1534 2153 Eunomlique
1568 2090 1881 2151 sectatores,
1924 2085 2012 2155 qui
2061 2100 2166 2141 non

596 2178 665 2230 ita
701 2176 906 2245 pridem
942 2177 997 2230 in
1022 2176 1240 2231 civitate
1270 2176 1367 2229 ista
1395 2176 1595 2246 primas
1621 2176 1962 2232 obtinuerant
1986 2186 2039 2232 et
2067 2176 2169 2232 Ca-

595 2269 823 2324 tholicos
846 2277 1241 2337 oppresserant.
1270 2270 1439 2333 Quam
1469 2282 1579 2323 rem
1612 2267 1683 2322 ita
1711 2266 1966 2323 describit
1989 2278 2167 2323 orator

596 2358 681 2414 hic
699 2360 841 2414 circa
873 2357 1101 2412 medium
1124 2358 1398 2412 concionis
1424 2376 1438 2413 :
1461 2356 1588 2414 Cum
1610 2358 1742 2412 enim
1762 2360 1960 2428 ﬂoreret
1988 2358 2169 2427 impie-

590 2460 688 2515 tas,
718 2466 832 2504 cum
852 2450 981 2503 hanc
1002 2448 1171 2503 urbem
1191 2449 1468 2504 deoastarrt
1491 2451 1718 2511 heresis,
1748 2450 2002 2519 absumpti
2021 2460 2165 2505 erant

596 2540 836 2595 Ecclesia
1150 2539 1335 2595 Verum
1364 2542 1530 2613 hodie,
1576 2542 1763 2603 dilecti,
1795 2542 1949 2609 ejecta
1988 2551 2058 2594 est
2080 2557 2168 2609 pe-

590 2633 768 2702 stifera
792 2632 883 2685 illa
910 2631 1159 2697 doctrina,
1187 2641 1233 2686 et
1260 2632 1482 2702 ingressa
1501 2642 1572 2685 est
1599 2631 1837 2684 salutaris
1864 2631 2050 2701 gratia.
2071 2630 2165 2685 Hic

590 2721 809 2775 onmino
859 2721 1068 2776 videtur
1105 2721 1188 2791 agi
1228 2721 1295 2776 de
1340 2721 1507 2790 pulsis
1555 2736 1583 2773 a
1635 2721 1936 2775 Theodosio
1980 2720 2166 2790 Magno

594 2812 865 2867 Anomoais
890 2824 945 2866 et
971 2812 1201 2873 Arianis,
1230 2812 1317 2880 qui
1359 2812 1611 2867 ecclesias
1638 2813 1832 2867 multas
1851 2811 2165 2868 Constanti-

590 2902 767 2969 nopoli
810 2903 1159 2974 occupabant.
1204 2902 1337 2958 illud
1366 2902 1557 2958 accidit
1594 2918 1735 2957 anno
1777 2902 1975 2957 Christi
2015 2903 2161 2958 380:

587 3003 747 3061 atque
768 2994 901 3048 adeo
925 2994 1062 3047 dicta
1083 2992 1240 3049 fuerit
1258 2996 1373 3050 lure
1394 2995 1607 3049 bomilia
1633 3010 1777 3050 anno
1796 2995 2007 3049 circiter
2022 2994 2119 3050 381
2147 3013 2161 3049 :

592 3100 711 3153 quae
754 3085 877 3139 item
907 3084 1001 3138 fuit
1026 3084 1351 3139 'l‘illemontii
1398 3085 1659 3142 sententia
1692 3085 1743 3140 in
1775 3084 1892 3139 Vita
1930 3083 2167 3156 Chryso-

588 3174 771 3243 stnmi,
806 3190 924 3248 pag.
968 3174 1074 3230 592
1113 3185 1167 3230 et
1206 3174 1327 3231 587.
1375 3174 1455 3230 Ad
1512 3174 1648 3231 hanc
1686 3190 1813 3230 vero
1859 3174 2165 3243 opinionem

587 3273 763 3325 munia
804 3272 1089 3343 quadrent.
1133 3268 1263 3327 Nam
1309 3268 1791 3339 Constantinopoli,
1842 3267 1930 3321 ubi
1982 3266 2165 3322 habita

590 3364 757 3418 luisse
782 3375 996 3432 putantr
1040 3365 1278 3431 humilia,
1313 3363 1524 3433 plurimi
1566 3372 1718 3416 erant
1756 3361 2166 3415 Pneumatuma-

2281 1810 2367 1863 chi
2407 1820 2462 1865 et
2488 1813 2733 1868 Anomtei
2778 1816 2951 1878 multi,
2984 1832 3119 1887 quos
3136 1819 3475 1891 exagitatbic
3501 1825 3753 1893 quisquis
3795 1829 3869 1884 sit

2277 1902 2506 1972 scriptor
2536 1919 2549 1955 :
2584 1902 2635 1957 hi
2662 1904 2730 1958 ab
2759 1904 3015 1961 Ecclesiis
3036 1908 3193 1977 ejecti
3219 1919 3378 1974 sunt;
3407 1922 3593 1967 contra
3620 1915 3870 1972 Catholi-

2274 2005 2367 2044 ωδ
2389 2000 2562 2045 tamen
2585 1992 3031 2062 digladiabantnr,
3056 1997 3198 2066 quod
3220 2000 3379 2054 etiam
3402 2002 3467 2055 ad
3495 2018 3665 2075 usque
3683 2004 3864 2079 Chry-

2275 2083 2497 2146 sosloml
2528 2090 2766 2150 tempora
2809 2088 3190 2154 perseveravit,
3225 2099 3281 2143 ut
3306 2090 3489 2147 videre
3525 2104 3609 2148 est
3640 2097 3695 2151 in
3736 2098 3859 2167 ejus

2274 2181 2458 2225 contra
2514 2172 2807 2229 Anommos
2852 2175 3070 2230 homilia
3120 2177 3585 2254 Constantinopoli
3640 2187 3862 2254 habita.

2274 2259 2337 2316 Τ.
2364 2263 2414 2326 1,
2438 2262 2543 2317 col.
2566 2262 2662 2318 701
2690 2273 2874 2337 etsqq.
2899 2265 2955 2320 ln
2982 2266 3085 2323 line
3112 2280 3289 2326 autem
3317 2273 3546 2330 bomilia:
3571 2280 3864 2335 concione-

2273 2357 2357 2405 tor
2386 2360 2554 2407 totum
2598 2363 2796 2409 castum
2840 2359 3141 2414 communis
3189 2364 3355 2431 patris
3384 2373 3440 2419 et
3470 2365 3711 2423 doctoris
3738 2386 3865 2440 pre-

2270 2442 2421 2499 cibus
2466 2447 2825 2502 commendat.
2885 2447 2981 2503 Illo
3030 2466 3159 2507 vero
3209 2452 3385 2510 adhuc
3439 2456 3691 2516 fortassis
3743 2473 3864 2519 erat

2272 2532 2335 2590 S.
2366 2533 2658 2605 Gregorius
2683 2536 3072 2607 Nazianzenus,
3113 2543 3204 2613 qui
3243 2544 3435 2601 eodem
3467 2563 3613 2604 anno
3641 2553 3863 2622 episco-

2273 2633 2450 2693 patmn
2482 2627 2540 2681 C.
2574 2626 2636 2681 Ρ.
2666 2628 2814 2698 pacis
2836 2632 3115 2687 servandae
3136 2648 3295 2689 causa
3323 2637 3613 2695 abdicavit.

2342 2716 2506 2771 Stilus
2533 2720 2753 2773 omnino
2783 2722 3070 2789 perplexas
3108 2735 3162 2780 et
3202 2725 3428 2793 ferreus,
3468 2731 3613 2787 unde
3634 2734 3861 2804 quidam

2272 2805 2412 2859 illam
2443 2806 2736 2863 Severiano
2763 2810 3086 2868 Gabalorum
3117 2817 3371 2888 episcopo
3397 2821 3467 2875 ob
3487 2822 3704 2881 dicendi
3735 2827 3860 2883 alli-

2270 2902 2489 2967 nit:.tem
2515 2899 2936 2973 adscripserunt.
2962 2905 3157 2964 Verum
3189 2909 3303 2966 haec
3330 2912 3608 2970 Severiani
3635 2921 3862 2975 concio-

2271 2992 2446 3046 nantis
2474 3002 2685 3048 a-tatem
2711 2997 3020 3064 praecedunt
3048 3015 3064 3056 :
3095 3015 3269 3072 neque
3295 3006 3409 3073 ipse
3437 3008 3585 3063 solus
3615 3008 3722 3066 hoc
3748 3013 3862 3068 stili

2270 3083 2398 3135 vitio
2440 3082 2738 3149 laborabat,
2773 3094 2829 3139 ut
2880 3102 3024 3157 saepe
3062 3090 3316 3147 vidimus.
3348 3091 3861 3165 lnterpretationem

2270 3172 2509 3227 Latinam
2535 3173 2759 3229 Joannis
2785 3173 2970 3233 Jacobi
3004 3180 3246 3246 Beureri,
3289 3185 3431 3254 quod
3474 3203 3536 3243 ea
3567 3193 3866 3264 paraphrao

2268 3264 2390 3318 stice
2428 3274 2571 3319 esset
2616 3266 2957 3335 concinnata,
2999 3271 3306 3341 rejecimus,
3350 3288 3659 3350 novamque
3702 3299 3866 3353 para-

2271 3370 2466 3410 Villius.

593 3458 3862 3499 -ι--Μ-Ι-’ᾮῂ-ῂῄ

592 3580 655 3621 ιη
698 3577 908 3632 ILLUD,
952 3576 1017 3621 IN
1053 3574 1370 3619 PRINCIPIO
1414 3570 1580 3616 ERAT
1627 3566 1913 3623 VERBUM,
1974 3565 2114 3608 ETC.

2224 3544 2439 3624 (Joan.
2504 3545 2563 3604 1.
2610 3544 2670 3624 1)
2721 3566 2736 3607 :
2782 3566 2864 3609 ιτ
2919 3567 3089 3621 quon
3140 3572 3423 3622 srtnrrus
3482 3580 3867 3629 senm-run

672 3677 1007 3723 nonum
1046 3677 1153 3720 nat
1200 3658 1286 3739 (1.
1332 3656 1474 3720 Cor.
1520 3656 1581 3716 2.
1628 3649 1779 3735 10):
1825 3667 1907 3710 ετ
1950 3666 2016 3710 ιη
2060 3665 2164 3709 nat

2273 3664 2297 3707 s
2341 3663 2786 3724 ILLUHINATOS,
2832 3669 2913 3712 ΕΤ
2955 3670 3204 3719 CONTRA
3244 3676 3615 3728 nummos
3664 3666 3780 3751 (α).

609 3808 655 3849 /
1203 3836 1221 3849 ,
1884 3768 2529 3825 *κω-

662 3880 716 3933 1.
774 3878 1030 3932 Hesterna
1076 3874 1165 3929 die
1207 3873 1362 3928 nobis
1398 3886 1579 3927 sermo
1621 3872 1674 3925 in
1722 3887 1926 3941 magna
1971 3872 2163 3941 aquila:

592 3969 1018 4041 speculationem
1045 3965 1227 4030 desiit,
1255 3964 1465 4032 aquilae,
1495 3962 1730 4034 inquam,
1763 3962 1906 4017 illius
1934 3977 2159 4032 magum,

591 4078 710 4134 quae
738 4060 931 4131 spiritu
969 4056 1159 4113 caelum
1186 4062 1242 4111 et
1277 4055 1524 4110 caelestes
1555 4061 1846 4122 potestates
1887 4063 2164 4108 transcen-

592 4155 690 4219 dit,
721 4163 775 4207 et
798 4167 829 4205 a
857 4154 1033 4205 rerum
1061 4147 1298 4203 omnium
1320 4147 1473 4214 apice
1502 4144 1731 4199 orditur.
1760 4144 1996 4200 Joannes
2020 4144 2163 4199 enim

593 4248 746 4304 nobis
775 4245 947 4323 primo
975 4240 1282 4312 praedicavit
1312 4239 1463 4305 illud,
1496 4237 1561 4293 In
1602 4238 1852 4308 princioio
1890 4245 1998 4291 erat
2041 4235 2164 4290 Ver-

593 4341 731 4405 bum,
776 4327 829 4391 et
867 4334 936 4390 de
979 4334 1211 4387 increata
1257 4339 1441 4384 natura
1484 4328 1886 4399 philosophatus
1928 4337 2043 4392 est;
2073 4326 2162 4396 qui

594 4445 707 4487 rem
724 4437 957 4485 creatam
980 4439 1195 4479 omnem
1222 4421 1340 4492 plus
1358 4436 1516 4492 quam
1546 4421 1719 4491 aquila
1751 4428 2165 4490 praetergressus

591 4531 692 4581 est,
710 4520 1010 4583 tonitruque
1030 4529 1217 4569 sonum
1233 4513 1529 4581 superavit,
1549 4523 1607 4565 ut
1629 4513 1718 4580 qui
1742 4512 1887 4565 solus
1906 4522 2161 4565 :eternam

591 4621 648 4668 et
662 4610 926 4666 ca-lestem
947 4603 1336 4677 philosophiam
1352 4602 1711 4670 pmdimverit
1723 4642 1738 4657 .
1756 4600 1979 4656 Tonitru
2007 4617 2160 4655 nam-

591 4718 718 4774 que,
738 4700 944 4763 intres,
963 4707 1015 4754 et
1032 4705 1197 4753 terret
1213 4695 1461 4764 etirrigat
1482 4712 1495 4748 :
1518 4693 1701 4763 irrigat
1717 4692 1933 4748 nubium
1967 4694 2160 4761 imbre,

594 4800 759 4849 terret
786 4800 841 4847 et
866 4788 1105 4859 percellit
1147 4801 1302 4842 sono.
1335 4785 1590 4840 Diversas
1628 4797 1759 4854 ergo
1788 4795 1964 4853 partes
2005 4798 2160 4839 assu-

594 4883 691 4938 mit
716 4895 820 4935 vox
851 4878 1072 4934 Joannis
1098 4894 1113 4933 :
1145 4877 1327 4947 irrigat
1356 4873 1674 4937 Ecclesiam,
1706 4880 1761 4927 et
1792 4873 2161 4929 haereticorum

592 4989 781 5046 agmen
809 4969 1193 5041 perterrefacit.
1218 4968 1350 5024 Cum
1379 4968 1517 5021 enim
1549 4980 1682 5021 vana
1710 4965 2015 5035 loquuntur,
2040 4981 2162 5021 cum

592 5078 777 5122 contra
809 5078 966 5135 quam
994 5063 1094 5132 ipsi
1134 5062 1312 5116 sciunt
1337 5060 1580 5130 quaalam
1614 5074 1737 5115 esse
1785 5069 1998 5130 negant,
2040 5073 2159 5114 cum

593 5163 821 5216 humana
866 5157 1043 5228 lingua
1084 5164 1267 5210 contra
1312 5153 1546 5207 divinam
1596 5152 1928 5221 Scripturam
1976 5150 2163 5206 decer-

591 5264 707 5309 tant
739 5270 753 5306 :
785 5261 912 5305 tunc
953 5249 1146 5304 clamat
1174 5245 1430 5311 Joannes,
1481 5244 1626 5305 Erat,
1670 5254 1796 5301 ante
1840 5244 1992 5309 illud,
2042 5244 2162 5299 Non

598 5356 701 5399 erat
726 5341 821 5414 (ι).
869 5338 937 5395 In
975 5337 1224 5410 principio
1269 5348 1375 5391 erat
1425 5334 1656 5401 Verbum,
1704 5347 1751 5392 et
1804 5336 2021 5391 Verbum
2055 5347 2162 5392 erat

652 5478 727 5552 tu)
748 5475 940 5552 Collata
962 5471 1471 5552 cumgtlodiceﬁegio
1506 5471 1643 5530 1958,
1666 5472 1747 5535 qui
1770 5470 1960 5522 mendis
1982 5477 2162 5533 scatet,

586 5543 762 5606 quilms
784 5543 944 5589 massis
966 5543 1200 5646 παῖξαι
1223 5543 1457 5623 notamus.
1483 5599 1495 5609 .
1536 5599 1547 5610 .

594 5664 602 5666 Α
650 5602 720 5666 (b)
754 5601 858 5652 Hoc
893 5607 987 5666 est,
1012 5598 1059 5647 ul
1154 5596 1264 5666 lor_.
1288 5596 1431 5647 Prius
1432 5597 1572 5666 _dixit
1592 5598 1656 5648 de
1678 5599 1848 5655 verbo,
1889 5606 1999 5666 εγᾳε
2038 5609 2155 5666 βίον..

587 5657 715 5734 επ
740 5675 885 5734 «nam
914 5657 1111 5734 αίςςτεε
1139 5657 1411 5734 delum
1688 5669 1788 5734 κρη
1810 5671 1913 5734 εταρ
1936 5664 2027 5734 tua
2050 5659 2155 5734 πως-

588 5719 873 5837 Νοοῶἷὲθο
902 5723 1015 5787 quid
1051 5719 1179 5771 aliud
1212 5719 1291 5771 hic
1323 5722 1472 5783 possit
1502 5719 1776 5785 signiﬁcari,
1810 5724 1902 5775 nisi
1932 5726 2058 5779 forte
2094 5732 2159 5780 sit

590 5802 698 5840 men
818 5822 829 5835 .

2275 3866 2415 3939 apud
2442 3864 2624 3934 Deum,
2656 3878 2704 3925 et
2746 3872 2880 3927 Deus
2925 3885 3033 3930 erat
3070 3875 3306 3947 Verbum,
3334 3897 3467 3939 voce
3509 3902 3605 3942 sua
3644 3897 3869 3950 terrens

2270 3959 2605 4016 adversarios
2634 3978 2649 4014 :
2685 3962 2884 4019 Davide
2914 3966 3248 4026 testificante
3292 3987 3356 4028 ac
3383 3973 3621 4041 dicente,
3665 3981 3744 4036 Ab
3772 3987 3863 4038 its-

2270 4051 2558 4119 crepatt'one
2581 4060 2668 4105 tua
2695 4054 2909 4124 fugient.
2951 4073 2984 4109 a
3021 4074 3139 4113 voce
3164 4061 3375 4116 tonitrui
3401 4067 3473 4119 ttu'
3498 4067 3861 4134 formidabant

2271 4139 2440 4207 (Ptol.
2474 4141 2597 4197 105.
2631 4144 2707 4209 7).
2739 4143 2806 4199 lu
2834 4148 3084 4219 principio
3122 4163 3229 4206 erat
3268 4151 3504 4221 Verbum,
3550 4170 3598 4213 et
3632 4159 3865 4221 Verbum

2267 4242 2375 4285 erat
2422 4234 2563 4301 apud
2604 4232 2789 4300 Deum,
2835 4244 2882 4290 et
2928 4236 3069 4292 Deus
3110 4253 3218 4295 erat
3258 4242 3491 4301 Verbum.
3525 4248 3661 4316 Quia
3706 4255 3861 4311 enim

2272 4323 2535 4414 passionis
2565 4340 2761 4394 expers
2786 4337 2868 4382 est
2895 4329 3042 4384 verbi
3067 4335 3364 4400 generatio,
3399 4335 3629 4394 Verbum
3663 4346 3860 4414 appel-

2272 4411 2365 4478 lat,
2394 4423 2451 4467 ut
2476 4430 2575 4485 per
2598 4431 2660 4471 ea
2686 4433 2808 4488 quae
2848 4421 2900 4474 in
2928 4428 2985 4475 te
3014 4431 3160 4488 sunt,
3200 4439 3261 4478 ea
3290 4441 3411 4496 quae
3450 4444 3609 4499 supra
3643 4411 3710 4489 tet
3725 4411 3865 4493 sunt

2271 4514 2323 4561 te
2364 4506 2576 4564 doceat.
2608 4510 2740 4565 Nam
2791 4513 2931 4568 sicut
2977 4530 3130 4570 mens
3170 4517 3391 4574 verbum
3438 4522 3686 4593 gignens,
3736 4530 3865 4586 sine

2272 4598 2517 4666 passione
2546 4602 2733 4671 gignit,
2765 4619 2870 4658 non
2902 4618 3135 4673 secatur,
3167 4624 3272 4664 non
3299 4610 3486 4680 eilluit,
3516 4630 3622 4670 non
3651 4632 3861 4691 corpo-

2270 4704 2420 4745 reum
2447 4692 2718 4763 quidpiam
2752 4698 2951 4765 patitur
2982 4715 2996 4751 :
3024 4699 3105 4753 sic
3131 4699 3313 4757 divina
3362 4713 3419 4760 et
3446 4708 3713 4775 passionis
3754 4727 3859 4768 ex-

2266 4794 2393 4844 pers
2418 4785 2697 4851 generatio
2728 4785 3014 4843 ineil‘abilis
3040 4797 3096 4845 et
3144 4790 3704 4865 incomprehensibilis
3747 4813 3858 4870 est,

2271 4885 2376 4925 non
2426 4883 2660 4938 secatur,
2694 4891 2799 4929 non
2846 4877 3138 4953 dividitur;
3188 4884 3283 4938 sed
3308 4884 3434 4939 dum
3465 4886 3536 4943 ab
3574 4889 3757 4960 impiis
3801 4904 3863 4948 et

2270 4961 2557 5021 incredulis
2592 4968 2860 5025 haereticis
2906 4972 3043 5027 male
3087 4983 3317 5040 secatur,
3342 4978 3376 5031 'a
3406 4979 3509 5048 piis
3556 4982 3675 5037 sine
3714 4982 3863 5041 divi-

2266 5054 2420 5109 sione
2450 5066 2595 5112 recte
2623 5071 2888 5115 servatur.
2936 5060 3044 5116 Cur
3074 5065 3246 5119 noluit
3271 5070 3597 5138 evangelista
3642 5072 3857 5142 dicere,

2268 5144 2325 5199 ln
2354 5147 2616 5217 principio
2654 5160 2770 5203 erat
2802 5149 3005 5206 Filius?
3031 5152 3109 5209 Ne
3136 5154 3224 5209 lilii
3260 5172 3454 5213 nomen
3494 5162 3728 5229 passioni
3757 5164 3861 5219 ob-

2268 5239 2485 5293 noxiam
2529 5244 2934 5310 generationem
2986 5245 3265 5304 induceret
3311 5267 3326 5303 :
3366 5252 3461 5305 sed
3512 5253 3662 5309 illum
3717 5255 3859 5312 dicit

2274 5326 2525 5393 Verbum,
2561 5340 2617 5385 ut
2643 5335 3043 5402 generationem
3070 5338 3187 5393 sine
3215 5342 3462 5408 passione
3488 5343 3746 5401 declaret.
3774 5350 3858 5405 Ac

2268 5436 2336 5476 ne
2364 5423 2692 5491 prolatitium
2737 5441 2859 5481 esse
2886 5430 3106 5484 verbum
3138 5440 3373 5500 putares,
3425 5435 3702 5505 subiunxit
3733 5456 3749 5491 :
3785 5440 3857 5494 Et

2268 5512 2405 5569 Deus
2446 5524 2553 5569 erat
2605 5514 2819 5571 Verbum
2849 5535 2869 5574 :
2900 5531 2955 5575 ut
2997 5523 3141 5577 verbi
3190 5526 3403 5580 nomine
3452 5527 3856 5597 impassibilita-

2266 5613 2393 5669 tem,
2430 5606 2520 5662 Dei
2547 5624 2675 5663 vero
2700 5612 2916 5666 nomine
2937 5613 3249 5684 dignitatem
3273 5616 3622 5688 intelligens.
3644 5622 3853 5681 Deinde

2264 5695 2379 5765 ejus
2427 5700 2669 5769 exposita
2717 5704 3083 5771 generatione,
3129 5703 3401 5764 Creatoris
3437 5708 3756 5781 dignitatem
3802 5720 3859 5765 et

2269 5790 2557 5857 potentiam
2605 5791 2805 5848 inducit
2856 5813 2868 5848 :
2908 5796 3092 5851 Omnia
3146 5815 3235 5869 per
3288 5801 3454 5870 ipsum
3502 5804 3642 5870 facta
3687 5815 3853 5861 sunt:
