4034 6412
122 447 228 501 διδ

124 560 309 615 omnia
345 570 543 625 nempe
572 552 730 612 facta.
762 563 866 602 non
893 557 948 598 ιιι
978 542 1212 599 lueretici
1246 541 1516 607 ell'utiunt,
1547 540 1636 611 qui
1666 539 1719 591 in

128 653 234 706 hoc
264 650 418 704 dictu
463 642 796 699 adorandum
831 637 1086 706 Spiritum
1134 631 1592 700 compta-hendere
1634 644 1728 682 au-

129 745 282 804 dent,
311 751 367 794 et
393 739 580 792 dicunt
611 753 625 786 :
661 732 849 786 Omnia
876 745 964 798 per
1003 728 1166 793 ipsum
1204 727 1340 795 facta
1379 731 1516 784 sunt,
1548 731 1595 774 et
1621 721 1730 774 sine

131 837 246 901 ipso
274 835 469 900 factum
498 835 570 880 cst
593 821 725 876 nihil
751 819 886 889 quod
914 821 1105 890 factum
1130 817 1273 868 estin
1303 814 1437 880 ipso.
1467 811 1661 901 Verum
1682 808 1726 901 si

133 898 348 994 quidiin
381 921 502 987 ipso
534 915 731 970 factum
755 920 860 972 est,
889 918 943 961 at
975 924 1079 960 non
1123 906 1358 959 iucrcata
1387 911 1576 956 natura
1604 898 1727 994 Spi-

132 992 294 1070 ritus.
341 1012 470 1076 Sed,
517 1009 592 1062 ait
633 1007 747 1067 ille,
780 1005 980 1058 dictum
1029 1009 1132 1066 est,
1167 997 1373 1051 Omnia.
1424 994 1584 1063 Atqui
1612 992 1729 1046 haec

131 1123 260 1168 vos.
315 1103 546 1163 Omnia,
593 1114 699 1152 non
747 1110 867 1150 cum
914 1099 1091 1146 creata
1140 1091 1432 1142 iuct'eatam
1483 1094 1726 1138 naturam

131 1191 572 1265 comprehendit.
603 1184 754 1256 Quod
786 1185 828 1238 si
860 1183 983 1236 huic
1007 1182 1148 1243 voci,
1185 1177 1389 1241 Omnia,
1422 1174 1722 1237 attendens,

132 1303 304 1343 ausus
332 1302 393 1342 es
423 1298 632 1338 sacram
663 1288 912 1334 naturam
955 1284 1240 1336 temerare,
1275 1271 1319 1324 si
1363 1268 1597 1322 audieris
1623 1267 1730 1320 Do-

133 1384 345 1434 minum
375 1378 666 1435 dicentem,
711 1370 895 1424 Omnes
920 1373 1162 1431 quotquot
1195 1371 1435 1414 verterunt
1479 1370 1597 1412 ante
1626 1374 1724 1422 me,

135 1477 277 1539 {ures
298 1476 446 1521 cram
480 1476 527 1520 et
556 1463 776 1519 latrones
799 1459 978 1530 (latin.
1011 1458 1098 1510 10.
1125 1453 1205 1522 8).
1239 1453 1366 1522 quid
1394 1450 1632 1504 dixeris?
1659 1464 1725 1502 au

135 1565 379 1635 Moysem
408 1561 670 1614 latronem
714 1552 904 1608 dices?
952 1566 1018 1602 an
1047 1548 1340 1618 prophetas
1370 1544 1511 1597 fures
1532 1542 1557 1594 ?
1603 1557 1723 1594 nam

133 1657 212 1708 ait
238 1654 354 1716 ille,
387 1650 576 1705 Omnes
604 1653 846 1715 quotquot
872 1651 989 1694 ante
1029 1655 1108 1691 me
1128 1645 1386 1695 venerunt,
1418 1637 1556 1703 fut-es
1584 1640 1727 1684 erant

134 1759 180 1801 et
210 1748 462 1800 latrones.
512 1740 616 1796 Sed
666 1750 858 1792 sensus
893 1732 1170 1800 distinguit
1200 1728 1267 1782 de
1303 1727 1498 1797 quibus
1547 1739 1726 1778 sermo

136 1841 207 1892 sit
235 1846 293 1890 et
335 1835 403 1887 ad
451 1845 587 1902 quos
616 1827 902 1898 pertineat.
938 1823 1089 1877 Nunc
1117 1820 1184 1876 de
1223 1819 1498 1873 creatione
1545 1828 1726 1869 sermo

135 1939 218 1983 est
242 1945 256 1980 :
280 1924 613 1980 creationem
646 1919 715 1972 ab
753 1931 819 1973 eo
845 1916 1035 1969 factam
1066 1911 1216 1974 dicit,
1251 1925 1354 1963 non
1399 1920 1575 1962 autem
1608 1906 1728 1960 sub-

133 2019 398 2075 stantiam
450 2013 700 2083 Spiritus,
745 2025 865 2079 qutn
915 2009 985 2060 ita
1031 1992 1306 2074 cognoscit
1346 2017 1407 2057 ea
1455 2016 1576 2070 qua!
1630 1999 1724 2054 Dei

134 2122 286 2177 sunt,
318 2118 378 2163 ut
407 2108 627 2177 spiritus
652 2102 884 2157 hominis
922 2115 1042 2169 qua:
1069 2099 1120 2152 in
1148 2115 1206 2150 se
1236 2105 1377 2160 sunt,
1413 2104 1468 2146 ttt
1493 2094 1567 2147 ait
1591 2092 1727 2146 Pau-

139 2204 222 2258 lus
256 2220 272 2257 :
303 2197 474 2253 Nemo
503 2195 641 2249 novit
666 2209 778 2262 qua:
802 2201 918 2244 sunt
949 2189 1188 2251 hominis,
1212 2186 1307 2238 nisi
1332 2184 1542 2252 spiritus
1565 2182 1725 2236 homi-

135 2295 238 2358 nis,
264 2291 355 2361 qui
384 2291 439 2342 in
463 2289 575 2357 ipso
608 2286 796 2338 habitat
824 2283 903 2352 (-l.
931 2281 1048 2335 Cor.
1079 2279 1134 2334 Ξ.
1167 2278 1276 2347 ll).
1307 2277 1360 2331 Si
1395 2292 1523 2344 ergo
1563 2275 1722 2344 spiri-

137 2395 223 2437 tus
251 2395 406 2436 meus
445 2378 654 2432 alienus
692 2384 776 2429 est
815 2389 842 2426 a
872 2386 987 2426 mea
1016 2378 1226 2432 natura,
1255 2368 1485 2437 Spiritus
1514 2381 1726 2435 quoque

137 2473 234 2530 Dei
283 2472 496 2526 alienus
545 2469 651 2524 erit
701 2482 730 2519 a
770 2473 957 2518 natura
1008 2461 1101 2515 Dei
1139 2479 1150 2512 :
1183 2474 1303 2511 nam
1355 2459 1448 2519 ait,
1498 2457 1724 2526 Spiritus

134 2565 309 2620 omnia
347 2569 632 2616 scrutatur.
664 2558 813 2611 etiam
842 2553 1098 2624 profunda
1127 2550 1218 2604 Dei
1251 2548 1358 2621 (Ib.
1390 2565 1438 2604 ι’.
1473 2548 1583 2615 10).
1615 2547 1722 2602 γε.

135 2671 256 2709 rum
286 2651 574 2705 barreticus
602 2647 752 2709 illud,
782 2654 1063 2708 scrutatur,
1092 2642 1260 2706 audit,
1296 2655 1512 2694 sensum
1543 2649 1720 2693 autem

137 2758 303 2814 prave
330 2742 644 2810 detorquet.
681 2737 734 2791 Si
760 2737 903 2791 enim
937 2742 1137 2796 nosset,
1184 2733 1375 2801 inquit,
1403 2728 1633 2798 Spiritus
1661 2746 1723 2782 ea

138 2850 258 2904 qua:
284 2834 338 2886 in
371 2833 480 2886 Deo
505 2837 656 2892 sunt,
690 2842 793 2881 non
825 2827 1005 2894 utique
1030 2831 1398 2879 scrutaretur:
1425 2823 1538 2890 ipsa
1571 2835 1724 2873 uatu-

136 2939 244 2992 quc
274 2920 632 2991 pt-rscrutatio
679 2916 1035 2985 ignorantiam
1081 2912 1276 2982 arguit.
1319 2911 1375 2965 Si
1407 2926 1538 2980 ergo
1581 2910 1725 2978 quod

137 3011 373 3083 Spiritus
401 2997 618 3063 sanctus
641 3006 896 3076 profunda
920 3005 1010 3059 Dei
1035 3012 1323 3068 scrutetur,
1355 3003 1405 3055 id
1433 3002 1547 3069 ejus
1569 3004 1724 3070 igno-

137 3105 366 3158 rantiam
395 3108 582 3170 arguat
607 3114 622 3162 ;
651 3113 770 3150 cttm
803 3095 1000 3149 videris
1028 3096 1195 3148 Deum
1237 3094 1399 3148 corda
1445 3094 1722 3146 hominum

137 3203 489 3253 scrutantem,
520 3193 691 3257 ipsum
731 3187 1042 3259 ignorantia:
1070 3187 1388 3240 accusabis?
1416 3187 1549 3239 Audi
1580 3186 1723 3239 enim

142 3286 366 3340 Paulum
417 3282 725 3336 dicentem:
756 3291 814 3334 ut
861 3279 928 3333 de
971 3278 1172 3346 Spiritu
1223 3277 1452 3341 dixerat,
1502 3277 1726 3346 Spiritus

138 3379 311 3429 omnia
355 3383 636 3436 scrutatur,
683 3371 832 3424 etiam
873 3368 1131 3439 profunda
1179 3367 1271 3420 Dei
1298 3383 1318 3420 :
1348 3368 1426 3421 sic
1468 3369 1627 3421 etiam
1658 3367 1725 3422 de

141 3469 248 3522 Deo
278 3464 732 3534 philosophatur:
767 3459 869 3525 Qui
907 3476 1022 3514 vero
1068 3468 1322 3512 scrutatur
1361 3460 1539 3524 corda,
1588 3459 1726 3511 novit

136 3575 337 3630 sensum
369 3557 598 3627 Spiritus
626 3554 799 3624 (Rom.
833 3553 885 3608 8.
913 3553 1031 3622 2‘7).
1058 3553 1110 3606 Si
1144 3567 1274 3620 ergo
1309 3553 1445 3607 Deus
1473 3555 1725 3620 ignorans

137 3658 425 3712 sariuntur,
457 3646 618 3701 etiam
646 3645 877 3713 Spiritus
920 3651 1189 3696 scrutatur
1221 3643 1490 3711 ignorans.
1522 3642 1721 3698 Verum

140 3749 194 3794 nt
222 3741 384 3802 scias,
419 3737 645 3792 scrutari
680 3753 783 3790 non
817 3737 1111 3804 ignorantis
1158 3748 1300 3797 esse,
1350 3735 1444 3790 sed
1490 3735 1607 3804 ejus
1633 3737 1722 3805 qui

139 3833 291 3896 sciat,
337 3831 556 3884 intulit:
589 3829 680 3884 Sic
721 3839 769 3881 et
795 3845 908 3897 quae
956 3827 1046 3880 Dei
1095 3838 1214 3881 sunt
1245 3844 1389 3880 nemo
1437 3831 1590 3893 novit,
1626 3831 1726 3882 nisi

142 3920 368 3991 Spiritus
395 3920 487 3973 Dei
516 3921 589 3990 (l.
629 3918 746 3975 Cor.
777 3920 864 3973 10.
900 3920 992 3988 ll)
1030 3937 1042 3973 :
1073 3929 1125 3972 et
1166 3919 1527 3988 cognitionem
1556 3920 1723 3988 Spiri-

142 4013 215 4066 tui
236 4012 524 4074 adscribit,
557 4026 661 4064 non
704 4010 1245 4079 comprehensionem
1287 4025 1352 4063 ex
1385 4020 1602 4093 natura,’
1627 4011 1721 4066 sed

142 4121 205 4160 ex
238 4114 424 4157 natura
445 4103 828 4171 cognitionem.

206 4197 261 4250 9..
303 4194 487 4264 Itaque
534 4211 600 4247 ne
638 4195 845 4247 dividas
903 4192 1281 4245 indivisihilem
1333 4203 1604 4256 naturam,
1655 4208 1723 4247 ne

140 4290 377 4343 disseces
424 4285 775 4338 substantiam
817 4300 933 4352 qua:
984 4283 1152 4334 secari
1203 4284 1403 4348 nequit,
1459 4284 1565 4335 imo
1608 4282 1723 4350 ejus

141 4379 430 4448 potentiam
481 4385 729 4430 accurate
760 4389 1047 4443 cognosce.
1081 4373 1227 4428 Unus
1272 4383 1355 4431 est
1385 4376 1471 4442 qui
1505 4386 1724 4428 vocatur

143 4472 296 4525 Pater
329 4482 380 4522 et
410 4467 577 4523 Filius
605 4479 657 4522 et
684 4468 912 4535 Spiriws
941 4476 1175 4518 sanctus.
1208 4467 1279 4518 De
1310 4466 1464 4519 Patre
1494 4482 1723 4533 namque

142 4563 265 4616 dicit
291 4561 461 4616 Filius
488 4578 500 4612 :
533 4558 659 4613 Cum
688 4559 910 4610 videritis
931 4549 1132 4610 “Filium
1166 4559 1384 4608 hominis
1416 4557 1670 4610 sedentem
1693 4575 1724 4607 a

143 4645 328 4707 dextris
371 4652 568 4703 tirtutis
601 4649 815 4715 (Matth.
847 4649 936 4701 26.
968 4649 1080 4715 64).
1113 4649 1247 4701 Cum
1282 4650 1530 4702 Virtutem
1567 4650 1719 4713 dixit,

142 4747 360 4814 gloriam
397 4745 691 4800 constituit.
716 4751 771 4795 ut
792 4742 1110 4795 sententiam
1140 4742 1367 4794 mireris.
1393 4742 1725 4809 Quapropter

146 4842 311 4906 ipsum
345 4837 552 4890 Patrem
581 4844 634 4888 et
672 4835 838 4886 Deum
868 4848 1066 4885 vocans
1095 4833 1368 4892 virtutem.
1399 4832 1614 4899 Caiphm
1642 4833 1723 4884 di-

143 4929 291 4983 cebat
324 4945 336 4978 :
372 4925 497 4980 Cum
525 4926 747 4978 videritis
781 4923 974 4976 Filium
1010 4925 1229 4975 hominis
1256 4923 1510 4976 sedentem
1542 4941 1571 4974 a
1602 4925 1726 4976 dea:-

145 5024 229 5075 tris
269 5021 492 5073 virtutis.
527 5019 707 5070 Virtus
759 5033 884 5084 ergo
933 5017 1133 5069 l‘atcr:
1172 5019 1340 5068 virtus
1387 5032 1514 5069 vero
1563 5017 1723 5068 etiam

146 5111 326 5170 Filius,
361 5119 418 5162 ut
464 5113 531 5160 ait
566 5108 760 5162 Paulus
792 5126 804 5159 :
839 5106 1065 5161 Christus
1112 5106 1207 5158 Dei
1236 5108 1389 5158 virtus
1418 5116 1465 5158 et
1504 5105 1595 5158 Dci
1636 5123 1724 5160 sa-

147 5202 326 5269 pientia
372 5198 452 5267 (1ο
479 5197 598 5252 Cor.
641 5200 692 5251 1.
724 5196 814 5263 24)
855 5199 1068 5250 :virtus
1115 5180 1275 5249 etiam
1323 5197 1556 5261 Spiritus
1603 5210 1729 5249 san-

145 5306 254 5346 ctus
286 5310 298 5344 :
328 5291 456 5344 dicit
484 5291 624 5342 enim
657 5289 910 5344 Servatur
941 5287 1217 5354 discipulis
1251 5305 1263 5339 :
1297 5287 1505 5340 Manete
1550 5287 1600 5338 in
1638 5285 1727 5338 Je<

147 5385 382 5445 rusalem,
416 5384 572 5435 donec
601 5382 884 5434 induamini
907 5382 1082 5431 virtute
1114 5397 1174 5432 ea:
1195 5380 1296 5431 alto
1328 5379 1475 5447 (Luc.
1501 5378 1590 5430 2t.
1613 5378 1720 5446 49).

147 5475 271 5530 Cum
299 5471 428 5544 ergo
457 5477 617 5539 scias,
650 5473 865 5537 dilecte,
898 5472 947 5523 in
983 5471 1136 5524 Patre
1182 5480 1232 5522 et
1267 5471 1399 5524 Filio
1432 5479 1484 5523 et
1526 5470 1727 5537 Spiritu

150 5576 327 5620 sancto
353 5580 538 5634 parem
566 5579 686 5617 esse
715 5564 986 5622 virtutem.
1024 5563 1178 5613 tidem
1230 5572 1412 5614 teneas
1441 5563 1727 5614 inconcus-

152 5672 256 5710 sam
289 5674 304 5710 :
335 5670 404 5709 ne
449 5653 652 5708 dividas
698 5655 915 5722 gloriam
961 5652 1582 5718 incomprehensibilem.
1635 5652 1728 5705 sed

157 5761 309 5802 nosce
349 5744 598 5814 baptismi
633 5753 785 5812 pacta
818 5760 831 5794 :
864 5745 1042 5810 aspice
1091 5743 1227 5795 lilios
1272 5743 1458 5810 gratia:
1490 5756 1585 5810 per
1613 5757 1727 5794 ma-

158 5853 306 5908 gnum
345 5836 684 5892 sacerdotem
717 5835 985 5896 ﬂorentes.
1037 5834 1217 5905 aspice
1256 5833 1388 5889 lucis
1420 5832 1557 5888 lilios
1599 5849 1724 5888 cur-

1001 432 1065 488 IN
1107 431 1330 497 ILLUD,
1373 428 1440 484 IN
1477 423 1813 484 PRINCll’IU
1853 423 2037 479 ERAT
2080 424 2382 486 VERBUM,
2425 424 2572 480 ETtl.

3327 431 3433 485 εἷιίῆ

1839 545 2019 592 rentes
2049 537 2116 591 ad
2142 526 2422 606 princones
2451 538 2586 591 lucis
2619 555 2630 591 :
2665 547 2880 606 oportet
2910 538 3057 595 enim
3089 554 3204 599 eos.
3239 540 3327 606 qui
3359 542 3433 594 ab

1838 629 2230 684 illuminatinn'e
2264 645 2359 684 seu
2394 629 2658 698 baptismo
2698 632 3001 698 regenerati
3029 639 3174 696 sunt,
3206 629 3273 684 ad
3309 631 3432 685 illos

1835 721 1923 790 qtti
1955 721 2141 776 orbem
2184 729 2568 790 regeneraruut
2609 736 2917 775 accurrere.
2943 723 3190 775 Dicamus
3235 733 3290 776 et
3336 738 3434 774 nos

1837 827 1958 868 Cum
2012 814 2268 882 propheta
2316 823 2368 868 et
2416 815 2673 882 apostolis
2708 831 2721 867 :
2757 814 2970 881 Respice
3007 815 3186 878 oculis,
3233 825 3282 868 et
3321 815 3435 867 vide

1837 906 1972 974 filios
1998 910 2112 958 tuos
2137 915 2500 976 congregatos;
2529 914 2581 960 ct
2605 923 2843 966 rursum.
2881 906 3004 962 Viuo
3031 925 3146 979 ego,
3171 908 3304 963 dicit
3328 908 3435 962 Do-

1839 997 2037 1059 minus,
2069 1003 2188 1065 quta
2233 997 2338 1051 illis
2389 999 2622 1052 omnibus
2664 1001 2914 1063 vestieris.
2961 1002 3094 1054 velut
3132 1012 3434 1054 ornamento

1835 1104 2035 1158 sponsa
2063 1088 2216 1155 (lsai.
2251 1088 2343 1145 60.
2371 1089 2425 1143 4.
2451 1101 2496 1142 ει
2515 1089 2600 1145 t9.
2627 1091 2740 1160 18).
2771 1091 2889 1146 Stat
2919 1090 3240 1161 crgo‘lsaias
3268 1091 3432 1146 hodie

1835 1178 2113 1245 alloquens
2159 1187 2358 1233 emtum
2411 1179 2854 1248 illuntiuatorum,
2888 1183 2978 1251 qui
3032 1183 3140 1236 nati
3181 1193 3310 1237 sunt
3360 1197 3426 1237 ex

1835 1269 2034 1339 Spiritu
2053 1280 2258 1336 sancto,
2281 1273 2370 1341 qui
2402 1284 2620 1341 repente
2651 1275 2891 1328 renovati
2917 1284 3063 1340 sunt,
3094 1276 3184 1344 qui
3220 1277 3272 1329 in
3303 1291 3428 1330 mo-

1835 1371 2016 1415 mento
2043 1372 2168 1416 sunt
2201 1365 2564 1429 transumtati,
2595 1365 2684 1433 qui
2706 1380 2734 1418 a
2769 1374 2984 1421 terreno
3008 1376 3154 1420 statu
3188 1367 3239 1420 in
3268 1367 3429 1421 cazle-

1833 1462 1970 1507 stem
2026 1454 2313 1524 imaginem
2361 1454 2637 1510 reformati
2679 1468 3102 1528 sunt:stupore
3150 1460 3428 1529 perculsus

1833 1539 1998 1595 Isaias
2028 1541 2158 1597 dicit
2189 1561 2202 1596 :
2238 1542 2364 1609 Quis
2380 1545 2525 1607 vidit,
2560 1546 2676 1614 quis
2702 1549 2894 1601 audivit
2921 1549 3066 1611 talia,
3091 1550 3208 1618 quia
3231 1550 3428 1620 peperit

1832 1642 1968 1686 terra
2011 1634 2148 1700 ﬁlios
2196 1651 2316 1688 suos
2361 1637 2416 1690 in
2456 1638 2539 1690 die
2577 1655 2700 1702 una,
2748 1650 2796 1694 et
2841 1652 2961 1693 nata
2997 1651 3072 1695 est
3106 1658 3230 1713 gens
3271 1641 3425 1696 simul
3466 1696 3468 1698 τ

1832 1725 1986 1796 (lsai.
2019 1726 2109 1782 66.
2143 1727 2243 1792 8)?
2270 1727 2430 1782 Velox
2459 1729 2657 1798 quippe
2682 1741 2766 1784 est
2788 1731 3018 1800 Spiritus
3050 1736 3421 1803 regeneratio:

1833 1831 1940 1868 tton
1969 1817 2492 1883 servittemporibus
2524 1835 2620 1872 nec
2649 1821 3110 1889 generationibus,
3143 1825 3235 1877 sed
3263 1825 3424 1878 simul

1831 1913 1992 1973 atque
2017 1905 2130 1959 vult
2160 1908 2398 1961 nascitur
2431 1910 2572 1978 quod
2617 1920 2988 1979 regens-ratur.
3020 1913 3254 1967 Deeehat
3283 1915 3422 1969 lilios

1832 1995 1966 2050 lueis
1991 1996 2189 2068 ubique
2217 1998 2268 2051 iu
2298 1997 2417 2052 foro
2446 2001 2739 2067 praedicare
2783 2011 2837 2057 et
2868 2003 3148 2059 celebrare
3174 2021 3296 2061 cum
3328 2007 3420 2076 qui

1831 2095 2052 2156 prOpter
2077 2089 2224 2158 ipsos
2249 2089 2549 2154 descendit,
2585 2102 2639 2145 ut
2666 2102 2837 2147 totmn
2866 2096 3052 2151 orbem
3081 2112 3294 2153 sursum
3327 2099 3419 2154 de.

1831 2176 2013 2232 ducat.
2048 2179 2294 2235 Christus
2335 2181 2616 2236 descendit
2641 2183 2710 2239 de
2754 2186 2902 2240 caelis
2932 2205 2946 2240 :
2981 2186 3278 2252 descendit,
3315 2206 3420 2244 non

1830 2266 2118 2322 discedens
2169 2269 2236 2324 de.
2289 2270 2471 2337 cadis;
2529 2274 2793 2338 ascendit.
2849 2290 2955 2330 nou
3010 2277 3297 2334 discedens
3351 2280 3422 2336 de

1833 2367 1996 2412 terra.
2025 2359 2208 2429 Neque
2235 2361 2379 2415 enim
2424 2377 2548 2416 cum
2588 2364 2888 2433 descendit,
2934 2369 3100 2421 caelos
3135 2387 3196 2424 se
3224 2386 3423 2426 vat-uos

1832 2448 2083 2517 reliquit;
2117 2467 2291 2520 neque
2322 2468 2445 2506 cum
2487 2455 2754 2519 ascendit,
2800 2465 2997 2511 terram
3028 2461 3422 2529 gulmrnatione

1830 2555 1924 2594 sua
1952 2540 2261 2595 destitutam
2296 2544 2530 2614 reliquit.
2560 2546 2792 2600 Docebat
2818 2546 2955 2602 ﬁlios
2984 2550 3118 2605 lucis
3149 2553 3420 2608 lucernam

1831 2631 1978 2685 verbi
2026 2632 2076 2684 in
2118 2631 2236 2686 foro
2279 2634 2478 2703 ubique
2527 2636 2877 2693 circumferre
2913 2644 3271 2713 :mysterium
3317 2661 3424 2700 nou

1831 2723 2158 2776 contumelia
2213 2724 2569 2791 al'licicbatur,
2625 2726 2910 2784 character
2947 2734 3190 2788 veritatis
3236 2752 3426 2792 recens

1833 2812 2254 2868 illuminatorutn
2317 2832 2421 2867 non
2492 2816 2972 2876 dehonestabatur.
3033 2815 3269 2879 Docebat
3331 2843 3427 2882 eos

1831 2920 2042 2974 quoque
2066 2906 2115 2958 in
2150 2907 2340 2975 plateis
2365 2916 2583 2962 cantare.
2612 2926 2625 2960 :
2657 2909 2928 2976 Sapientia
2949 2914 3092 2967 enim
3122 2916 3175 2967 in
3207 2916 3427 2972 exitibus

1833 2997 2157 3068 prtedicatur,
2190 3008 2239 3051 et
2262 2999 2314 3051 in
2339 3000 2521 3069 plateis
2553 3001 2769 3068 ﬁdenter
2795 3004 2901 3074 agit
2923 3003 3109 3073 (Prov.
3151 3008 3196 3061 I.
3229 3008 3345 3079 9.0),
3373 3011 3426 3064 in

1832 3090 2056 3142 smnmis
2083 3090 2251 3142 muris
2283 3091 2624 3158 przudicatur.
2671 3093 2972 3164 Purgomus
3009 3112 3215 3161 aerem,
3256 3116 3417 3170 quem

1832 3180 2114 3234 cantilena:
2145 3183 2468 3236 meretricia:
2512 3183 2878 3252 inquiuaruut,
2925 3203 3087 3256 quem
3119 3189 3425 3247 iniecerunt

1830 3271 1958 3324 olim
1991 3273 2273 3339 impiorum
2299 3273 2588 3337 clamores,
2620 3283 2673 3328 ct
2695 3274 2928 3330 ululatus
2957 3292 3143 3353 eorum
3163 3281 3252 3349 qui
3283 3280 3426 3337 {teda

1831 3364 2136 3418 daemonum
2182 3364 2435 3436 mysteria
2485 3363 2854 3419 celebrabant.
2908 3367 3083 3422 Verbo
3129 3371 3263 3425 lucis
3306 3388 3424 3438 aer,

1833 3463 1996 3516 terra,
2053 3455 2242 3507 cadum
2294 3465 2515 3522 purgata
2570 3463 2716 3508 sunt.
2768 3454 3229 3523 Quemadmodum
3279 3463 3423 3516 enim

1831 3547 2022 3600 cadum
2051 3556 2103 3599 et
2134 3557 2274 3598 terra
2299 3545 2367 3599 de
2393 3545 2592 3599 malitia
2624 3545 2910 3613 impiorum
2938 3549 3313 3619 ingemiscant,
3343 3556 3424 3609 sic

1831 3637 2083 3691 lmtantur
2110 3635 2176 3690 de
2204 3636 2409 3704 iustitia
2440 3637 2726 3706 proborum
2755 3654 2908 3694 :cum
2937 3641 3081 3695 enim
3111 3642 3274 3696 bmno
3301 3659 3424 3713 pec-

1829 3739 1937 3790 cat,
1970 3730 2274 3797 indignatur
2301 3728 2513 3787 cat-lum.
2550 3729 2858 3799 indignatur
2884 3743 3044 3796 terra,
3077 3746 3132 3788 ut
3168 3737 3244 3789 ait
3271 3736 3428 3791 lere-

1831 3821 1966 3874 mias
2000 3838 2012 3871 :
2049 3818 2321 3888 Obstupuit
2347 3819 2528 3872 etclam
2564 3837 2717 3888 super
2757 3822 2874 3885 hoc,
2911 3833 2958 3876 et
2984 3825 3239 3880 inhorruit
3267 3840 3422 3893 terra,

1830 3917 1953 3986 quia
1988 3917 2087 3968 duo
2119 3916 2255 3969 mala
2296 3917 2416 3982 fecit
2444 3918 2666 3984 populus
2699 3915 2834 3986 (Jcr.
2876 3917 2931 3970 2.
2964 3919 3052 3972 1‘2.
3092 3921 3203 3990 15).
3235 3921 3425 3976 Viden’

1830 4007 2100 4076 quomodo
2140 3999 2488 4060 exhorrescat
2530 4008 2719 4060 ea-lum
2770 4018 2824 4062 et
2874 4020 3042 4074 terra,
3075 4014 3426 4079 peccautilms

1832 4098 2175 4153 hominibus?
2204 4098 2335 4150 Cum
2384 4107 2563 4150 autem
2610 4097 2678 4150 ad
2709 4098 2960 4165 pietatem
3007 4113 3420 4171 cmn'ertuutur,

1829 4189 1950 4243 audi
1982 4190 2297 4258 prophetam
2331 4188 2598 4242 dicentem
2632 4206 2644 4240 :
2681 4188 2942 4243 Ltetentur
2970 4192 3084 4244 cwli
3114 4202 3164 4244 ct
3204 4197 3420 4250 exsultet

1833 4292 1966 4334 terra
1991 4298 2008 4334 :
2030 4291 2296 4348 erumpant
2327 4290 2518 4333 montes
2550 4282 2599 4332 in
2627 4281 2874 4339 lwtitiam.
2911 4291 2955 4333 et
2989 4283 3144 4335 colles
3173 4285 3223 4336 in
3251 4287 3428 4338 exsul-

1834 4375 2093 4431 tationem,
2115 4372 2233 4440 quia
2253 4371 2483 4422 misertus
2501 4379 2573 4421 cst
2597 4368 2843 4424 Dom-inus
2857 4371 3036 4438 populi
3061 4375 3141 4425 sui
3159 4372 3305 4440 (lsai.
3328 4375 3419 4432 49.

1836 4464 1946 4531 lii).
1981 4463 2129 4514 Dicat
2171 4469 2226 4511 et
2259 4459 2501 4513 Ecclesia
2535 4475 2654 4527 qua-
2701 4469 2851 4513 tanto
2895 4473 3038 4516 coetu
3081 4462 3237 4516 lloret
3269 4483 3282 4516 :
3319 4467 3427 4532 ligo

1833 4553 2100 4621 quondam
2145 4551 2329 4604 relicta
2378 4565 2494 4600 sum
2539 4550 2693 4612 sola;
2726 4549 2780 4603 hi
2809 4565 2938 4605 vero
2969 4553 3074 4605 mei
3109 4553 3195 4605 ubi
3225 4557 3428 4608 erant?

1833 4660 1930 4713 ego
1961 4645 2163 4709 absque
2193 4644 2375 4695 liberis
2415 4652 2468 4694 et
2499 4641 2655 4698 vidua
2685 4657 2699 4702 ;
2736 4643 2829 4699 bos
2855 4660 2984 4700 vero
3015 4647 3133 4713 quis
3173 4647 3303 4701 mihi
3332 4666 3427 4714 tte-

1837 4737 1986 4789 nuit?
2015 4736 2196 4788 Dieant
2227 4745 2279 4785 et
2314 4734 2404 4785 lilii
2435 4734 2688 4786 Ecclesia!
2719 4736 2809 4803 qui
2839 4737 3181 4791 multitudine
3223 4739 3424 4792 redun-

1833 4831 1998 4891 dant,
2048 4827 2430 4894 ptophetarutn
2472 4841 2602 4877 voce.
2654 4826 2763 4879 Deo
2811 4828 3096 4895 loquentes
3127 4849 3140 4881 :
3168 4830 3426 4900 Angustus

1835 4923 1957 4973 mihi
1990 4922 2131 4970 locus
2156 4935 2173 4972 :
2203 4919 2284 4985 {ac
2313 4918 2433 4969 mihi
2467 4918 2633 4970 locum
2661 4927 2715 4969 ut
2758 4918 2978 4971 habitem
3016 4919 3176 4986 (Ibid.
3221 4938 3268 4974 υ.
3308 4922 3423 4989 20).

1913 5009 2151 5062 "(cretici
2177 5008 2371 5076 pridem
2395 5008 2715 5061 dominantes
2740 5023 2804 5061 ea:
2831 5011 3028 5062 civitate
3052 5011 3217 5079 ejecti.
3239 5011 3429 5065 Contra

1836 5102 2124 5153 Anomwos.
2155 5127 2226 5140 -—
2253 5099 2384 5150 Cum
2418 5098 2560 5151 cnim
2592 5100 2806 5152 ﬂoreret
2839 5100 3104 5166 impietas,
3141 5118 3263 5157 eum
3292 5105 3429 5158 hanc

1839 5195 2024 5246 urbem
2058 5192 2366 5243 derastaret
2410 5189 2662 5254 Inrrcsis,
2691 5191 2960 5261 absumpti
2992 5205 3146 5247 erant
3181 5196 3432 5250 Ecclesia:

1839 5285 1928 5337 lilii
1961 5298 2060 5336 :ac
2085 5285 2220 5334 sicut
2247 5282 2449 5334 locusta
2492 5293 2686 5334 terram
2731 5284 3014 5348 invadens,
3059 5285 3176 5354 ejus
3223 5286 3429 5342 fructus

1837 5375 2104 5428 consumit
2141 5390 2153 5426 :
2186 5373 2263 5426 sic
2300 5372 2604 5441 perniciosa
2637 5373 2725 5426 illa
2757 5374 3002 5429 doctrina
3041 5375 3247 5432 fruetus
3290 5395 3434 5433 verae

1838 5466 2094 5518 doctrina:
2137 5474 2190 5518 et
2231 5465 2447 5534 pietatis
2492 5466 2852 5533 consumpsit.
2887 5466 3086 5521 Verum
3131 5468 3312 5534 hodie,
3347 5471 3433 5524 di-

1840 5555 1984 5620 lecti,
2013 5557 2180 5625 ejecta
2227 5566 2308 5609 est
2355 5555 2608 5624 pestifera
2660 5557 2750 5610 illa
2783 5557 3050 5616 doctrina.
3095 5569 3149 5612 et
3191 5561 3428 5630 ingressa

1839 5658 1922 5702 est
1961 5648 2212 5701 salutaris
2254 5649 2445 5713 gratia,
2477 5664 2594 5716 qum
2625 5649 2879 5717 populum
2933 5660 3219 5719 regenerat
3263 5661 3317 5706 et
3359 5654 3437 5708 sic

1839 5739 2176 5808 alloquitur:
2235 5738 2389 5791 Nunc
2419 5738 2699 5791 retribuam
2749 5756 2840 5806 pro
2891 5739 3115 5808 latibus,
3135 5759 3268 5814 quos
3316 5759 3435 5797 cono

1841 5832 2067 5898 sumpsit
2096 5847 2247 5884 eruca
2275 5838 2320 5885 et
2350 5831 2543 5883 locusta
2570 5841 2616 5885 et
2642 5833 2822 5904 rubigo
2871 5831 3028 5903 (Joel.
3055 5832 3110 5885 2.
3151 5833 3268 5902 ‘23).
3302 5832 3440 5902 Quid
