4034 6406
648 433 751 489 5H

646 547 949 606 contendis.
982 544 1247 606 hteretice,
1281 555 1404 595 cum
1444 538 1647 594 Judteis
1694 535 1917 608 gloriam
1951 532 2219 602 Unigeniti

647 637 960 695 oeeultarc?
999 636 1077 691 Illi
1114 633 1566 689 resurrectionem
1596 637 1850 698 quantum
1877 627 1926 678 in
1969 626 2098 694 ipsis
2124 624 2223 677 fuit

648 732 983 788 occultarum
1009 747 1019 780 :
1053 739 1103 779 tu
1132 715 1466 779 divinitatem
1497 731 1749 791 quantum
1783 729 1934 787 potes
1961 717 2217 771 occultas.

649 828 717 876 At
757 836 930 889 neque
962 817 1036 870 illi
1073 819 1349 871 veritatem
1401 815 1498 868 sibi
1532 812 1798 865 vindicare
1846 818 2087 878 possunt,
2122 822 2218 859 ne-

646 928 752 981 que
781 922 835 963 tu
880 908 1130 983 pietatem
1181 916 1510 975 perspectam
1558 902 1740 968 babes.
1778 901 1910 954 Audi
1942 915 2068 968 ergo
2100 913 2221 964 pro-

649 1006 863 1070 phetam
892 999 1160 1053 dicentem
1193 1015 1205 1048 :
1242 996 1450 1064 θρα-υἱ(
1479 997 1628 1047 cwlos
1656 994 1812 1045 virtus
1840 992 1967 1060 ejus,
1997 999 2042 1042 et
2070 988 2222 1041 laude

647 1092 760 1160 ejus
787 1091 938 1159 plena
964 1099 1037 1142 est
1063 1100 1196 1141 terra
1246 1087 1470 1157 (Habac.
1498 1087 1553 1140 5.
1584 1086 1662 1150 5).
1705 1084 1905 1170 Laude,
1939 1097 2044 1134 non
2075 1096 2222 1134 com-

651 1181 1046 1250 prehensione;
1098 1179 1238 1242 lide,
1295 1193 1399 1230 non
1465 1175 1918 1244 perscrutatione;
1975 1173 2197 1225 caritate

647 1286 752 1327 non
787 1271 1191 1340 perquisitione.
1217 1268 1330 1322 Non
1355 1267 1418 1320 ad
1449 1263 1877 1335 perquirendum,
1903 1265 1996 1317 sed
2019 1263 2083 1316 ad
2104 1277 2219 1318 ere.

645 1362 878 1414 deudttm
932 1361 1158 1414 instituti
1211 1372 1449 1412 sumus:
1499 1357 1778 1411 credentes
1835 1357 2209 1422 illuminatuur,

648 1470 752 1505 non
793 1453 1003 1507 curiose
1044 1452 1413 1520 perquirentes
1478 1449 1827 1516 baptizamur.
1869 1447 1944 1501 Ne
1987 1456 2035 1500 te
2074 1448 2218 1517 deci-

653 1547 797 1612 piant
818 1554 987 1598 costus
1007 1545 1378 1596 luereticorum
1404 1559 1416 1594 :
1441 1541 1761 1610 baptismum
1778 1541 1971 1608 quippe
2002 1539 2216 1600 habent,

652 1635 743 1688 sed
791 1648 893 1687 non
945 1633 1439 1695 illuminationem;
1491 1640 1545 1683 et
1597 1631 1930 1699 baptizantur
1973 1643 2216 1694 corpore,

646 1724 738 1777 sed
777 1724 951 1778 anima
982 1739 1086 1776 non
1119 1723 1508 1776 illuminautur.
1540 1722 1688 1776 Sicut
1727 1722 1868 1776 enim
1916 1720 2096 1775 Simon
2131 1722 2223 1774 ba-

648 1817 892 1883 ptizatus,
928 1831 1032 1868 non
1067 1815 1398 1868 illutniuatus
1425 1826 1526 1879 est,
1567 1828 1618 1868 et
1653 1816 1735 1868 isti
1783 1817 1892 1883 pari
1941 1815 2098 1867 modo
2126 1814 2220 1867 de-

649 1907 1072 1975 prehenduntur.
1118 1907 1402 1960 Exsulteut
1427 1921 1555 1974 ergo
1585 1905 1805 1973 spiritus
1831 1908 2216 1973 apostolorum,

645 1999 734 2066 qui
763 1999 1022 2066 spirituali
1051 2013 1248 2066 sagena
1285 2008 1487 2050 tantum
1516 1997 1654 2049 hunc
1685 1999 1936 2067 populum
1967 2006 2221 2064 ceperunt

648 2105 742 2156 per
770 2089 1020 2158 Spiritum
1067 2102 1330 2143 sanetum.
1364 2089 1514 2143 Nunc
1565 2091 1779 2158 impleta
1827 2101 1908 2143 est
1955 2089 2005 2142 in
2052 2090 2220 2143 Oculis

651 2181 848 2235 nostris
897 2179 1209 2250 protihetiea
1262 2198 1406 2234 vox:
1443 2180 1508 2233 In
1553 2183 1837 2234 novissimis
1879 2182 2070 2244 diebus,
2101 2183 2220 2235 dicit

649 2269 806 2335 Deus,
837 2287 936 2323 non
988 2273 1120 2323 ultra
1168 2271 1354 2330 dicent.
1392 2270 1521 2324 Ecce
1564 2288 1684 2324 arca
1737 2274 2017 2325 testamenti
2060 2273 2221 2325 sancti

647 2361 850 2425 Israel;
893 2364 942 2415 id
988 2373 1098 2424 est,
1129 2363 1302 2415 cultus
1353 2362 1636 2432 antiquus;
1691 2379 1851 2431 neque
1892 2363 2122 2416 ascendet
2168 2363 2241 2424 in,

647 2470 734 2504 cor
760 2469 931 2506 eorum
976 2463 1319 2506 testamentum
1348 2470 1480 2506 arcte
1521 2453 1733 2524 (Jerem.
1763 2454 1816 2506 5.
1853 2453 1962 2522 16).
2006 2453 2218 2519 Quare?

644 2539 781 2604 Quia
799 2558 908 2594 ecce
924 2560 1013 2610 ego
1031 2545 1236 2597 mittam
1251 2546 1438 2598 multos
1454 2555 1721 2599 venatores
1739 2555 1786 2598 et
1807 2549 2088 2617 piscatores
2108 2548 2215 2619 (le-

645 2645 772 2682 rem.
789 2631 872 2684 16.
894 2631 993 2700 l6).
1008 2631 1448 2701 Circumscripsit
1473 2649 1651 2687 aream
1680 2635 1826 2688 illam
1857 2648 2094 2690 veterem
2111 2637 2211 2708 (a),

646 2734 699 2778 et
740 2724 943 2778 induxit
968 2740 1142 2779 arcam
1175 2726 1428 2798 Ecclesia:
1450 2742 1568 2796 qua:
1595 2743 1883 2797 numquam
1916 2727 2072 2796 perit.
2101 2727 2222 2780 Mit-

645 2829 747 2869 tam
775 2819 956 2871 multos
984 2829 1240 2870 venatores
1268 2797 1642 2886 et‘piscatores.
1674 2820 1717 2872 Ο
1748 2835 1936 2873 novatn
1973 2820 2220 2887 piscatio-

648 2908 803 2960 nem!
831 2910 919 2976 qui
966 2907 1080 2962 heri
1128 2917 1314 2975 captus
1360 2921 1459 2968 cst,
1507 2909 1662 2962 hodie
1705 2912 1979 2979 piscatur:
2019 2910 2217 2977 repleta

649 2998 789 3050 enim
815 3008 896 3051 est
922 3007 1057 3050 terra
1086 2998 1252 3067 gloria
1283 2999 1502 3063 Christi,
1534 3010 1587 3053 et
1617 3003 1812 3069 impleti
1843 3012 1966 3054 sunt
2001 3003 2102 3054 lide
2131 3018 2216 3056 or-

653 3089 735 3142 bis
768 3091 919 3144 lines.
955 3090 1030 3144 Ne
1055 3093 1229 3158 itaque
1259 3103 1474 3159 propter
1501 3094 1676 3146 carnis
1705 3096 2058 3147 meonemiam
2091 3109 2220 3148 con-

656 3178 888 3231 tumeliis
919 3181 1118 3232 al'licias
1165 3181 1494 3246 dignitatem.
1526 3183 1564 3233 A
1608 3181 1807 3234 Juda-is
1837 3185 1963 3235 exiit
2012 3199 2213 3248 rumor,

650 3270 917 3322 venditant
956 3268 1118 3323 fuisse
1150 3271 1620 3332 resurrectionem,
1649 3282 1701 3324 et
1733 3273 1867 3325 fama
1895 3275 2214 3340 percrebuit,

649 3360 938 3426 discipulos
970 3361 1115 3413 illum
1156 3359 1359 3415 furatos
1386 3379 1526 3417 esse.
1559 3364 1632 3416 Illi
1670 3374 1853 3418 contra
1881 3381 2074 3434 corpus
2103 3367 2216 3436 ejus

645 3451 962 3504 sententiam
1005 3452 1192 3504 mortis
1221 3453 1475 3516 tulerunt,
1527 3455 1576 3506 hi
1610 3457 1928 3524 theologiam
1961 3462 2078 3525 ejus
2121 3475 2215 3526 pro

645 3541 784 3595 virili
814 3544 1149 3595 aununtiant.
1180 3543 1375 3598 Verum
1410 3546 1622 3601 illorum
1668 3563 1830 3616 Opera
1861 3567 2013 3604 error
2059 3552 2216 3607 hodie

644 3630 988 3694 dill'unditur;
1016 3634 1082 3686 ab
1110 3634 1346 3688 Ecclesia
1378 3652 1505 3691 vero
1528 3639 1628 3690 vita
1653 3651 1847 3693 interna
1879 3642 2212 3710 praedicatur.

648 3722 732 3786 Et,
761 3723 802 3774 si
834 3723 934 3784 vis,
968 3724 1133 3777 habes
1177 3736 1409 3780 veterem
1453 3729 1730 3798 imaginem
1765 3752 1776 3784 :
1812 3743 1867 3784 ut
1909 3733 2044 3786 enim
2095 3751 2213 3788 cum

645 3809 864 3879 Iosephi
900 3813 1092 3868 fratres
1133 3817 1229 3882 ipsi
1270 3818 1497 3869 insidiati
1540 3829 1682 3880 sunt,
1713 3822 1876 3875 Jaciih
1902 3833 1954 3875 et
1980 3826 2093 3891 ejus
2134 3826 2213 3878 l'a—

648 3902 791 3954 milia
841 3905 1009 3972 ipstim
1043 3907 1192 3958 valde
1225 3907 1430 3974 lugebat
1460 3927 1473 3970 ;
1517 3911 1607 3964 sed
1655 3912 1913 3982 [ΕΗ-βίης
1942 3916 2085 3968 illnttt
2118 3917 2210 3969 ba-

649 3993 808 4047 bebat
835 3995 1094 4048 viventem
1119 4011 1180 4049 ac
1209 4011 1521 4066 regnantem
1549 4018 1562 4052 :
1596 4003 1678 4056 hic
1708 4007 1841 4072 aptnl
1872 4006 2129 4063 Jaeolium
2159 4022 2214 4064 tit

645 4094 883 4135 mortuus
915 4086 1229 4152 lugebatur;
1286 4089 1335 4140 in
1365 4089 1597 4159 Egypto
1638 4104 1812 4146 autem
1845 4098 1990 4150 vivos
2022 4116 2214 4169 regna-

645 4175 733 4227 hat
764 4194 776 4228 :
808 4176 884 4229 sic
912 4186 963 4229 et
992 4193 1132 4230 nunc
1161 4180 1299 4246 apud
1326 4181 1539 4234 Jttdu'Os
1567 4195 1621 4237 et
1668 4186 1904 4241 furentes
1939 4193 2214 4245 lia-retieos
2293 4192 2296 4196 ’

649 4276 886 4320 mortuus
916 4268 1004 4322 ilfe
1037 4281 1279 4336 putatur:
1313 4274 1633 4345 theologiam
1667 4280 1806 4330 enim
1838 4282 2102 4347 perimunt
2125 4287 2212 4353 qui

646 4357 800 4408 ﬁdem
827 4357 1021 4410 tollunt
1046 4369 1097 4411 et
1120 4362 1441 4427 quaestiones
1467 4378 1677 4419 moveut
1703 4385 1715 4431 ;
1749 4372 1885 4437 apud
1913 4390 2006 4424 nos
2035 4387 2209 4428 autem

648 4456 833 4515 regnat
863 4449 1031 4509 vivus,
1064 4460 1118 4502 et
1161 4459 1214 4502 ttt
1244 4452 1395 4505 deret
1435 4457 1704 4510 aduratur.
1740 4465 1804 4512 At
1834 4478 1956 4515 vere
2003 4467 2209 4519 ill'ltzlllll

645 4538 980 4608 validumque
1027 4551 1108 4592 est
1159 4542 1246 4595 Dei
1301 4547 1546 4612 verbum,
1610 4551 1797 4604 invicta
1849 4563 2207 4621 apostolorum

649 4629 909 4682 doctrina.
944 4633 1124 4700 Itaque
1167 4650 1269 4684 non
1304 4635 1495 4688 frustra
1540 4641 1737 4693 laburat
1770 4644 1912 4698 Pauli
1945 4663 2042 4700 vox
2075 4650 2210 4703 vrri-

645 4727 766 4771 taus
792 4735 1002 4774 causam
1050 4737 1232 4789 agens.
1281 4727 1409 4795 Age,
1447 4728 1599 4783 beate
1648 4733 1827 4797 Paule,
1864 4753 1956 4802 pro
1989 4741 2211 4795 veritate

643 4812 956 4871 concitatus,
991 4815 1266 4882 indignare.
1311 4833 1407 4885 pro
1441 4821 1563 4884 lida,
1611 4823 1879 4889 iratusiue
1908 4829 1992 4881 die
2038 4831 2201 4885 bare-

642 4902 801 4955 ticis:
847 4901 1121 4957 Undenam
1159 4908 1491 4964 AriStoteliea
1525 4913 1696 4966 edocti
1728 4919 1896 4969 estis?
1926 4922 2043 4987 quis
2091 4923 2208 4975 Pla-

643 5001 819 5044 tonem
842 4995 1136 5062 Evangeliis
1162 5001 1427 5063 praatnlit?
1459 5005 1573 5069 quis
1602 5007 1718 5058 lidei
1753 5011 2203 5081 praedic.tionem,

636 5083 812 5150 ejeeit,
846 5097 896 5137 et
941 5087 1266 5142 incredulam
1297 5096 1640 5159 qua-stionem
1688 5098 1938 5153 induxit?
1990 5105 2202 5159 ubinam

639 5176 790 5239 illtul,
812 5179 1056 5245 ingenitus
1075 5191 1122 5234 el
1144 5183 1362 5251 genitus,
1381 5185 1642 5240 didicisti?
1671 5190 1949 5259 Reliquisti
1974 5196 2201 5263 Patrem,

639 5268 882 5333 respuisti
927 5269 1038 5322 Filii
1075 5289 1290 5338 nomen,
1325 5275 1590 5344 indignam
1639 5287 1826 5348 putasti
1857 5285 2088 5351 Spiritus
2121 5291 2204 5340 di-

639 5356 914 5424 gnitatem,
942 5359 1004 5412 ad
1039 5361 1264 5415 humana
1298 5368 1454 5418 verba
1488 5378 1538 5421 te
1565 5377 1849 5426 convertis.
1876 5377 2047 5433 Probe
2071 5381 2200 5436 dixit

633 5445 913 5509 Jeremias,
947 5447 1102 5503 Periit
1132 5455 1254 5518 ﬁdes
1283 5473 1344 5508 ex
1369 5475 1454 5511 ore
1480 5477 1654 5512 eorum
1687 5462 1814 5533 (λη’.
1842 5467 1890 5517 7.
1920 5470 2032 5525 28?.
2064 5473 2200 5537 Quid

634 5537 766 5588 dixit
795 5536 980 5591 Petrus
1011 5551 1063 5594 et
1096 5542 1280 5596 beatus
1308 5549 1619 5613 prtedicatus
1640 5556 1756 5607 est?
1798 5555 1872 5608 Tu
1901 5577 1948 5611 es
1971 5536 2203 5618 Christus

635 5625 799 5678 Filius
828 5626 921 5682 Dei
966 5629 1182 5700 (Matth.
1225 5637 1310 5688 16.
1343 5639 1451 5707 l6).
1485 5641 1599 5695 Non
1631 5644 1784 5708 dixit,
1817 5648 1893 5701 'l‘u
1924 5666 1981 5705 es
2026 5657 2200 5723 proles

632 5718 886 5786 iugeniti;
937 5721 1054 5788 sed,
1092 5724 1168 5777 [τι
1207 5744 1258 5781 es
1288 5728 1510 5787 Christus
1558 5735 1728 5792 Filius
1775 5740 1889 5796 Dei.
1920 5718 2049 5802 Cum
2099 5749 2204 5821 ipsi

694 5811 766 5873 (a)
796 5811 841 5860 ω
869 5823 961 5874 est,
986 5829 1050 5864 ne
1073 5815 1196 5868 ultra
1222 5829 1567 5878 monstraretur
1592 5830 1765 5881 eﬂ'ectt.

2121 405 2350 463 DUBlA.

3805 431 3909 484 548

2330 522 2492 578 Pater
2521 525 2837 594 sapientiam
2883 533 3162 595 revelavit,
3195 549 3373 591 annon
3421 538 3564 594 illam
3591 556 3790 612 capere
3820 561 3914 615 po-

2329 615 2467 670 tuit?
2508 632 2686 672 annon
2723 633 2932 688 poterat
2961 625 3208 682 Christus
3254 634 3512 700 aposmlis
3555 634 3759 702 dicere,
3789 655 3910 694 cum

2329 708 2445 762 illos
2471 713 2628 776 tussit
2654 711 2948 782 baptizare,
2980 717 3182 774 Euntes
3208 722 3470 794 baptizate
3496 737 3689 797 gentes
3732 731 3786 785 in
3819 749 3914 786 no-

2328 801 2470 855 mine
2496 805 2660 872 geniti
2691 815 2746 859 et
2779 808 2994 876 ingeniti
3015 812 3036 862 ?
3059 810 3164 865 Sed
3185 818 3530 885 mysticarum
3560 821 3908 877 traditionunt

2327 894 2619 961 sapientius
2643 912 2835 952 nomen
2863 900 3081 955 invenit.
3109 903 3289 958 Divina
3310 908 3728 976 circumscribis,
3752 914 3911 970 ﬁdem

2328 983 2484 1045 tollis,
2521 995 2569 1038 et
2599 988 2949 1054 qua-stionem
2984 992 3212 1047 inducis.
3246 995 3350 1050 Sed
3395 1001 3540 1060 time.
3574 1017 3606 1052 ο
3655 1004 3908 1060 inimice:

2326 1074 2515 1128 Petrus
2541 1078 2718 1132 claves
2748 1089 2890 1134 leuet
2917 1100 2929 1134 :
2963 1085 3084 1150 quia
3117 1086 3261 1140 enim
3292 1089 3446 1146 dixit.
3491 1091 3568 1145 Tu
3599 1110 3650 1146 es
3678 1095 3912 1150 Christus

2327 1163 2496 1219 Filius
2521 1165 2632 1229 Dei,
2657 1171 2835 1225 claves
2862 1175 3089 1242 accepit.
3110 1175 3257 1242 Quos
3283 1180 3475 1234 viderit
3499 1183 3691 1239 Petrus
3715 1186 3910 1241 Filium

2324 1256 2584 1322 dicentes,
2618 1261 2682 1312 iis
2731 1272 2935 1330 portatu
2972 1267 3118 1334 regni
3169 1270 3340 1338 aperit
3370 1288 3385 1326 :
3413 1285 3678 1342 quotquot
3731 1290 3909 1333 autem

2325 1350 2518 1404 viderit
2549 1353 2717 1421 ipsum
2758 1373 2868 1411 rem
2897 1373 3018 1411 esse
3050 1374 3285 1415 creatam
3309 1363 3547 1420 dicentes
3576 1379 3630 1421 et
3659 1369 3911 1440 blasphe-

2326 1454 2554 1508 mantes,
2582 1447 2645 1499 iis
2675 1460 2881 1515 portam
2903 1451 3157 1506 Ecclesiae
3179 1455 3430 1508 occludit.
3452 1457 3566 1510 Non
3594 1461 3747 1528 prius
3766 1464 3908 1517 enim

2323 1534 2502 1589 claves
2530 1540 2754 1606 accepit,
2772 1555 2928 1608 quam
2954 1542 3172 1605 diceret,
3191 1543 3263 1596 Tn
3282 1562 3334 1600 es
3356 1546 3520 1601 Filius
3543 1550 3636 1603 Dei
3657 1568 3677 1605 :
3711 1564 3839 1609 tunc
3863 1569 3912 1609 et

2327 1625 2412 1677 ille
2430 1627 2574 1680 audit
2595 1629 2660 1681 ab
2693 1632 2808 1698 ipso
2834 1631 3053 1687 :Beatus
3079 1652 3149 1700 es,
3179 1636 3357 1690 Simon
3380 1637 3602 1709 Barjona
3627 1659 3644 1695 :
3671 1645 3763 1697 tibi
3781 1648 3911 1701 dabo

2322 1715 2485 1771 claves
2515 1721 2658 1788 regni
2683 1722 2922 1775 (telorum
2957 1725 3172 1795 Matth.
3206 1730 3290 1785 16.
3328 1733 3434 1800 l7).
3459 1735 3582 1788 l’ost
3606 1739 3908 1793 confessio-

2324 1825 2441 1861 ιιι-ιη
2466 1823 2727 1878 potestas;
2759 1827 2878 1882 post
2897 1816 3053 1872 fidem
3079 1820 3306 1876 traditur
3321 1823 3556 1881 Ecclesia
3578 1840 3626 1882 et
3652 1846 3906 1900 regnum.

2393 1901 2446 1954 5.
2480 1901 2674 1957 Verum
2723 1906 2812 1959 alii
2844 1919 3028 1962 contra
3063 1909 3256 1966 Filium
3303 1929 3564 1986 pugnant,
3597 1921 3688 1974 alii
3719 1937 3906 1978 contra

2322 1989 2578 2062 Spiritum
2632 2008 2875 2051 sanctum
2944 2003 3113 2056 aciem
3169 2006 3457 2062 instruunt.
3510 2010 3708 2067 Verum
3775 2019 3905 2071 nihil

2325 2085 2539 2152 prodest
2565 2088 2704 2155 quod
2752 2089 3022 2145 Christum
3065 2097 3451 2163 eonliteantur,
3483 2103 3608 2157 dum
3642 2106 3905 2174 Spiritum

2323 2187 2562 2230 sanctum
2592 2189 2785 2247 negant
2817 2199 2828 2231 :
2865 2182 3000 2237 sicut
3030 2186 3158 2241 nihil
3208 2190 3426 2257 prodest
3465 2195 3529 2246 iis
3567 2199 3658 2264 qui
3693 2199 3905 2256 Patrem

2322 2265 2662 2331 confitentur,
2697 2283 2746 2323 et
2782 2272 2978 2326 Filium
3012 2288 3228 2345 negant.
3259 2281 3386 2335 Nam
3410 2297 3460 2339 et
3487 2285 3657 2340 Judaai
3689 2290 3906 2346 Patrem

2321 2358 2658 2420 conﬁtentur,
2689 2365 2775 2426 qui
2825 2377 3019 2434 negant
3051 2367 3267 2438 Filium,
3297 2390 3468 2441 neque
3501 2377 3701 2434 habent
3742 2385 3904 2438 vitam

2322 2459 2595 2502 aiteruatn.
2628 2453 2723 2519 Qui
2749 2454 2943 2512 Christi
2975 2461 3197 2528 gloriam
3225 2463 3470 2534 tleSpicit,
3513 2487 3617 2526 noo
3651 2491 3907 2546 accepta-

2323 2538 2446 2593 bilis
2489 2553 2571 2595 est
2600 2547 2739 2611 apud
2785 2548 3018 2602 Patrem.
3070 2557 3303 2611 Attende
3333 2559 3640 2630 diligenter.
3686 2538 3821 2623 Nam
3853 2584 3907 2627 et

2320 2634 2473 2684 amici
2507 2633 2625 2688 Julii
2655 2653 2774 2690 cum
2813 2641 2919 2693 Deo
2967 2649 3377 2711 conveniebant,
3420 2653 3511 2706 sed
3542 2655 3739 2712 Jobum
3769 2677 3899 2715 con-

2321 2722 2642 2779 demnarunt
2675 2746 2687 2780 :
2723 2729 2864 2783 Deus
2908 2749 3054 2797 vero,
3101 2739 3224 2791 licet
3271 2741 3342 2793 illi
3373 2756 3587 2797 oausam
3623 2762 3777 2803 suam
3811 2751 3879 2806 de

2322 2817 2590 2871 l'enderenl
2612 2861 2624 2881 ,
2660 2837 2762 2874 nun
2809 2826 3050 2891 probavit
3079 2845 3194 2895 ens,
3226 2833 3316 2885 sed
3347 2835 3473 2888 dixit
3505 2855 3517 2890 :
3554 2837 3658 2892 Cur
3707 2843 3905 2911 loquuti

2319 2911 2436 2960 estis
2467 2927 2639 2962 contra
2665 2929 2860 2966 servum
2888 2933 3051 2969 meum
3081 2919 3180 2973 Job
3231 2925 3247 2985 (
3274 2922 3370 2976 Job
3399 2926 3490 2978 42.
3525 2928 3614 2995 7)?
3657 2932 3713 2986 Si
3762 2935 3905 2989 Deus

2320 3000 2540 3076 amicos,
2563 3004 2650 3070 qui
2679 3016 2866 3058 contra
2888 3007 3077 3061 Jobt-tu
3113 3012 3310 3080 loqttuti
3336 3014 3545 3070 fuerant
3569 3032 3624 3073 et
3645 3037 3704 3076 se
3731 3027 3902 3095 gloria

2319 3090 2624 3155 :ill‘eeerant,
2647 3110 2751 3147 non
2781 3099 3114 3165 approbavit,
3136 3118 3199 3154 an
3231 3121 3324 3158 eos
3346 3107 3432 3174 qui
3460 3109 3650 3166 Filium
3681 3090 3900 3186 negant.

2321 3182 2440 3236 licet
2471 3199 2528 3236 se
2558 3188 2932 3256 confiteantur,
2969 3196 3287 3260 probaturus
3312 3201 3432 3253 est?
3464 3203 3681 3260 Minime
3735 3225 3902 3265 sane:

2321 3288 2460 3332 nam,
2490 3274 2588 3339 Qui
2610 3280 2715 3329 odit
2745 3296 2842 3344 me,
2873 3282 3058 3349 inquit,
3081 3297 3127 3338 et
3155 3286 3356 3340 Patrem
3389 3310 3548 3346 meum
3576 3300 3685 3350 odit
3720 3301 3902 3364 (Joau.

2323 3366 2406 3419 15.
2443 3368 2554 3435 ‘23).
2582 3368 2943 3439 Similiterque
2985 3378 3123 3430 sicut
3148 3379 3306 3435 Pater
3329 3385 3566 3441 oblatum
3597 3392 3697 3445 sibi
3736 3395 3907 3451 hono-

2321 3475 2428 3510 reui
2479 3479 2580 3514 non
2631 3465 2837 3533 recipit,
2871 3468 2912 3520 si
2963 3469 3130 3524 Filius
3178 3491 3282 3528 non
3343 3477 3658 3546 bonoretur,
3693 3487 3776 3542 sic
3807 3506 3906 3544 nec

2321 3548 2474 3601 Pater
2505 3567 2598 3604 nec
2645 3553 2826 3619 Filius,
2865 3558 2907 3609 si
2955 3561 3185 3626 Spiritus
3235 3579 3452 3621 sanctus
3493 3583 3900 3632 contemnatur.

2321 3637 2514 3692 Paulus
2561 3652 2704 3695 certe
2758 3648 3003 3700 lia-retiea
3057 3653 3253 3706 zizauia
3307 3659 3617 3724 pullulantia
3672 3666 3904 3733 invenit.

2317 3730 2408 3779 Sed
2453 3747 2568 3799 quze
2613 3751 2898 3803 numquam
2945 3753 3129 3808 aperte
3165 3761 3474 3816 eruperunt.
3519 3753 3650 3809 Nam
3700 3759 3903 3828 Ephesi

2320 3819 2369 3871 in
2394 3825 2512 3874 Asia
2538 3839 2656 3877 cum
2682 3829 2937 3892 quosdam
2967 3837 3357 3908 reperissetqui
3384 3842 3630 3908 baptizati
3661 3849 3896 3916 fuerant.

2317 3911 2447 3964 dixit
2475 3917 2551 3966 eis
2583 3934 2594 3967 :
2645 3916 2702 3969 Si
2734 3919 2984 3984 Spiritth
3014 3939 3242 3980 sanctum
3287 3937 3548 4001 accepistis
3591 3945 3903 3999 credentes?

2320 4001 2703 4065 Respondm'unt
2737 4011 2833 4073 illi,
2869 4012 3045 4082 Neque
3087 4019 3130 4069 si
3159 4018 3384 4082 Spiritus
3410 4039 3612 4082 sanctus
3651 4044 3722 4085 est
3751 4039 3898 4088 aitdi-

2317 4094 2478 4144 vimus
2525 4096 2658 4164 (Δεῖ.
2696 4099 2775 4152 l9.
2810 4101 2889 4166 ‘2).
2923 4104 3054 4158 lliuc
3108 4112 3357 4175 prseclara
3416 4117 3498 4169 illa
3547 4135 3670 4184 vox,
3703 4122 3770 4176 In
3800 4144 3898 4189 quo

2317 4201 2432 4254 ergo
2479 4189 2716 4257 baptizati
2758 4198 2918 4248 estis?
2969 4199 3154 4255 Petrus
3203 4205 3432 4275 itemque
3475 4211 3670 4268 Paulus
3705 4219 3898 4276 Eccle-

2316 4278 2445 4329 siam
2470 4280 2714 4341 doceant,
2739 4303 2841 4338 uou
2870 4293 3158 4346 nectendas
3181 4311 3298 4351 esse
3322 4300 3410 4354 illa
3435 4303 3721 4362 lia-reticas
3748 4330 3900 4382 quie-

2316 4370 2534 4424 stiones.
2570 4373 2719 4428 Unde
2765 4378 2972 4433 nel'aria
3008 4384 3089 4436 illa
3117 4385 3366 4443 Eunotuii
3395 4410 3440 4460 al
3465 4397 3721 4464 pellatio‘!
3752 4370 3899 4460 unde

2317 4459 2562 4516 Ita-retica
2598 4470 2841 4522 semina?
2874 4472 3014 4529 Sane
3050 4479 3199 4542 periit
3234 4483 3427 4535 veritas
3454 4489 3589 4555 apud
3615 4492 3812 4560 impios
3846 4511 3900 4551 et

2316 4553 2649 4609 Aristotelii-a
2683 4561 2922 4615 doctrina
2956 4567 3211 4621 obtinuit.
3240 4573 3492 4630 Humana:
3537 4595 3741 4638 natura:
3787 4600 3870 4642 ter

2317 4647 2488 4697 minus
2523 4664 2748 4716 usurpas
2792 4656 2931 4707 circa
2979 4657 3211 4712 divinam
3256 4678 3307 4716 et
3342 4683 3442 4720 non
3474 4673 3702 4737 genitam
3741 4691 3899 4732 natu-

2317 4750 2449 4800 ram,
2477 4748 2528 4790 et
2559 4743 2789 4807 genitam
2843 4746 3015 4799 dicis?
3043 4748 3118 4802 Tu
3171 4769 3317 4820 vero,
3363 4759 3558 4826 inquit,
3602 4768 3728 4832 quid
3773 4788 3898 4826 esse

2317 4827 2527 4882 I’atreni
2559 4832 2735 4885 dicis?
2784 4836 3078 4903 lngenitum
3112 4843 3249 4907 dico,
3287 4849 3376 4899 sed
3413 4869 3516 4909 non
3549 4857 3681 4910 sicut
3716 4869 3770 4912 tu
3802 4879 3894 4917 as~

2314 4921 2448 4972 seris
2477 4940 2489 4974 :
2521 4922 2815 4991 ingenitum
2850 4931 2970 4983 dico
2996 4933 3226 4995 Patrem,
3251 4942 3370 5006 quia
3402 4961 3505 4997 non
3538 4946 3628 5000 fuit
3650 4956 3893 5018 genitus.

2314 5009 2416 5061 Sed
2451 5025 2502 5064 et
2530 5029 2626 5080 ego
2657 5018 2914 5071 Adantutn
2948 5024 3236 5088 ingenitum
3280 5031 3415 5093 dico,
3452 5038 3571 5102 quia
3601 5056 3705 5093 non
3736 5047 3899 5111 grui-

2314 5109 2416 5160 tus,
2452 5105 2541 5155 sed
2576 5106 2830 5163 formatus
2859 5123 2958 5164 est.
2993 5114 3067 5167 Ne
3112 5119 3382 5174 auditores
3410 5127 3598 5180 alienis
3627 5105 3894 5198 perdt-llas

2318 5189 2508 5245 dictis:
2541 5194 2653 5249 hare
2679 5199 2930 5265 ligtueula
2956 5217 3097 5257 suat.
3121 5207 3386 5276 lngenitus
3408 5227 3487 5268 est
3509 5217 3662 5271 Pater
3687 5241 3698 5276 :
3726 5231 3892 5280 tnul'a

2309 5299 2517 5352 quoque
2566 5291 2666 5339 alia
2724 5292 2954 5360 ingenita
3013 5312 3156 5352 sunt.
3210 5301 3506 5372 lugenituzn
3555 5315 3752 5383 quippe
3805 5335 3886 5374 (~.~t

2311 5377 2686 5446 quodcumque
2731 5398 2834 5436 non
2898 5389 3132 5455 genitum
3176 5392 3273 5446 fuit
3331 5412 3344 5450 :
3407 5377 3700 5466 ingenitum
3749 5427 3889 5475 quo-

2308 5483 2409 5534 que
2442 5469 2635 5523 dicitur
2677 5478 2815 5542 quod
2865 5481 3076 5546 quidem
3129 5483 3211 5551 fit,
3261 5488 3354 5541 sed
3404 5495 3634 5548 nendum
3688 5469 3887 5555 factum

2309 5569 2411 5611 est.
2460 5560 2802 5619 Rcsurrectio
2833 5582 3164 5627 mortuorum
3216 5593 3358 5634 nunc
3405 5584 3632 5652 ingenita
3661 5603 3773 5644 est:
3802 5597 3892 5652 liet

2305 5653 2478 5713 enim,
2513 5655 2603 5706 sed
2631 5657 2865 5712 nondum
2897 5660 3032 5716 facta
3065 5676 3180 5732 cst,
3215 5680 3400 5739 estque
3432 5676 3698 5734 incondita
3721 5725 3733 5744 ,
3764 5701 3886 5742 cum

2309 5746 2543 5801 nondum
2578 5750 2645 5800 sit
2688 5753 2888 5820 genita.
2923 5755 3124 5812 Dicitur
3149 5775 3358 5831 quoque
3402 5767 3694 5831 ingenitum
3741 5791 3884 5841 quoa

2309 5856 2405 5895 nec
2461 5843 2678 5913 factum,
2723 5863 2898 5918 neque
2947 5868 3196 5925 umquam
3244 5859 3543 5917 iaciendum
3577 5874 3679 5934 est,
3706 5885 3884 5940 coque
