4034 6414
453 420 561 478 569

455 536 492 606 ἡ
522 534 818 599 ἀνάστασις
851 531 961 587 τῶν
1001 530 1207 602 νεκρῶν
1243 527 1533 599 ἀγέννητος
1562 527 1657 582 νῦν
1677 544 1692 559 ’
1726 528 1935 595 γίνεται
1976 528 2106 601 γάρ,

456 624 571 678 ἀλλ’
602 622 754 678 οὔπω
791 622 1036 692 γέγονεν,
1070 618 1163 672 καὶ
1193 616 1337 670 ἔστιν
1361 617 1854 679 ἀκατασκεύαστος,
1886 618 2111 688 μηδέπω

454 710 790 781 γεννωμένη.
835 696 1074 775 Λέγεται·
1100 703 1392 774 ἀγέννητον
1425 703 1520 756 καὶ
1560 701 1620 756 τὸ
1652 702 1920 772 μηδέποτε
1973 708 2109 774 μήτε

457 795 758 864 γινόμενον,
786 796 921 865 μήτε
949 790 1200 859 γενέσθαι
1216 789 1448 859 ὀφεῖλον,
1474 783 1584 841 οἷον
1609 788 1781 843 πολλά
1803 788 2071 859 ἀγέννητα
2090 806 2105 821 ·

455 882 579 947 ἐπεὶ
610 877 703 935 οὖν
722 882 771 933 οι
796 879 1091 950 προφῆται,
1114 878 1209 931 καὶ
1230 875 1424 945 Δανιὴλ
1454 875 1549 945 μὲν
1569 875 1717 943 λέγει
1734 892 1747 905 ·
1789 875 2110 945 Ἐθεώρουν

453 967 718 1035 τέσσαρα
753 966 927 1034 θηρία
956 962 1317 1031 ἐξερχόμενα
1358 962 1427 1015 ἐκ
1470 959 1583 1030 τῆς
1626 959 1975 1028 θαλάσσης·
2009 962 2109 1017 καὶ

452 1052 533 1125 ἦν
562 1053 628 1107 τὸ
662 1052 897 1123 πρῶτον
921 1053 1132 1120 θηρίον
1162 1049 1303 1103 ὡσεί
1328 1048 1561 1112 λέαινα,
1583 1049 1683 1121 καί
1713 1049 1896 1117 πτερὰ
1922 1050 2108 1105 αὐτοῦ

450 1143 533 1210 ὡς
573 1139 770 1195 ἀετοῦ.
810 1140 923 1193 Kal
948 1139 1073 1205 ποῦ,
1111 1137 1233 1190 εἰπέ
1276 1153 1387 1207 μοι,
1417 1134 1623 1189 ἐθεάσω
1668 1134 1851 1206 θηρίον
1891 1135 2109 1207 λεαίνης

450 1229 591 1284 οὕτω
632 1223 1093 1297 διεσκευασμένην
1124 1223 1245 1293 ἔχον
1275 1223 1375 1295 τὴν
1410 1221 1775 1282 κατάστασινς
1826 1221 1929 1275 ποῦ
1970 1218 2108 1287 εἶδες

451 1314 639 1387 θηρίον
666 1314 789 1385 έχον
809 1314 1006 1382 ὄνυχας
1024 1309 1274 1381 σιδηροῦς
1299 1309 1392 1362 καὶ
1408 1309 1622 1371 ὀδόντας
1636 1306 1902 1379 χαλκοῦςς
1922 1308 2107 1362 Ταῦτα

446 1401 505 1453 δέ
532 1401 612 1462 είς
640 1398 873 1470 θεωρίαν
893 1397 1224 1451 ἀνέπλαττεν
1254 1396 1283 1447 6
1306 1395 1592 1465 προφήτης
1610 1410 1624 1424 ·
1655 1393 1715 1447 ού
1741 1393 1847 1463 μὴν
1872 1394 2103 1471 ἐγένετο,

450 1486 573 1539 ούδέ
606 1486 832 1553 γίνεται,
861 1483 977 1537 ἀλλ’
1009 1480 1125 1535 εστι
1150 1483 1210 1534 τὸ
1241 1481 1427 1551 θηρίον
1456 1481 1632 1533 ἐκεῖνο
1658 1479 1970 1549 ἀγέννητον,
2001 1497 2107 1551 ph-

447 1571 725 1625 δεπὼποτε
766 1571 1073 1640 γενόμενον,
1110 1567 1222 1621 ἀλλ’
1259 1565 1552 1638 ὠνομάσθη
1588 1565 1766 1637 μόνον.
1811 1567 1967 1619 ﬂora:
1998 1582 2099 1635 γυ-

446 1661 630 1720 ναῖκες
678 1657 921 1724 ἐγένοντο
950 1655 1130 1727 πτερά
1174 1655 1415 1725 ἔχουσαι,
1457 1653 1575 1717 οἵας
1620 1648 1728 1706 οἵδε
1760 1665 1787 1694 ι
1831 1653 2105 1723 Ζαχαρίας

446 1744 622 1815 πτερά
654 1742 924 1815 φερούσας
946 1760 962 1807 ;
992 1744 1093 1796 ποῦ
1115 1741 1323 1795 ἐθεάσω
1349 1739 1615 1811 πάρδαλιν
1640 1738 1866 1809 ἔχουσαν
1894 1740 2100 1810 πτερά;

446 1815 629 1885 Ταῦτα
663 1830 721 1882 δὲ
751 1831 927 1884 πάντα
955 1829 1223 1898 ἐξηγεῖται
1250 1830 1279 1881 6
1308 1827 1574 1898 μακάριος
1601 1824 1815 1895 Δανιήλ.
1853 1823 2000 1898 [421]
2030 1827 2103 1880 Ἦ

446 1917 550 1970 ποῦ
577 1916 785 1970 ἐθεάσω
815 1916 1105 1987 ἀνδριάντα
1134 1916 1241 1969 ἀπὸ
1261 1912 1462 1983 χρυσοῦ
1485 1914 1579 1966 καὶ
1604 1911 1844 1982 ἀργύρου
1867 1912 1959 1965 καὶ
1981 1911 2102 1982 χαλ-

447 2004 548 2058 κοῦ
579 2004 673 2058 καὶ
706 2004 924 2074 σιδήρου
958 2004 1053 2057 καὶ
1083 2003 1349 2074 ὀστράκου
1375 2001 1475 2072 τὴν
1512 1998 1860 2070 κατασκευὴν
1892 1998 2100 2069 ἔχοντα,

445 2086 557 2145 οἷον
578 2085 686 2143 εἶδε
716 2090 947 2159 Δανιὴλ;
981 2090 1213 2143 ἐκαστον
1238 2088 1296 2141 δέ
1323 2086 1529 2142 τούτων
1547 2086 1843 2155 ἀγέννητον
1867 2098 1881 2114 ⁸
1908 2085 1968 2138 οὐ
1994 2086 2103 2156 γὰρ

443 2177 659 2247 ἐγένετο
683 2195 695 2207 ’
715 2177 997 2249 ἀνεγράφη
1024 2175 1079 2228 δέ
1108 2174 1183 2236 ὡς
1206 2173 1427 2244 πλάσμα
1444 2173 1536 2226 καὶ⁸
1561 2171 1782 2241 Θεωρία.
1811 2170 1901 2241 Mh
1924 2170 2103 2223 τοίνυν

443 2262 671 2335 νομίσῃς
708 2262 850 2333 μέγα
877 2278 929 2314 τι
960 2260 1038 2329 τῷ
1067 2252 1243 2329 Πατρὶ
1282 2256 1599 2328 χαρίζεσθαι
1634 2256 1712 2326 τῷ
1738 2256 1916 2323 λέγειν
1941 2254 2102 2309 αὐτὸν

444 2352 763 2421 ἀγέννητον,
796 2350 885 2403 διά
920 2348 982 2402 τὸ
1016 2347 1185 2401 πολλὰ
1210 2348 1302 2401 καὶ
1331 2346 1494 2416 ἕτερα
1525 2347 1599 2415 μὴ
1625 2342 1994 2412 γεγεννημένα
2014 2342 2102 2396 λέ-

442 2436 635 2505 γεσθαι
659 2436 943 2506 ἀγέννητα.
977 2430 1110 2488 Οἶδα
1130 2435 1212 2487 ὅτι
1231 2433 1397 2503 βαθὺς
1411 2433 1440 2483 ό
1459 2431 1614 2498 λόγος
1631 2445 1643 2457 ·
1664 2430 1776 2482 ἀλλ’
1794 2430 1878 2482 ἵνα
1900 2428 2102 2497 ἐλέγξω

443 2524 543 2593 τὴν
573 2523 855 2593 αίρετικὴν
877 2523 1093 2585 κακίαν,
1136 2523 1215 2584 είς
1256 2518 1443 2572 τούσδε
1468 2520 1593 2577 τοὺς
1617 2516 1811 2578 τόπους
1844 2515 2094 2585 ἐλήλυθα.

452 2611 682 2677 Λέγεται
723 2610 815 2661 καὶ⁵
850 2608 1132 2678 ἄνθρωπος
1166 2607 1457 2674 ἀγέννητος
1486 2605 1515 2655 6
1546 2603 1621 2672 ph
1660 2601 1959 2673 γεννηθείς.
1988 2602 2098 2654 Καὶ

447 2697 498 2749 ει
527 2697 603 2765 ph
629 2695 913 2765 ἐγεννήθη,
936 2695 1091 2764 φησὶ,
1121 2693 1460 2760 πῶςλέγεται
1482 2708 1498 2754 ;
1522 2689 1778 2761 Δείκνυμί
1799 2706 1880 2742 σοι
1898 2688 2100 2762 ἀνθρω-

443 2800 544 2836 πον
576 2783 650 2853 μὴ
682 2781 1040 2851 γεννηθένταο
1064 2780 1210 2848 λέγει
1238 2774 1328 2832 οὖν
1354 2780 1382 2831 ό
1409 2776 1599 2846 Σωτὴρ
1633 2777 1760 2845 περὶ
1799 2774 1965 2830 Ἰούδα
2000 2776 2096 2830 τοῦ

440 2864 703 2941 ’προδότου
725 2887 739 2900 ·
763 2869 906 2923 οὐαί
933 2868 1010 2933 τῷ
1037 2854 1561 2935 ἀνθρώπῳέκείνφ,
1583 2861 1655 2916 δι’
1677 2859 1749 2919 οὗ
1778 2862 2099 2931 παραδίδο-

440 2971 534 3010 εαι
564 2958 597 3009 ό
636 2958 766 3021 mc
801 2954 907 3009 τοῦ
950 2954 1289 3020 ἀνθρώπου·
1328 2949 1663 3021 συνέφερεν
1696 2949 1874 3015 αὐτῷ,
1918 2952 1971 3003 εί
2008 2948 2096 3018 μὴ

439 3041 748 3110 ἐγεννήθη.
798 3040 901 3094 Kal
946 3040 1059 3105 πῶς
1092 3039 1239 3109 αὐτῷ
1276 3039 1569 3109 συνέφερες
1614 3036 1693 3107 τῷ
1719 3038 1827 3105 γάρ
1877 3038 1950 3106 μὴ
1983 3038 2095 3090 δντι

437 3129 591 3183 οὐδὲν
623 3127 744 3181 οὔτε
779 3129 1066 3198 συμφέρει,
1104 3125 1227 3180 οὕτε
1253 3125 1458 3197 ζημίαν
1497 3126 1671 3197 φέρει.
1704 3127 1812 3178 Kal
1845 3123 2094 3196 Σολομὼν

435 3216 491 3269 ἃ
524 3213 811 3287 μακαρίζει
833 3213 1117 3285 ἄνθρωπον
1141 3213 1231 3265 τὸν
1262 3212 1336 3283 μὴ
1362 3212 1711 3281 γεννηθέντα.
1742 3211 1867 3264 τάδε
1885 3210 2056 3278 λέγων
2073 3227 2089 3245 ο

434 3300 733 3369 Μακάριος
765 3304 797 3355 ό
824 3300 1119 3368 τεθνηκὼς
1140 3298 1379 3369 μᾶλλον
1409 3301 1447 3366 ἠ
1470 3297 1599 3362 ζῶν,
1632 3298 1729 3352 καί
1757 3296 1908 3365 ὑπὲρ
1949 3297 2091 3363 τοὺς

435 3390 545 3443 δύο
573 3392 607 3442 ὁ
652 3387 737 3456 μὴ
765 3388 1093 3457 γεννηθείς.
1125 3387 1235 3440 Καὶ
1262 3386 1311 3438 εί
1340 3386 1415 3456 μὴ
1437 3385 1721 3454 ἐγεννήθη,
1765 3384 1880 3447 πῶς
1912 3383 2091 3452 μακά-

437 3491 552 3545 ριος
568 3492 585 3541 ;
603 3474 774 3527 Βλέπε
794 3473 1033 3543 ὀνόματα
1051 3473 1341 3543 ἀγεννήτου
1362 3471 1595 3539 φύσεως.
1622 3467 1784 3522 Εἶπεν
1811 3469 2092 3540 ἄνθρωπον

435 3561 525 3613 τὸν
559 3561 634 3630 ph
666 3559 997 3631 γεννηθέντα
1030 3558 1164 3629 μηδὲ
1198 3558 1503 3611 πλασθέντα
1543 3557 1831 3627 μακάριον.
1860 3556 2022 3609 ’Ὥστε
2058 3556 2091 3626 h

432 3646 528 3700 τοῦ
560 3647 855 3717 ἀγεννήτου
903 3646 1244 3717 προσηγορία
1286 3645 1345 3698 οὐ
1394 3644 1555 3714 φύσιν
1599 3643 1745 3697 θείαν
1777 3642 2091 3715 έρμηνεύει,

493 3749 522 3779 ⁸
546 3747 826 3811 Legendum
848 3750 1043 3799 videtur
1066 3748 1177 3798 εἶδε.

2040 407 2271 465 DUBIA.

3770 415 3878 471 550

2208 532 2352 595 οὐδὲ,
2373 533 2450 598 ὡς
2478 536 2544 589 σὺ
2570 533 2767 602 λέγεις,
2790 532 3081 602 ἀγέννητον
3102 532 3294 587 οὐσίαν
3319 531 3597 603 σημαίνει,
3618 528 3682 583 ού
3706 530 3881 599 τιμὴν

2208 618 2287 690 τῷ
2320 620 2493 691 Πατρὶ
2535 620 2722 691 φέρειν
2751 619 2921 673 όντων
2958 621 3051 673 καὶ
3086 620 3287 690 ἐτέρων
3325 617 3477 690 παρά
3505 617 3583 687 τῷ
3617 617 3879 688 προφήτῃ

2208 706 2488 775 ὀνομάτων
2521 700 2832 776 ἀγεννήτων
2856 724 2917 760 τε
2946 708 3041 760 καὶ
3068 706 3361 776 γεννητῶν,
3395 704 3539 759 καθά
3562 702 3877 774 προαποδέ-

2207 793 2415 846 δεικται
2435 808 2449 823 θ
2473 793 2610 847 ἀλλὰ
2633 794 2693 846 τὺ
2717 795 2793 865 μὴ
2827 794 3047 862 γεγονὸς
3070 794 3307 847 δείκνυσι
3326 792 3506 864 μόνον.
3542 790 3682 845 Ἀλλ’
3709 790 3881 842 εῐπω-

2211 896 2312 949 μεν
2345 880 2482 951 πρὸς
2508 883 2705 944 αὐτοὺς
2735 880 2873 950 μετά
2901 880 2996 934 τοῦ
3028 880 3209 945 Δαυῒδ,
3236 878 3613 949 Διητήσαντό
3630 894 3736 944 μοι
3760 891 3879 928 πα-

2199 965 2451 1035 ράνομοι
2482 966 2870 1036 ἀδολεσχίας,
2894 967 3029 1021 ἀλλ’
3050 968 3162 1033 οὐχ
3192 966 3272 1031 ὼς
3298 968 3332 1019 ό
3362 965 3546 1033 νόμος
3582 979 3726 1023 σου,
3760 962 3881 1015 Κύ-

2199 1069 2315 1120 ριε.
2351 1053 2462 1123 Τὴν
2484 1053 2693 1126 Πέτρου
2719 1052 2867 1117 δέξαι
2888 1054 3094 1123 φωνὴν,
3121 1050 3220 1121 τὴν
3245 1050 3460 1105 Παύλου
3486 1047 3877 1103 διδασκαλίαν·

2206 1138 2459 1205 Χριστὸς
2489 1139 2641 1193 κατὰ
2678 1139 2893 1206 σάρκα,
2935 1141 2969 1192 0’
2993 1136 3080 1192 ὢν
3112 1137 3212 1192 ἐπὶ
3240 1136 3482 1190 πάντων
3514 1133 3661 1200 Θεὸς
3695 1135 3892 1187 εὐλοεκ

2205 1227 2386 1295 τητὸς
2426 1230 2515 1295 εις
2554 1228 2697 1294 τοὺς
2733 1226 2977 1294 αἰῶνας.
3003 1227 3077 1279 τὸ
3098 1224 3323 1296 Πνεῦμα
3351 1225 3411 1278 τὸ
3444 1224 3599 1292 ἀγιον
3626 1239 3876 1293 προσκυ-

2213 1313 2418 1377 εείσθω,
2449 1315 2814 1384 ἀνυμνείσθω,
2835 1314 3156 1380 δοξαζέσθω.
3208 1313 3301 1366 Ἐκ
3324 1313 3433 1365 τῶν
3458 1312 3621 1366 θείων
3639 1308 3879 1380 Γραφῶν

2206 1399 2587 1472 θεολογοῦμεν,
2620 1402 2725 1455 κᾶν
2753 1401 2980 1455 θέλωσιν
3001 1403 3050 1454 οί
3070 1400 3276 1472 ἐχθροὶ,
3308 1400 3411 1453 κᾶν
3439 1403 3513 1469 ph
3533 1415 3547 1429 ·
3588 1398 3877 1469 μαρτυρή-

2205 1506 2290 1543 σει
2326 1490 2385 1543 δέ
2429 1505 2523 1559 μοι
2562 1490 2656 1542 καὶ
2686 1487 2897 1552 Παῦλος
2942 1487 3147 1555 λέγων·
3192 1487 3315 1539 οὐκ
3352 1485 3553 1538 οἴδατε
3582 1484 3675 1537 ὅτι
3726 1486 3877 1550 ναὸς

2205 1574 2354 1629 Θεοῦ
2377 1574 2539 1635 ἐστε.
2564 1575 2663 1629 καὶ
2687 1575 2777 1638 τίς
2802 1576 2836 1627 ό
2857 1572 3176 1635 κατοικῶν;
3194 1571 3310 1635 καὶ,
3345 1570 3587 1639 Πνεῦμα
3614 1570 3764 1624 Θεοῦ
3792 1573 3877 1625 οι-

2202 1660 2294 1714 κεῖ
2324 1661 2395 1713 ἐν
2417 1660 2579 1729 ὑμῖν.
2619 1659 2782 1713 Ἀλλο
2806 1656 2899 1713 οὖν
2928 1658 3207 1722 ναδς,,κα“ι
3242 1656 3398 1719 ἀλλος
3418 1658 3448 1709 6
3480 1654 3727 1708 ἐνοικῶν.
3756 1656 3875 1708 οὐκ

2202 1746 2441 1817 ἤκουσας
2473 1748 2683 1818 Πέτρου
2723 1746 2973 1814 λέγοντος
2993 1762 3007 1776 ο
3054 1744 3317 1805 Ἀνανία,
3351 1743 3508 1796 [rati
3543 1742 3875 1809 ἐπείρασεν

2200 1835 2235 1887 d
2257 1831 2528 1900 Σατανᾶς
2546 1834 2662 1899 τὴν
2680 1833 2930 1901 καρδίαν
2942 1848 3060 1886 σου
3077 1830 3426 1900 ψεύσασθαί
3444 1845 3519 1883 σε
3542 1830 3607 1881 τὸ
3625 1828 3874 1898 Πνεῦμα

2199 1920 2267 1972 τὸ
2318 1919 2523 1987 (Error;
2571 1920 2665 1974 καὶ
2711 1921 3012 1989 ἐπήγαγεν,
3068 1921 3190 1973 Οὐκ
3231 1918 3473 1986 ἐψεύσω
3509 1914 3869 1983 ἀνθρώποις,

2199 2006 2359 2060 ἀλλὰ
2378 2004 2459 2071 τῷ
2480 2005 2622 2071 Θεῷ.
2662 2005 2827 2059 Ἀλλά
2858 2021 3023 2075 φασιν
3052 2007 3102 2058 οί
3135 2004 3423 2076 αίρετικοὶ.
3448 2005 3523 2060 Οὐ
3556 2002 3619 2057 τὸ
3643 2001 3872 2073 Πνεῦμα

2199 2091 2424 2145 ἐκάλεσε
2449 2090 2602 2154 Θεὸν,
2642 2090 2757 2144 ἀλλ’
2795 2091 2984 2162 ἐπειδὴ
3021 2091 3081 2145 τὸ
3110 2089 3332 2160 Πνεῦμα
3372 2092 3437 2145 ἐκ
3465 2089 3556 2144 τοῦ
3586 2090 3723 2143 Θεοῦ
3768 2090 3871 2142 ἀπ-

2200 2172 2421 2242 εστάλη.
2461 2173 2521 2226 '0
2549 2171 2806 2245 ὑϐρίζων,
2833 2175 2987 2244 φησὶ,
3017 2174 3078 2226 τὸ
3106 2173 3472 2244 Πνεῦμαμεδν
3494 2172 3628 2226 Θεὸν
3653 2170 3868 2244 ὑϐρίζει

2200 2259 2291 2313 τὸν
2316 2259 2713 2313 ἀποστείλαντα
2732 2261 2792 2314 τὸ
2813 2259 3058 2331 Πνεῦμα.
3097 2260 3258 2323 Ἀλλ’,
3278 2262 3352 2329 ἀφ
3362 2278 3450 2329 ρον
3476 2261 3571 2314 καὶ
3581 2260 3835 2328 ἀλόγιστε
3852 2274 3867 2289 ⁸

2199 2346 2421 2411 οὐδεμία
2440 2345 2549 2417 γάρ
2573 2346 2706 2418 άλλη
2730 2348 3016 2417 πρέπουσα
3035 2346 3113 2417 τῷ
3134 2346 3280 2415 ἀθέῳ
3308 2347 3672 2418 προσηγορία,
3706 2348 3756 2400 εί
3789 2347 3866 2417 μὴ

2193 2434 2226 2501 ἡ
2269 2433 2365 2487 τοῦ
2407 2433 2643 2503 ἄφρονος
2668 2448 2683 2463 ·
2716 2431 2861 2487 Εἶπε
2897 2434 3005 2505 γὰρ
3050 2435 3257 2503 ἄφρων
3298 2435 3367 2487 ἐν
3395 2432 3608 2501 καρδίῃ
3650 2434 3863 2496 αὑτοῦ,

2202 2518 2325 2575 Οὐκ
2369 2520 2501 2573 ἔστι
2542 2519 2686 2584 Θεός
2710 2535 2724 2549 ·
2767 2520 2866 2573 οὐκ
2895 2514 3069 2579 εἶπεν.
3094 2520 3169 2583 ὡς
3202 2521 3267 2574 σὺ
3298 2521 3545 2589 ἐνόησας.
3589 2520 3653 2573 Et
3690 2520 3803 2591 γὰρ
3828 2522 3864 2593 ἡ

2197 2606 2292 2660 τοῦ
2324 2605 2639 2673 Πνεύματος
2674 2606 2834 2678 ὕϐρις
2879 2609 2958 2671 είς
2996 2607 3129 2660 Θεὸν
3172 2608 3459 2677 ἀνέτρεχεν
3487 2607 3562 2670 ὡς
3609 2607 3865 2660 ἀποστεί-

2198 2691 2384 2756 λαντα,
2418 2692 2585 2762 ἐχρῆν
2614 2693 2789 2745 εἰπεῖν
2808 2692 2948 2746 Ὀὐκ
2983 2692 3193 2762 ἐψεύσω
3215 2692 3293 2763 τῷ
3316 2693 3604 2763 Πνεύματι,
3630 2692 3767 2745 ἀλλὰ
3786 2693 3866 2764 τῷ

2199 2778 2338 2850 Θεῷ.
2379 2778 2539 2831 Ἀλλά
2566 2779 2738 2832 ταῦτα
2763 2779 2861 2850 μέν
2886 2781 2965 2843 εἰς
2986 2779 3267 2833 τοσοῦτον·
3298 2778 3381 2832 δεῖ
3407 2778 3515 2849 γὰρ
3532 2782 3599 2850 τῇ
3626 2781 3863 2834 ἀποειτό⁴

2198 2866 2320 2936 λικῇ
2358 2866 2544 2937 χορείᾳ
2578 2867 2975 2937 παραχωρῆσαι
3014 2865 3112 2937 τὴν
3148 2868 3310 2934 ἁγίαν
3334 2867 3561 2938 Τριάδα,
3594 2868 3663 2937 ἦν
3694 2870 3727 2921 6
3751 2868 3863 2922 Fla-

2197 2951 2300 3023 τὴρ
2322 2952 2695 3020 καταγγέλλει.
2730 2952 2901 3024 Τριάς
2923 2953 3231 3006 ἀποστόλων
3256 2954 3463 3023 μάρτυς
3481 2954 3579 3024 τῆς
3606 2954 3863 3021 οὐρανίου

2197 3039 2443 3109 Τριάδος.
2479 3040 2843 3109 Χορεύσωμεν
2901 3036 2993 3094 οὖν
3041 3040 3383 3113 εἰλικρινῶς,
3437 3042 3531 3093 καὶ
3592 3043 3860 3111 εἴπωμεν,

2194 3128 2399 3181 Πολλὰ
2426 3128 2498 3180 τὰ
2521 3127 2701 3181 τέκνα
2731 3127 2840 3194 τῆς
2872 3128 3096 3198 ἐρήμου
3116 3127 3359 3198 μᾶλλον
3384 3128 3423 3195 ἣ
3453 3127 3560 3196 τῆς
3592 3129 3859 3198 novam-

2193 3216 2302 3270 τὸν
2319 3214 2530 3285 ἄνδρα·
2570 3216 2758 3286 ἧγουν,
2796 3215 2829 3286 ἢ
2856 3218 3003 3270 πᾶσα
3030 3217 3244 3288 αἵρεσις
3281 3219 3314 3288 h
3345 3217 3631 3289 ἄνθρωπον
3660 3217 3861 3288 ἔχουσα

2192 3303 2530 3365 διδάσκαλον,
2551 3304 2645 3356 καὶ
2666 3303 2726 3355 ού
2748 3304 2901 3359 Θεόν.
2919 3300 3199 3358 Γένοιτοδέ
3220 3306 3407 3375 εὐχαῖς
3431 3306 3524 3357 καὶ
3539 3305 3861 3375 πρεσϐείαις

2191 3389 2285 3441 τοῦ
2336 3388 2514 3442 κοινοῦ
2567 3390 2771 3459 πατρὸς
2826 3391 2922 3443 καὶ
2967 3391 3309 3456 διδασκάλου,
3352 3390 3503 3464 [422]
3540 3393 3864 3456 ἀποστόλοις

2193 3477 2400 3538 πάντας
2422 3477 2569 3545 ἡμᾶς
2598 3477 2691 3529 καὶ
2733 3477 2998 3547 μάρτυσιν
3021 3479 3080 3530 ἐν
3112 3478 3379 3550 ὸρθοδόξῳ
3404 3482 3585 3532 πίστει
3611 3481 3863 3532 συναυλί-

2194 3556 2400 3621 ζεσθαι,
2445 3558 2503 3611 ἐν
2536 3558 2758 3628 Χριστῷ
2805 3560 2979 3630 Ἰησοῦ
3018 3560 3097 3631 τῷ
3130 3560 3320 3632 Κυρῖῳ
3356 3563 3536 3635 ἡμῶν,
3583 3555 3630 3630 ᾧ
3658 3565 3694 3633 ἡ
3732 3562 3861 3627 δόξα

2194 3648 2286 3701 καὶ
2314 3647 2374 3700 τδ
2401 3646 2599 3719 κράτος
2631 3648 2728 3701 σὺν
2772 3648 2850 3717 τῷ
2880 3648 3075 3719 Πατρὶ,
3108 3649 3223 3720 ἅμα
3257 3650 3337 3721 τῷ
3374 3652 3515 3722 άγίῳ
3552 3651 3858 3723 Πνεύματι,

2192 3733 2287 3788 νῦν
2320 3736 2413 3788 καὶ
2436 3735 2543 3799 ἀεὶ,
2571 3737 2665 3787 καὶ
2692 3735 2772 3799 είς
2798 3735 2924 3799 τοὺς
2950 3735 3155 3801 αἰῶνας
3178 3736 3285 3791 τῶν
3310 3737 3543 3794 αἰώνων.
3584 3739 3785 3809 Ἀμήν.

1688 4818 1797 4872 Τοῦ
1828 4820 2012 4874 αὑτοῦ
2039 4820 2169 4887 περὶ
2199 4821 2547 4889 πραότητος.

497 5009 563 5057 α’.
605 4996 772 5071 Οἶμαι
801 5001 1009 5063 πάντας
1039 5000 1183 5070 ὑμᾶς
1209 4998 1531 5052 ἐπίστασθαι
1560 4998 1764 5068 σαφῶς,
1794 5001 1877 5053 ὃτι
1910 5018 2075 5071 προσ-

425 5088 548 5157 ήκει
572 5090 698 5150 τοὺς
717 5087 824 5140 τῶν
846 5086 1041 5154 λογίων
1070 5086 1162 5140 τοῦ
1188 5085 1319 5138 Θεοῦ
1351 5085 1582 5147 συνετῶς
1608 5087 1918 5149 ἀκούοντας,
1946 5082 2076 5157 ἦθος

423 5172 625 5241 ἀγαθὸν
651 5174 745 5226 καὶ
783 5173 997 5243 τρόπων
1043 5172 1240 5243 ἀρετὴν
1272 5174 1476 5224 ἀσκεῖν.
1509 5170 1677 5225 Τοῦτο
1710 5173 1816 5243 γάρ
1856 5175 2002 5226 ἐστιν
2028 5167 2073 5241 ᾧ

428 5244 659 5325 μάλιστα
704 5256 1046 5326 διαφέρουσιν
1092 5256 1142 5308 οί
1180 5253 1353 5307 δοῦλοι
1394 5254 1488 5307 τοῦ
1540 5256 1770 5324 Χριστοῦ
1812 5257 1921 5309 τῶν
1974 5260 2073 5329 τὴν

424 5342 681 5413 ἀλήθειαν
726 5343 1077 5411 ἀγνοούντων,
1121 5342 1196 5411 τῷ
1238 5340 1563 5411 χρηστότητι
1614 5341 1777 5411 συξῇν
1824 5344 1918 5397 καὶ
1959 5344 2072 5415 βίον

422 5427 569 5493 ἀξιον
605 5428 706 5497 τῆς
764 5428 1041 5491 εὐσεϐείας
1088 5426 1437 5497 παρέχεσθαι.
1489 5425 1625 5488 Τοὺς
1670 5427 1767 5495 μὲν
1820 5429 1929 5499 γὰρ
1980 5431 2074 5481 τὸν

423 5516 653 5585 Χριστὸν
682 5514 1002 5584 ἀγνοοῦντας
1021 5515 1170 5568 οὐδὲν
1195 5514 1421 5576 ἀπεικὸς
1448 5516 1713 5583 πονηρούς
1736 5532 1793 5567 τε
1817 5510 1956 5569 εἶναι
1977 5515 2071 5567 καὶ

427 5602 729 5674 μοχθηροὺς
753 5604 845 5657 τὸν
867 5604 1094 5677 τρόπον·
1129 5604 1157 5655 6
1189 5601 1245 5654 δὲ
1271 5599 1365 5653 τοῦ
1394 5601 1631 5669 Χριστοῦ
1664 5601 1845 5664 δοῦλος
1874 5603 1937 5654 ἐκ
1967 5604 2066 5673 τῆς

420 5690 530 5743 τῶν
555 5688 699 5759 ἠθῶν
726 5690 1058 5762 ἡμερότητος
1080 5687 1346 5741 καλείσθω
1376 5685 1593 5757 μᾶλλον,
1624 5686 1655 5757 ἢ
1682 5687 1776 5740 τοῦ
1791 5689 1937 5759 παρά
1960 5691 2066 5744 τῶν

420 5776 622 5849 γονέων
649 5776 799 5847 αὐτῷ
824 5777 1068 5842 τεθέντος
1095 5776 1373 5847 ὀνόματος.
1404 5773 1478 5826 οὐ
1514 5772 1620 5842 γὰρ
1647 5773 1821 5839 οὕτως
1854 5779 2067 5845 ἀγαπᾶ-

2180 5018 2270 5053 ται
2321 5002 2471 5073 παρά
2519 5002 2611 5056 τοῦ
2642 5001 2779 5055 Θεοῦ
2811 5004 2871 5056 τὺ
2901 5004 3007 5057 τῶν
3056 5004 3359 5077 ἀνθρώπων
3402 5008 3577 5074 γένος,
3602 5008 3703 5062 οὐκ
3732 5012 3844 5064 ἀπὸ

2181 5086 2497 5157 παρθενίας,
2531 5091 2630 5142 οὐκ
2665 5095 2770 5145 ἀπὸ
2792 5094 3063 5164 νηστείας,
3092 5084 3191 5147 ὁύκ
3219 5096 3327 5148 ἀπὸ
3356 5094 3452 5148 τοῦ
3478 5097 3584 5149 τῶν
3623 5100 3844 5169 χρημά-

2177 5191 2283 5227 των
2307 5181 2687 5247 καταφρονεῖν,
2716 5181 2814 5232 οὐκ
2842 5180 2949 5233 ἀπὸ
2975 5181 3068 5233 τοῦ
3100 5182 3391 5253 προθύμοις
3412 5186 3564 5253 χεῖρα
3590 5188 3713 5248 τοῖς
3725 5186 3842 5239 δεο-

2180 5261 2361 5329 μένοις
2395 5264 2627 5331 ὀρέγειν,
2672 5266 2746 5327 ὼς
2786 5266 2894 5318 ἀπὸ
2927 5267 3025 5334 τῆς
3068 5268 3401 5338 ἡμερότητος
3445 5272 3538 5322 καὶ
3584 5270 3686 5339 τῆς
3730 5273 3840 5325 τῶν

2177 5346 2321 5413 ἠθῶν
2350 5349 2631 5414 εὐταξίαςο
2671 5353 2847 5405 καίτοι
2872 5355 2963 5405 καὶ
2996 5354 3055 5405 τὸ
3092 5354 3388 5425 προθύμως
3414 5358 3677 5424 ἐπαρκεῖν
3725 5364 3840 5424 τοῖς

2170 5431 2445 5502 δεομένοις
2478 5437 2577 5488 οὐκ
2602 5430 2825 5491 ἀλλοθεν
2855 5440 3172 5509 οὐδαμόθεν,
3201 5441 3315 5494 ἀλλ’
3345 5442 3452 5494 ἀπὸ
3475 5443 3576 5511 τῆς
3604 5447 3841 5515 χρηστό-

2170 5536 2330 5589 τητος
2356 5523 2699 5593 περιγίνεται
2728 5528 2861 5579 πᾶσι
2898 5529 3010 5588 τοῖς
3032 5526 3125 5579 τὸν
3153 5528 3388 5597 Χριστὸν
3412 5531 3688 5596 ἀγαπῶσι.
3727 5534 3840 5587 Kal

2170 5603 2357 5677 ῶσπερ
2392 5611 2454 5660 ἐκ
2486 5609 2594 5661 τῶν
2626 5612 2815 5680 πηγῶν
2847 5614 2894 5665 οί
2940 5613 3157 5681 ρύακες,
3194 5613 3365 5677 οὕτως
3391 5618 3424 5685 ἠ
3470 5617 3696 5687 πρόνοια
3729 5620 3837 5673 τῶν

2170 5692 2406 5761 πτωχῶν
2428 5696 2492 5748 ἐκ
2519 5697 2617 5763 τῆς
2640 5699 2745 5752 τῶν
2772 5698 2919 5767 ἠθῶν
2942 5703 3296 5773 ἡμερότητος.
3323 5705 3437 5767 Πᾶς
3459 5704 3567 5775 γὰρ
3585 5707 3837 5779 ἐπιεικής

2169 5796 2227 5832 τε
2264 5782 2355 5833 καὶ
2394 5785 2567 5853 πρᾶος
2597 5787 2796 5858 ῥᾳδίως
2819 5790 2898 5851 εἰς
2923 5790 3335 5863 φιλανθρωπίαν
3370 5793 3716 5859 καθέλκεται.
3742 5799 3837 5849 καὶ
