4034 6412
180 358 286 423 519

179 491 341 554 pacto
369 483 535 539 multa
565 490 696 538 sunt
715 480 949 554 ingenita
982 495 997 534 :
1031 487 1091 535 ut
1114 492 1237 533 cum
1260 477 1537 548 pr0pheta:
1562 474 1773 539 dicunt,

178 576 567 645 speciatimque
597 574 824 629 Daniel:
851 571 1171 641 Aspiciebam
1210 576 1430 635 quatuor
1467 566 1651 620 bestias
1678 579 1770 617 ex-

177 675 352 719 euntes
380 669 444 718 de
470 666 602 717 mari
630 679 650 719 :
689 672 735 717 et
772 672 882 718 erat
924 663 1089 733 prima
1130 660 1287 713 bestia
1313 658 1459 728 quasi
1506 657 1687 717 leaena,
1717 663 1765 707 et

175 755 276 809 ala
302 755 415 823 eius
445 758 584 813 sicut
622 755 811 825 aquila
838 751 1001 825 (Dan.
1034 752 1088 804 7.
1115 751 1169 806 5.
1198 748 1275 821 4).
1308 750 1375 804 Et
1404 747 1516 813 ubi,
1563 759 1770 815 quaeso,

174 846 365 901 vidisti
399 846 623 900 Iamnam
657 847 826 901 feram
875 845 963 899 illa
992 843 1206 899 forma?
1236 842 1325 897 ubi
1351 840 1530 895 vidisti
1578 837 1769 902 feram,
1822 865 1827 871 -

176 954 300 1007 qua:
350 937 548 993 habeat
577 952 783 1008 ungues
826 936 1030 992 ferreos
1060 944 1116 990 et
1159 934 1348 989 dentes
1388 931 1602 988 aereos?
1646 930 1772 985 Hrec

173 1038 327 1085 certe
368 1030 663 1085 secundum
708 1029 975 1084 visionem
1026 1027 1315 1096 descripsit
1360 1023 1642 1095 propheta,
1674 1021 1771 1077 sed

175 1137 473 1192 numquam
514 1122 683 1189 fuere,
720 1136 822 1178 nec
848 1121 1023 1174 futura
1053 1128 1218 1183 sunt;
1249 1117 1342 1173 sed
1367 1126 1451 1172 est
1482 1116 1647 1170 bestia
1680 1114 1769 1168 illa

175 1214 451 1285 ingenita,
482 1229 657 1285 neque
704 1228 958 1282 umquam
991 1212 1154 1271 facta.
1186 1211 1281 1265 sed
1334 1219 1542 1263 tantum
1593 1208 1768 1261 nomi-

173 1316 323 1359 nata.
357 1303 489 1371 Qua:
517 1319 769 1374 umquam
809 1304 1067 1359 mulieros
1108 1301 1327 1356 fuerunt
1362 1300 1461 1353 alis
1491 1301 1769 1352 instructa:

171 1396 366 1450 anales
396 1395 531 1449 vidit
559 1394 849 1450 Zacharias
888 1392 1075 1465 (Zach.
1110 1394 1163 1447 5.
1196 1390 1288 1460 9)?
1329 1390 1419 1445 ubi
1445 1388 1622 1444 vidisti
1651 1403 1771 1456 par-

170 1488 343 1542 dalim
386 1487 499 1542 alas
543 1487 870 1542 habentem?
918 1486 1044 1541 llaec
1076 1500 1235 1555 porro
1277 1484 1456 1539 omnia
1500 1482 1772 1538 enarravit

171 1589 367 1635 beatus
397 1575 903 1649 Daniel(Dan.c.7).
935 1580 1044 1633 Aut
1072 1577 1163 1632 ubi
1204 1576 1383 1631 vidisti
1425 1584 1658 1659 statuam
1701 1590 1765 1627 cx

170 1686 330 1735 auro,
366 1680 615 1741 argento,
638 1686 769 1736 a're,
798 1669 964 1735 ferro,
998 1678 1135 1725 testa
1166 1667 1382 1747 iactam,
1402 1667 1617 1737 qualem
1642 1664 1770 1719 vidit

175 1763 405 1817 Daniel?
432 1761 865 1831 Unumquodque
891 1761 1083 1815 horum
1111 1768 1194 1815 est
1222 1760 1515 1829 ingenitum
1542 1774 1557 1824 ;
1592 1771 1771 1827 neque

173 1857 325 1911 enim
359 1869 609 1923 umquam
660 1853 860 1909 factum
902 1862 1030 1907 est:
1078 1854 1172 1909 sed
1216 1853 1544 1919 descriptum
1584 1857 1670 1906 est
1714 1858 1771 1903 ut

171 1948 323 2001 fictio
350 1955 407 2002 et
436 1947 595 2003 visio.
618 1945 697 2002 Ne
726 1947 903 2015 itaque
933 1954 1089 2016 putes
1120 1954 1171 2001 te
1213 1959 1465 2014 magnum
1496 1941 1767 2013 quidpiam

168 2038 319 2093 Patri
352 2038 614 2103 tribuere,
635 2052 757 2092 cum
800 2035 937 2090 dicis
971 2036 1120 2089 illum
1164 2036 1483 2105 ingenitum,
1531 2036 1771 2105 quando-

166 2130 394 2201 quidem
444 2131 609 2185 multa
643 2130 770 2194 alia,
799 2145 921 2199 qua:
966 2146 1259 2201 numquam
1314 2129 1486 2196 fuere,
1532 2130 1767 2199 ingenita

165 2222 451 2277 dicuntur.
482 2222 617 2277 Novi
670 2220 991 2291 profundum
1024 2237 1143 2277 esse
1192 2236 1536 2286 sermonem;
1584 2221 1679 2275 sed
1712 2230 1770 2275 ut

172 2314 491 2369 haereticam
520 2316 816 2386 nequitiam
847 2314 1203 2382 confutarem,
1236 2331 1303 2371 eo
1330 2315 1594 2371 deductus
1623 2330 1766 2370 sum.

172 2408 383 2462 Dicitur
410 2423 626 2478 quoque
654 2408 816 2462 homo
852 2423 955 2463 non
986 2410 1214 2478 genitus,
1241 2409 1329 2478 qui
1357 2417 1517 2463 natus
1542 2421 1651 2462 non
1673 2408 1765 2462 sit.
1799 2484 1805 2488 Ι

168 2501 337 2569 ΑΙ(ιυί
368 2500 416 2555 si
441 2508 599 2555 natus
630 2515 737 2555 non
765 2508 870 2565 est,
901 2500 1132 2571 inquies,
1163 2500 1432 2571 quomodo
1454 2500 1508 2554 id
1534 2500 1771 2554 dicitur?

170 2591 464 2645 llominem
518 2592 613 2647 tibi
665 2592 980 2647 monstrabo
1022 2608 1130 2647 non
1174 2596 1463 2663 genitum:
1512 2592 1772 2649 Servatur

164 2683 316 2737 enim
346 2684 426 2737 ait
453 2683 523 2739 de
548 2682 683 2739 Juda
715 2684 1027 2755 proditore:
1062 2683 1148 2739 Vae
1179 2686 1372 2740 homini
1398 2685 1479 2739 illi
1509 2703 1601 2756 per
1624 2703 1771 2758 quem

168 2775 344 2829 Filius
396 2776 615 2831 hominis
662 2778 893 2831 tradetur
921 2778 943 2831 !
989 2778 1173 2831 bonum
1199 2779 1245 2833 ei
1275 2788 1404 2847 erat,
1423 2779 1468 2833 si
1494 2789 1644 2833 natus
1667 2796 1770 2833 non

170 2869 355 2935 {uisset
395 2867 613 2937 (Matth.
644 2868 735 2924 26.
779 2869 900 2938 24).
925 2870 992 2925 Et
1010 2870 1283 2941 quomodo
1312 2871 1512 2927 bonum
1541 2873 1590 2926 ei
1618 2873 1771 2927 erat?

171 2962 222 3015 ui
252 2976 491 3030 namque
522 2962 611 3030 qui
632 2954 641 2963 ’
661 2978 767 3016 non
797 2963 1012 3017 exsistit
1040 2962 1176 3017 nihil
1201 2963 1423 3029 bonum,
1458 2964 1591 3018 nihil
1620 2964 1773 3018 dam-

170 3068 393 3108 nosum.
422 3052 681 3108 Salomon
706 3070 920 3125 quoque
946 3056 1162 3111 beatum
1188 3055 1444 3125 prtedicat
1471 3056 1769 3123 hominem,

168 3146 261 3215 qui
306 3157 466 3201 natus
492 3162 599 3201 non
629 3145 811 3214 fuerit,
841 3147 925 3202 his
951 3148 1128 3203 verbis
1162 3167 1175 3202 :
1210 3148 1399 3204 Beatus
1423 3151 1509 3219 qui
1539 3160 1772 3205 mortuus

170 3250 269 3304 est,
304 3248 353 3292 et
379 3242 544 3309 magis
588 3255 742 3309 quam
781 3240 867 3307 qui
896 3240 1037 3305 vivit,
1070 3251 1117 3293 et
1165 3240 1281 3310 plus
1322 3259 1472 3311 quant
1502 3242 1650 3296 ambo
1686 3244 1772 3314 qui

171 3340 326 3382 natus
353 3345 457 3382 non
500 3338 573 3381 est
606 3329 801 3400 (Ercle.
830 3330 884 3384 4.
914 3329 969 3382 2.
1002 3332 1081 3399 ὅ).
1108 3330 1215 3386 Sed
1263 3332 1305 3386 si
1341 3343 1497 3387 natus
1528 3348 1635 3387 non
1663 3342 1765 3397 est,

169 3420 452 3491 quomodo
504 3421 734 3476 beatus”!
783 3422 920 3477 Vide
971 3424 1191 3477 nomina
1246 3424 1497 3494 ingenita:
1541 3432 1767 3478 naturm.

174 3514 330 3569 Dixit
385 3514 603 3569 beatum
643 3514 952 3575 hominem.
1001 3517 1090 3585 qui
1145 3532 1245 3571 nec
1298 3526 1454 3572 natus
1498 3532 1597 3572 nec
1660 3518 1770 3572 for-

173 3616 354 3661 matus
393 3606 577 3662 fuerit.
608 3608 789 3677 Itaque
832 3608 1055 3679 ingeniti
1098 3624 1295 3663 nomen
1343 3619 1586 3664 naturam
1628 3611 1769 3665 divi-

172 3714 299 3753 nam
357 3713 467 3754 non
521 3699 781 3769 explicat,
829 3716 1026 3770 neque,
1078 3710 1135 3755 ut
1188 3712 1242 3755 tu
1284 3701 1446 3767 dicis,
1476 3704 1769 3772 ingenitam

172 3788 539 3844 substantiam
586 3790 874 3861 significat,
919 3806 1092 3860 neque
1134 3791 1277 3846 Patri
1324 3793 1429 3847 fert
1475 3794 1767 3861 honorem;

1331 352 1422 408 illi
1465 351 1690 409 MANSU
1701 350 1831 407 ETU
1846 350 2003 406 DlNE
2043 350 2299 409 SERMO.

3382 362 3489 419 55;)

1891 486 2014 527 cum
2045 474 2187 543 apud
2218 473 2539 545 prophetam
2588 474 2692 528 alia
2726 474 2947 529 nomina
2975 474 3084 529 sint
3128 475 3490 546 ingenuorum

1884 566 2288 635 ctgenitorum,
2320 577 2381 622 ut
2427 582 2590 639 supra
2636 568 3133 625 demonstravimus
3178 586 3192 623 :
3245 568 3341 624 sed
3370 586 3491 640 qua:

1884 674 1999 713 rem
2032 674 2137 713 non
2165 661 2361 714 factam
2386 675 2508 715 esse
2541 670 2751 715 tantum
2784 660 3085 716 declarent.
3118 662 3314 716 Verum
3344 662 3491 716 dica-

1883 764 2002 803 mus
2033 750 2141 805 illis
2179 766 2301 805 cum
2333 751 2534 807 Davide
2562 770 2576 805 :
2611 751 2969 806 Narraverunt
2998 754 3124 806 mihi
3153 754 3315 823 iniqui
3343 749 3490 819 [nbu-

1882 838 2128 908 lationes,
2158 842 2248 896 sed
2275 860 2378 897 non
2419 854 2476 897 ut
2515 845 2599 898 lea:
2625 854 2732 911 tua,
2764 843 2983 899 Domine
3014 844 3186 915 (Psal.
3218 846 3342 901 118.
3367 845 3484 915 85).

1883 931 2026 986 Petri
2053 947 2263 1000 vocem,
2296 934 2447 989 Pauli
2494 935 2799 992 doctrinam
2846 937 3079 1007 accipe:
3124 936 3356 992 Christus
3402 955 3483 992 sc-

1880 1024 2109 1077 cundum
2140 1041 2367 1091 carnem,
2398 1030 2483 1097 qui
2513 1037 2588 1081 est
2626 1044 2782 1097 super
2810 1030 2986 1083 omnia
3028 1027 3171 1083 Deus
3199 1029 3489 1084 benedictus

1880 1115 1932 1167 in
1965 1115 2156 1169 stecula
2211 1117 2389 1187 (Rom.
2443 1117 2496 1172 9.
2527 1119 2607 1189 5).
2640 1118 2877 1188 Spiritus
2933 1131 3155 1174 sanctus
3208 1120 3484 1185 adoretur,

1880 1207 2207 1273 celebretur,
2227 1209 2586 1278 glorificetur.
2616 1211 2695 1266 Ex
2718 1213 2922 1268 divinis
2953 1212 3249 1282 Scripturis
3275 1214 3345 1269 de
3372 1213 3482 1269 Deo

1883 1301 2173 1371 loquimur,
2202 1305 2372 1358 velint
2400 1305 2574 1359 nolint
2604 1306 2829 1360 inimici.
2857 1306 3034 1362 Testis
3056 1306 3160 1361 erit
3185 1306 3317 1361 tnihi
3347 1307 3482 1360 Pan-

1885 1397 1969 1446 lus
1998 1393 2182 1449 dicens
2217 1414 2230 1447 :
2284 1394 2511 1450 Nescitis
2557 1399 2679 1467 quia
2709 1400 2957 1469 templum
2988 1398 3085 1453 Dei
3112 1402 3252 1467 estis,
3284 1409 3330 1454 et
3366 1402 3479 1469 quis

1880 1484 1943 1535 sit
1987 1485 2073 1550 qui
2123 1484 2411 1539 inhabitet?
2457 1497 2531 1551 et,
2583 1487 2814 1556 Spiritus
2864 1488 2963 1543 Dei
3015 1490 3209 1543 habitat
3252 1492 3306 1545 in
3347 1491 3485 1545 vobis

1881 1574 1957 1643 (l.
1992 1574 2107 1628 Cor.
2142 1578 2195 1631 ὅ.
2228 1578 2340 1644 16).
2369 1578 2528 1632 Aliud
2558 1590 2794 1649 estergo
2831 1580 3112 1651 templum,
3140 1591 3196 1636 et
3220 1582 3354 1637 alius
3386 1583 3475 1651 qui

1882 1666 2163 1721 inhabitat.
2198 1667 2313 1721 Non
2367 1667 2563 1723 audisti
2614 1669 2831 1725 Petrum
2880 1672 3201 1728 dicentem:
3253 1674 3479 1739 Anania,

1880 1775 1973 1812 cur
2022 1762 2231 1813 tentavit
2280 1770 2489 1815 satanas
2534 1779 2623 1816 cor
2676 1773 2854 1827 tuum,
2903 1765 3103 1818 mentiri
3150 1774 3200 1818 te
3250 1765 3477 1835 Spiritui

1880 1852 2099 1905 sancto?
2141 1862 2197 1907 et
2246 1852 2445 1919 intulit,
2477 1853 2601 1907 Non
2646 1856 2882 1909 mentitus
2932 1873 2984 1911 es
3030 1857 3339 1921 hominibus,
3387 1859 3478 1912 sed

1880 1940 1993 1996 Deo
2029 1944 2164 2013 (Act.
2194 1944 2248 2000 5.
2277 1944 2332 1998 5.
2361 1946 2442 2015 4).
2475 1944 2583 2001 Sed
2612 1946 2799 2001 dicunt
2827 1948 3067 2001 haeretici
3099 1965 3112 2003 :
3145 1948 3261 2002 Non
3306 1949 3482 2019 Spiri-

1884 2044 1995 2089 tum
2026 2036 2241 2090 vocavit
2268 2036 2460 2101 Deum,
2494 2038 2590 2090 sed
2632 2037 2684 2091 id
2716 2037 2866 2100 dicit,
2896 2040 3019 2109 quia
3049 2038 3283 2109 Spiritus
3308 2056 3341 2094 a
3372 2041 3480 2095 Deo

1882 2128 2080 2181 missus
2111 2136 2214 2182 est.
2244 2128 2345 2196 Qui
2387 2129 2717 2185 contumelia
2747 2129 2931 2192 allicit.
2970 2131 3163 2201 inquit,
3195 2130 3479 2202 Spiritum,

1884 2220 2051 2275 Deum
2081 2221 2384 2276 mittentem
2413 2222 2743 2276 contumelia
2767 2222 2952 2277 afﬁcit.
2988 2226 3050 2277 At
3077 2265 3091 2290 ,
3125 2226 3286 2278 stulte
3316 2234 3367 2278 et
3400 2226 3482 2277 in-

1882 2313 2264 2378 considerate;
2310 2316 2477 2368 atheo
2522 2314 2671 2368 enim
2714 2330 2820 2368 non
2871 2315 2976 2368 alia
3020 2318 3311 2384 appellatio
3337 2332 3487 2369 com-

1883 2413 2047 2474 petat,
2078 2420 2237 2474 quam
2262 2405 2409 2459 stulti
2443 2424 2455 2458 :
2488 2421 2635 2468 nam,
2672 2405 2814 2459 Dixit
2842 2408 3089 2477 insipiens
3119 2410 3170 2460 in
3196 2408 3347 2461 corde
3371 2425 3483 2472 suo,

1885 2496 2009 2550 Non
2037 2508 2111 2551 est
2160 2496 2301 2551 Deus
2334 2497 2509 2567 (Psal.
2545 2499 2633 2553 15.
2670 2498 2762 2567 l):
2799 2514 2905 2552 non
2933 2499 3090 2564 dixit,
3143 2511 3196 2552 ut
3238 2510 3290 2553 tu
3335 2501 3483 2570 cogi-

1886 2591 2033 2645 tasti.
2062 2589 2218 2659 Nam,
2250 2592 2296 2645 si
2335 2591 2665 2646 contumelia
2700 2592 2750 2644 in
2784 2591 3044 2661 Spiritum
3091 2591 3385 2647 referretur
3433 2594 3484 2645 in

1885 2682 2054 2737 Deum
2086 2692 2144 2737 ut
2188 2684 2520 2748 mittentem,
2564 2682 2746 2737 dicere
2775 2684 3107 2751 oportuisset
3138 2704 3151 2736 -.
3186 2682 3302 2736 Non
3336 2698 3486 2737 men-

1882 2776 2012 2830 titus
2059 2790 2119 2830 es
2163 2774 2411 2846 Spiritui,
2441 2774 2539 2830 sed
2590 2775 2721 2830 Deo.
2770 2773 2969 2829 Vcrunt
3024 2775 3140 2829 inec
3190 2776 3485 2830 hactenus:

1882 2876 2093 2937 oportet
2110 2869 2255 2923 enim
2273 2877 2514 2921 sanctam
2531 2866 2849 2921 Trinitatem
2870 2867 3169 2936 apostolico
3187 2868 3354 2921 choro
3366 2882 3489 2920 con-

1882 2961 2101 3027 cedere,
2132 2970 2303 3031 quamt
2325 2960 2487 3014 Pater
2518 2962 2823 3014 annuntiat.
2852 2960 3090 3014 Trinitas
3120 2960 3488 3030 apostolorum

1884 3055 2038 3109 tostis
2068 3064 2155 3110 est
2180 3054 2417 3109 ctelestis
2459 3054 2759 3109 Trinitatis.
2810 3053 3052 3108 Choreas
3084 3068 3227 3123 ergo
3278 3054 3491 3108 sincere

1883 3162 2128 3217 agamus,
2161 3154 2215 3201 et
2244 3146 2487 3199 dicamus
2519 3161 2532 3197 :
2567 3144 2726 3198 Multi
2754 3144 2853 3213 ﬁlii
2882 3145 3115 3210 desertae,
3147 3145 3309 3216 magis
3335 3161 3489 3214 quam

1884 3242 1995 3310 ejus
2016 3256 2130 3310 qua:
2165 3239 2312 3293 habet
2336 3240 2503 3291 virum
2531 3236 2689 3307 (lsai.
2713 3238 2803 3293 54.
2835 3238 2929 3308 l);
2964 3238 3100 3304 sive,
3128 3252 3288 3307 quam
3311 3237 3490 3291 omnis

1886 3335 2132 3398 htrrcsis,
2160 3348 2280 3403 qua:
2311 3332 2586 3386 hominem
2619 3331 2899 3385 doctorem
2932 3316 3116 3396 habet,
3147 3345 3255 3384 non
3296 3330 3484 3384 Deum.

1885 3424 2103 3481 Utinam
2134 3440 2264 3478 vero
2312 3423 2565 3493 precibus
2592 3430 2647 3477 et
2678 3422 3022 3477 orationibus
3051 3421 3357 3475 communis
3397 3435 3490 3489 pa-

1886 3518 1981 3572 tris
2008 3526 2063 3572 et
2086 3516 2347 3580 doctoris,
2375 3530 2498 3570 cum
2524 3514 2786 3583 apostolis
2810 3523 2865 3568 ct
2893 3512 3221 3585 martyribus
3252 3528 3350 3568 nos
3372 3526 3487 3566 om-

1885 3624 1982 3664 nes
2014 3609 2065 3662 in
2098 3619 2244 3662 recta
2276 3607 2380 3661 fide
2409 3620 2714 3671 versemur,
2750 3606 2802 3659 in
2831 3605 3050 3661 Christo
3086 3604 3215 3660 Iesu
3259 3605 3488 3660 Domino

1885 3708 2091 3765 nostro,
2116 3701 2203 3754 cui
2231 3699 2401 3770 gloria
2424 3706 2481 3754 et
2506 3700 2793 3770 imperium
2816 3714 2941 3753 cum
2985 3698 3147 3753 Patre
3195 3706 3250 3754 et
3284 3697 3491 3769 Spiritu

1884 3801 2087 3858 sancto,
2104 3806 2249 3846 nunc
2262 3802 2561 3861 etsemper,
2578 3798 2635 3846 et
2652 3790 2705 3844 in
2725 3788 2920 3845 smcula
2939 3790 3487 3845 szeculorum.Amen.

182 3910 3493 3969 Μ

1375 4033 2101 4148 MONITU
2114 4034 2264 4144 Μ

1101 4202 1181 4263 ΙΝ
1227 4203 1673 4266 SERMONEM
1715 4207 1823 4268 DE
1870 4206 2527 4269 MANSUETUDINE.

243 4321 321 4378 De
358 4320 521 4389 huius
552 4322 817 4377 sermonis
856 4330 1076 4378 auctore
1114 4323 1300 4391 multi,
1340 4339 1440 4379 nec
1476 4326 1686 4396 injuria,
1722 4328 1774 4382 ni

172 4415 329 4471 fallor
353 4457 367 4480 ,
398 4415 746 4472 dubitarunt:
772 4416 969 4471 absunt
1000 4416 1145 4472 enim
1180 4429 1368 4473 omnes
1401 4418 1773 4491 Chrysostomi

172 4508 278 4563 stili
298 4517 464 4563 notae.
494 4507 592 4563 llic
614 4507 809 4563 frustra
826 4524 1035 4579 quzeras
1050 4508 1211 4575 sales,
1226 4512 1542 4579 tropos,vim
1557 4513 1703 4584 elega
1712 4529 1773 4569 n-

172 4600 414 4669 tiamque
431 4598 642 4654 dicendi
658 4640 675 4666 ,
694 4614 816 4670 quae
832 4600 884 4655 in
902 4601 1070 4655 sancti
1087 4600 1323 4657 doctoris
1339 4604 1554 4673 scriptis
1572 4606 1771 4674 passim

170 4698 484 4746 occurrunt.
532 4690 890 4758 Quamobrem
941 4706 1061 4747 eum
1111 4692 1251 4747 inter
1292 4694 1472 4764 spuria
1518 4696 1770 4768 ablegare

1881 4328 2361 4382 destinaveramus.
2400 4325 2506 4381 Sed
2546 4326 2672 4397 quia
2710 4340 2742 4381 a
2781 4326 3105 4394 quibusdam
3143 4326 3276 4382 viris
3315 4326 3489 4383 doctis

1882 4425 2156 4490 tamquam
2200 4432 2489 4487 germanus
2532 4426 2780 4488 receptus
2805 4426 2890 4473 est
2913 4459 2929 4485 ,
2962 4418 3080 4474 aliis
3109 4427 3284 4475 tamen
3312 4420 3487 4476 recla-

1882 4510 2189 4575 mantibus,
2220 4509 2362 4563 inter
2390 4508 2551 4564 dubia
2578 4507 2757 4564 locum
2788 4507 3004 4565 habeat.

1953 4600 2333 4671 lnterpretatio
2360 4600 2553 4656 Latina
2576 4611 2662 4659 est
2691 4601 2886 4657 incerti
2912 4601 3213 4671 cujusdam.

168 4800 3486 4829 Μ

1374 4865 1456 4909 DE
1496 4865 1992 4916 MANSUETUDINE
2034 4873 2247 4921 SEMO
2257 4908 2270 4921 .

1645 4946 2017 4990 ——‘@..__

242 5038 312 5093 In
354 5053 456 5112 quo
484 5036 723 5105 diﬂ'erant
748 5038 922 5107 ﬁdeles
950 5038 1012 5091 ab
1042 5038 1349 5107 inﬁdelibus.
1389 5071 1463 5083 -—
1502 5042 1768 5099 Omnibus

173 5130 326 5186 vobis
361 5131 702 5200 perspicuum
741 5144 864 5185 esse
898 5129 1133 5185 arbitror
1156 5171 1172 5196 ,
1202 5146 1362 5201 quam
1388 5137 1676 5189 conveniat
1707 5136 1772 5191 iis

170 5223 261 5291 qui
289 5222 471 5276 divina
495 5221 786 5291 prudenter
809 5222 1033 5276 audiunt
1058 5223 1289 5293 eloquia.
1314 5234 1371 5279 ut
1396 5241 1576 5281 mores
1602 5228 1771 5283 bonos

172 5325 225 5367 ct
272 5314 742 5369 conversationem
785 5314 980 5369 virtute
1028 5315 1305 5383 praeditam
1354 5326 1665 5375 exerceant.
1714 5322 1769 5375 In

174 5406 275 5460 hoe
306 5406 454 5460 enim
484 5406 626 5461 servi
658 5405 859 5461 Christi
887 5421 983 5462 eos
1004 5450 1019 5473 ,
1051 5408 1142 5477 qui
1174 5409 1452 5465 veritatem
1483 5413 1769 5481 ignorant,

176 5497 518 5563 potissimum
546 5497 871 5552 antecellunt
898 5536 913 5561 ,
942 5498 986 5551 si
1019 5497 1074 5552 in
1103 5501 1513 5556 mansuetudine
1540 5518 1769 5559 com-er-

172 5599 361 5644 sentur
408 5596 466 5643 et
510 5589 673 5643 vitam
725 5598 886 5660 agant
936 5605 1030 5644 sua
1079 5592 1336 5662 religione
1380 5593 1617 5663 dignam.
1667 5598 1769 5665 Qui

169 5681 449 5737 Christum
480 5681 763 5751 ignorant,
804 5682 944 5737 haud
978 5684 1171 5738 mirum
1199 5728 1212 5749 ,
1242 5686 1285 5739 si
1318 5687 1443 5741 mali
1470 5688 1578 5743 sint
1607 5691 1769 5745 mori-

171 5773 377 5844 busque
430 5772 697 5828 danmatis
746 5792 759 5828 :
804 5789 992 5831 servus
1040 5787 1219 5831 autem
1268 5779 1467 5835 Christi
1521 5786 1690 5853 magis
1735 5804 1765 5842 a

521 5880 797 5944 PATIOL.
841 5884 960 5945 Gn.
1012 5886 1207 5948 LXIII

1877 5064 2086 5107 morum
2115 5052 2561 5118 mansuetudine,
2592 5070 2752 5125 quam
2786 5057 3005 5114 nomine
3034 5059 3179 5129 quod
3204 5060 3255 5116 ei
3289 5077 3485 5132 paren-

1884 5150 1965 5195 tes
1990 5142 2395 5213 imposuerunt,
2425 5145 2700 5202 vocandus
2726 5156 2830 5202 est.
2860 5148 3045 5219 Neque
3071 5150 3212 5207 Deus
3240 5152 3487 5212 homines

1880 5232 1952 5285 ita
1972 5231 2143 5302 diligit
2167 5242 2385 5303 propter
2402 5234 2792 5305 virginitatem,
2810 5237 3097 5309 jejunium,
3115 5250 3482 5318 contemptum

1880 5323 2183 5381 divitiarum
2212 5369 2225 5393 ,
2271 5328 2500 5384 hilarem
2548 5329 3015 5403 eleemosynarum
3062 5334 3377 5403 dationem,
3430 5355 3486 5393 ιιι

1878 5427 2101 5487 propter
2142 5421 2299 5475 mites
2341 5420 2588 5491 beneque
2626 5426 2957 5495 compositos
2997 5442 3178 5483 mores
3218 5448 3231 5483 :
3270 5434 3484 5487 tametsi

1878 5519 1933 5563 et
1956 5509 2088 5563 illud
2113 5512 2364 5567 alacriter
2388 5516 2735 5584 suppeditare
2758 5518 3117 5589 indigentibus
3140 5538 3244 5577 non
3267 5524 3485 5580 aliunde

1879 5602 2239 5671 proficiscitur
2266 5616 2321 5661 et
2350 5608 2669 5664 coiieeditur
2696 5611 2761 5666 iis
2790 5614 2882 5683 qui
2913 5614 3181 5671 Christum
3211 5617 3480 5691 diligunt,

1879 5708 2036 5763 quam
2067 5710 2094 5748 a
2127 5699 2561 5754 mansuetudine.
2606 5700 2677 5756 Ut
2705 5705 2848 5759 enim
2878 5721 2907 5759 a
2940 5705 3085 5763 fonte
3123 5710 3271 5765 rivus
3297 5751 3314 5777 .
3342 5712 3423 5767 sic
3452 5731 3481 5765 a

1885 5805 2095 5845 morum
2118 5792 2381 5848 suavitate
2402 5808 2530 5849 cura
2553 5810 2846 5866 pauperum
2873 5802 3107 5871 profluit.
3135 5803 3314 5861 Facile
3335 5807 3479 5861 enim

3084 5909 3167 5972 28
