4034 6430
577 371 668 427 libi

576 487 647 542 ad
692 484 1109 541 misericordiam
1146 476 1405 532 mattsueti
1440 484 1495 531 et
1539 473 1824 544 aequabiles
1861 467 2139 523 trahuntur

580 591 768 634 omnes
787 617 802 642 ,
831 590 1002 647 noque
1029 574 1163 629 ferre
1180 578 1405 649 possunt
1430 564 1692 623 contemni
1719 571 1976 631 pauperes
1999 551 2139 649 Lsed

578 671 804 724 aliorum
828 644 1053 735 Inopiam
1080 644 1229 715 totam
1257 660 1584 715 arbitrantur
1605 650 1974 708 calamitatem.
2003 644 2137 699 Pro-

581 769 763 827 pterea
778 755 968 811 invidia
996 751 1224 821 pessima
1246 749 1478 803 omnium
1496 743 1829 799 aﬂectionum
1847 747 1948 799 est;
1969 746 2137 827 neque

575 822 821 921 umquam
850 860 1063 915 gravem
1094 842 1239 897 illum
1264 838 1506 893 morbum
1537 836 1586 888 in
1616 833 1845 886 animam
1872 840 2019 921 suam
2046 822 2139 874 ad-

575 915 737 996 mittit
769 937 851 991 vir
888 935 1149 1005 benignus
1191 941 1245 987 et
1289 930 1469 990 mitis;
1512 925 1605 981 sed
1641 922 1685 977 si
1720 919 1911 975 viderit
1947 915 2137 968 fratres

572 1034 879 1092 honoratos,
910 1025 1207 1097 congaudet
1233 1038 1296 1078 ac
1318 1018 1633 1091 gratulatur,
1662 1014 1884 1068 aliorum
1913 1007 2134 1078 gloriam

569 1140 718 1180 suam
761 1133 953 1192 putans
985 1137 998 1173 :
1027 1117 1259 1187 alioquin
1302 1116 1588 1167 amicorum
1627 1106 1804 1161 omnia
1836 1100 2135 1159 communia

568 1230 817 1281 censetis,
841 1214 891 1267 in
916 1212 1068 1266 bonis
1089 1207 1297 1277 quidem
1326 1199 1638 1271 congaudet,
1668 1198 1718 1251 in
1745 1194 1983 1249 tristibus
2011 1203 2136 1243 vero

568 1305 835 1362 condolet.
878 1301 1003 1357 Hmc
1043 1298 1182 1360 enim
1232 1290 1650 1349 mansuetudinis
1695 1286 1833 1341 dona
1881 1293 2003 1337 sunt
2029 1322 2043 1346 ,
2084 1286 2136 1333 et

570 1398 688 1451 talis
727 1394 929 1447 mitium
967 1398 1046 1443 est
1085 1389 1187 1442 vita
1220 1404 1232 1438 :
1263 1385 1406 1438 mitis
1445 1380 1805 1449 orphanorum
1838 1380 1983 1442 pater
2011 1379 2094 1423 est
2117 1409 2130 1430 ,

570 1487 842 1539 viduarum
877 1490 1150 1550 patronus,
1177 1475 1502 1546 paupertatis
1528 1479 1757 1525 curator.
1790 1464 1979 1532 injuria
2006 1460 2132 1514 all'e-

566 1590 771 1632 ctnrutu
795 1575 1002 1644 adjutur
1020 1613 1034 1637 ,
1060 1586 1271 1639 semper
1294 1580 1507 1622 strenue
1528 1565 1631 1633 agit
1652 1560 1792 1631 quod
1813 1560 2009 1627 justum
2030 1563 2129 1607 cst.

574 1668 637 1721 Et
680 1668 787 1721 filio
818 1661 1140 1719 reverendus
1169 1669 1249 1713 cst
1293 1665 1440 1725 pater
1483 1654 1623 1707 ruitis
1651 1659 1704 1704 et
1730 1649 1864 1702 filius
1896 1644 2049 1714 patri,
2081 1650 2134 1695 et

565 1755 929 1813 obserVandus
957 1752 1172 1807 domino
1206 1757 1286 1801 est
1307 1760 1519 1808 servus,
1547 1753 1598 1797 et
1628 1739 1759 1796 nihil
1791 1740 1862 1794 ita
1890 1734 2134 1790 conciliat

566 1850 783 1905 domino
816 1845 1098 1899 fatuiliarcs
1119 1884 1133 1907 ,
1163 1851 1219 1894 ut
1245 1838 1382 1908 quod
1413 1837 1556 1889 illum
1588 1834 1770 1887 vident
1798 1845 1920 1899 erga
1946 1846 2133 1884 omnes

570 1942 807 1996 modeste
846 1954 903 1992 sc
928 1950 1114 2007 gerere
1141 1975 1153 1996 ,
1196 1942 1249 1986 et
1280 1928 1681 1985 mansuetudine
1705 1926 1908 1980 cunctis
1942 1923 2132 1992 jucun-

571 2034 692 2085 dum
726 2048 737 2081 :
768 2044 886 2083 nam
920 2036 973 2082 et
1004 2016 1160 2079 talem
1208 2020 1421 2091 majoris
1463 2018 1658 2073 faciunt
1695 2026 1748 2070 et
1786 2014 2125 2074 admirantur,

570 2123 871 2191 habentque
902 2134 995 2187 pro
1027 2126 1172 2184 patre
1192 2157 1207 2180 ,
1242 2129 1344 2167 non
1376 2127 1471 2181 pro
1496 2109 1755 2185 domino.‘

640 2214 765 2277 Quae
794 2212 923 2264 bona
951 2208 1115 2277 pariat
1144 2201 1495 2257 mansuetudo.
1521 2230 1593 2242 --
1617 2201 1724 2269 Age
1751 2213 1845 2268 pro
1873 2196 2007 2251 virili
2037 2209 2132 2249 no-

565 2316 671 2357 stra
711 2302 989 2370 diligenter
1014 2298 1338 2366 iuquiramus
1364 2336 1378 2359 ,
1410 2307 1650 2363 qumnam
1682 2307 1745 2345 ex
1776 2304 1977 2344 morum
2006 2302 2130 2341 sua-

564 2396 721 2448 vitate
749 2394 881 2447 bona
912 2389 1200 2443 mansuetis
1232 2386 1560 2456 proveniant.
1594 2384 1786 2439 Gratus
1811 2391 1862 2437 et
1891 2380 2131 2434 amabilis

566 2496 645 2539 est
671 2484 997 2546 videntibus,
1027 2488 1203 2549 gratus
1235 2479 1356 2532 item
1385 2478 1447 2530 iis
1472 2475 1659 2545 quibus
1690 2482 1889 2526 tantum
1921 2472 2132 2524 nomine

568 2585 723 2628 nctus
761 2583 841 2626 est
862 2572 888 2627 ‘:
921 2586 1090 2640 neque
1121 2569 1269 2624 facile
1300 2569 1462 2621 ullum
1495 2564 1728 2619 invenies
1752 2604 1765 2623 ,
1797 2562 1885 2629 qui
1913 2561 2132 2615 audiens

567 2664 763 2719 laudari
792 2663 1055 2716 hominem
1082 2670 1435 2720 mansuetum,
1461 2657 1603 2711 iilum
1630 2656 1807 2709 videre
1829 2664 1881 2707 et
1905 2668 2130 2707 exoscu-

564 2757 656 2810 lari
690 2770 793 2808 non
832 2753 1137 2818 desideret,
1167 2761 1219 2805 et
1246 2765 1350 2804 non
1389 2748 1577 2803 habeat
1619 2748 1668 2801 in
1705 2746 1969 2815 aliquanta
1996 2745 2132 2799 lucri

566 2856 714 2913 parte
736 2846 850 2914 ejus
877 2844 1104 2899 amicitia
1140 2856 1294 2912 posse
1321 2841 1439 2895 frui.
1484 2838 1634 2906 Quod
1664 2836 1709 2892 si
1734 2837 2002 2906 contingat
2027 2836 2130 2889 aii-.

564 2946 942 3008 quospropter
968 2949 1096 3004 opes
1119 2934 1256 2987 inter
1278 2945 1397 2985 sese
1420 2928 1710 2994 dissidere,
1738 2942 1861 2982 mox
1890 2926 1954 2980 ad
1981 2925 2127 2980 beni-

565 3046 725 3100 gnum
753 3038 804 3084 ct
830 3036 1161 3083 mansuetum
1188 3026 1331 3079 illum
1358 3028 1661 3092 properant,
1691 3021 1822 3073 bona
1852 3033 1965 3087 spe,
1992 3015 2129 3087 quod

565 3121 679 3189 ejus
725 3117 956 3173 bonitate
993 3111 1239 3185 quicquid
1276 3112 1443 3166 litium
1474 3119 1527 3164 et
1564 3108 1960 3163 contentionum
1992 3114 2133 3162 esto

564 3210 743 3265 medio
781 3209 1009 3262 tollatur.
1048 3207 1280 3269 Rursus,
1311 3203 1355 3257 si
1394 3200 1647 3271 capitales
1680 3199 1819 3254 inter
1848 3214 1907 3254 se
1935 3197 2131 3252 inimici

564 3302 671 3357 sint
693 3341 707 3365 ,
735 3297 997 3353 mansueti
1025 3296 1123 3349 viri
1149 3293 1481 3363 correptione
1507 3291 1781 3360 placantur
1806 3297 1860 3343 et
1888 3302 2128 3342 mansue-

567 3398 755 3453 scunt,
786 3386 990 3443 etiamsi
1032 3392 1216 3439 natura
1260 3384 1313 3437 in
1356 3382 1486 3436 iram
1524 3390 1578 3435 et
1614 3380 1842 3433 furorem
1888 3376 2130 3448 propensi

566 3482 693 3535 sint.
724 3479 821 3544 Qui
852 3490 977 3532 vero
1006 3474 1160 3529 aliter
1185 3472 1355 3527 affecti
1381 3478 1533 3535 sunt,
1560 3470 1603 3523 si
1628 3468 1972 3523 reconciliare
1997 3468 2135 3521 inter

567 3588 625 3625 so
652 3568 813 3623 velint
840 3581 932 3621 eos
956 3565 1042 3635 qui
1068 3561 1422 3634 digladiantur
1444 3569 1499 3613 et
1525 3567 1778 3627 pugnant,
1806 3556 1949 3610 nullo
1977 3555 2135 3609 modo

567 3658 897 3715 uenerabiles
919 3663 1141 3727 possunt
1163 3651 1361 3705 videri:
1386 3649 1477 3705 sed
1502 3649 1552 3704 in
1574 3649 1764 3719 quavis
1783 3661 1940 3702 causa
1962 3647 2135 3716 aptior

568 3763 622 3805 et
666 3748 831 3818 magis
876 3745 1096 3801 idoneus
1130 3743 1193 3797 ad
1210 3738 1643 3825 persuadendum
1670 3748 1726 3793 et
1752 3737 2130 3793 consulendum

570 3850 651 3897 est
677 3840 722 3894 is
742 3880 755 3903 ,
784 3837 871 3908 qui
897 3849 988 3891 eas
1013 3834 1247 3888 actiones
1272 3845 1491 3899 quarum
1522 3828 1797 3883 consilium
1822 3828 1911 3882 dat
1935 3830 2135 3897 primus

570 3930 889 4011 aggreditur.
936 3926 1156 3993 Insuper
1194 3922 1442 3992 quoniam
1480 3920 1726 3989 exemplo
1756 3934 1850 3973 sua
1889 3920 2132 3989 magister

569 4010 1111 4079 estmausueludiuis,
1135 4023 1187 4070 et
1212 4014 1324 4084 ipsc
1346 4011 1590 4080 exemplo
1610 4024 1706 4065 suo
1726 4010 1999 4065 stabilitea
2020 4026 2137 4080 qua:

573 4112 767 4177 tradit,
796 4109 951 4164 simul
980 4123 1042 4163 ac
1070 4112 1323 4176 apparet,
1355 4103 1556 4172 mitigat
1582 4104 1740 4155 etiam
1785 4100 2093 4155 furibundus
2117 4141 2131 4167 ,

566 4217 743 4272 neque
785 4198 963 4254 multis
992 4198 1038 4251 ei
1068 4194 1244 4250 verbis
1273 4193 1352 4247 vel
1381 4190 1827 4247 admonitionibus
1857 4205 1990 4258 opus
2016 4198 2132 4256 cst,

569 4292 664 4349 sed
691 4302 743 4346 et
771 4303 974 4359 pacem,
999 4286 1298 4355 priusquam
1327 4284 1587 4352 loquatur,
1616 4280 1917 4350 persuadet.
1944 4280 2136 4347 Quem-

571 4382 855 4440 admodum
891 4390 947 4435 et
979 4378 1106 4433 solis
1140 4376 1331 4446 jubar,
1366 4383 1420 4427 ut
1459 4374 1681 4442 primum
1712 4380 1928 4441 apparet
1950 4413 1965 4438 ,
1996 4370 2134 4441 fugat

575 4475 816 4531 tenebras
846 4489 861 4528 :
890 4472 959 4525 ita
997 4477 1301 4522 mansuetus
1338 4474 1391 4521 ct
1428 4464 1682 4533 benignus
1718 4478 1813 4516 sua
1858 4464 2135 4531 prtesentia

573 4581 659 4621 res
702 4564 1031 4619 turbulentas
1072 4558 1341 4628 componit
1379 4556 1689 4628 quietasque
1730 4570 1792 4609 ac
1832 4556 2141 4626 tranquillas

574 4655 764 4711 reddit.
815 4654 907 4707 Est
948 4664 1123 4705 autem
1165 4658 1219 4704 et
1264 4647 1365 4703 hoc
1405 4647 1618 4716 dignum
1665 4646 1929 4701 recenseri
1955 4688 1969 4711 ,
2000 4644 2137 4715 quod

571 4746 813 4803 Christus
837 4743 1007 4799 solum
1036 4741 1277 4812 pacificos
1306 4740 1440 4795 filios
1466 4740 1552 4793 Dei
1577 4748 1727 4794 vocat
1748 4736 1957 4809 (Matth.
1982 4738 2033 4792 5.
2059 4737 2136 4804 9).

576 4839 639 4891 lit
666 4849 829 4906 quare
858 4849 1012 4889 suum
1042 4830 1352 4886 vocabulum
1382 4828 1597 4883 mitibus
1626 4830 2021 4884 communicat?
2046 4828 2145 4884 Su-

575 4930 656 4979 ius
694 4925 783 4979 ille
812 4922 1001 4977 Filium
1031 4920 1126 4975 Dei
1154 4934 1249 4989 pro
1278 4919 1475 4972 viribus
1501 4919 1732 4972 imitatur
1757 4961 1771 4983 ,
1804 4921 1889 4988 qui
1920 4919 2064 4987 pacis
2091 4930 2143 4973 (ιι

580 5014 824 5071 amicitia:
855 5021 1041 5068 auctor
1068 5011 1186 5065 aliis
1216 5009 1292 5064 fit.
1342 5007 1474 5063 Nam
1500 5010 1899 5083 sicuthristus
1932 5011 2065 5065 Deus
2093 5021 2151 5065 cr

578 5107 812 5161 omnium
856 5103 1110 5158 Dominus
1131 5142 1149 5168 ,
1180 5102 1232 5155 in
1272 5115 1433 5156 carne
1461 5100 1634 5154 divina
1664 5103 1815 5157 nobis
1841 5117 2103 5170 apparens
2127 5146 2142 5170 ,

579 5206 791 5251 sanctos
819 5194 1031 5266 angelos
1054 5207 1175 5247 cum
1200 5191 1500 5246 hominibus
1523 5192 1814 5247 concordes
1839 5192 2029 5250 effecit.
2058 5189 2151 5264 qui

577 5286 726 5355 quasi
762 5284 899 5341 bello
927 5284 1148 5354 quodam
1176 5299 1204 5337 a
1237 5282 1389 5338 nobis
1424 5282 1749 5339 dissidebant
1780 5303 1793 5337 :
1823 5286 1892 5338 ita
1922 5297 1971 5338 et
2002 5304 2147 5341 ιιιτνη·

577 5390 763 5433 suetus
804 5379 963 5431 homo
990 5372 1183 5430 fratres
1209 5384 1262 5429 et
1286 5382 1539 5445 cognatos
1567 5384 1621 5430 et
1649 5374 1970 5431 domesticos
1996 5394 2149 5434 reve-

583 5466 686 5523 reri
710 5468 858 5537 leges
882 5472 935 5522 et
958 5473 1274 5536 prtece‘ptum
1302 5465 1415 5530 Dei,
1442 5464 1765 5537 abiectisque
1790 5467 2076 5522 inimicitiis
2094 5469 2122 5525 '2.

582 5558 802 5628 gratiam
833 5562 1069 5610 mutuam
1098 5549 1270 5609 redire
1299 5554 1439 5609 facit.
1471 5554 1636 5611 Porro
1663 5554 1802 5625 quod
1832 5556 1881 5610 in
1910 5559 2150 5627 corpori-

583 5650 684 5704 bus
722 5646 918 5703 nostris
946 5647 1131 5715 nervi,
1155 5645 1256 5703 hoc
1280 5657 1359 5703 est
1396 5660 1701 5706 mansuetus
1728 5650 1887 5706 homo
1919 5652 1968 5706 in
1995 5653 2154 5707 domo

583 5756 636 5797 ct
665 5740 887 5799 ecclesia
918 5751 972 5800 et
1002 5742 1232 5800 civitate.
1265 5742 1457 5799 Paulus
1487 5746 1625 5800 enim
1659 5761 1804 5802 more
1824 5763 1929 5802 suo
1962 5748 2151 5806 fratres

2081 346 2303 405 DUBIA.

3716 358 3832 416 552

2244 471 2397 518 vocat
2426 478 2618 533 corpus
2651 474 2704 519 et
2734 468 2967 522 membra
2996 468 3217 525 invicem
3246 468 3458 542 (Ephes.
3486 473 3537 527 ι.
3568 473 3664 545 25)
3689 492 3703 527 :
3730 475 3823 545 qui

2243 564 2417 609 autem
2448 557 2680 610 divulsus
2708 568 2758 612 et
2789 571 3080 628 pugnantes
3107 566 3252 619 coire
3277 562 3399 617 facit
3424 564 3475 617 in
3499 565 3824 633 amicitiam,

2238 645 2345 714 jam
2375 646 2517 700 Pauli
2548 663 2843 704 sermonem
2871 652 3171 719 conﬁrmat,
3202 655 3289 724 qui
3314 655 3502 710 suadet
3528 657 3782 711 omnibus
3802 697 3824 725 ,

2242 752 2309 791 ne
2354 738 2597 806 ignorent
2636 740 2872 796 membra
2907 758 2999 797 sua
3033 759 3207 813 neque
3240 756 3422 803 mutuo
3448 762 3510 803 se
3536 748 3822 805 devorent.

2245 826 2392 882 Unde
2436 845 2590 883 verus
2634 842 2713 885 est
2770 848 2947 887 sermo
2996 834 3124 900 ille,
3174 836 3314 905 quod
3360 838 3672 906 pacificator
3711 839 3825 894 fra-

2242 926 2379 972 trum
2416 922 2653 976 camdem
2691 924 2935 980 virtutem
2967 926 3125 981 habet
3159 927 3211 981 in
3246 932 3467 984 ecclesia
3498 938 3554 985 et
3577 931 3741 987 domo
3769 942 3827 988 et

2240 1010 2454 1065 civitate
2476 1052 2490 1077 ,
2521 1028 2673 1081 quam
2702 1013 2897 1069 habent
2925 1016 2975 1069 in
3008 1020 3317 1087 corporibus
3348 1022 3517 1084 nervi,
3548 1021 3672 1075 dum
3702 1022 3823 1075 dis-

2242 1115 2395 1169 persa
2455 1112 2507 1156 et
2573 1104 2792 1159 invicem
2844 1109 3123 1176 pugnantia
3169 1111 3441 1180 conjungit
3483 1120 3536 1165 et
3579 1114 3819 1183 copulat.

2243 1192 2435 1246 Verum
2465 1193 2577 1249 lucc
2600 1195 2763 1249 virtus
2788 1206 2909 1251 tunc
2930 1200 3085 1252 alicui
3110 1201 3230 1253 data
3255 1212 3355 1265 est,
3379 1201 3589 1267 quando
3612 1205 3822 1271 primus

2241 1283 2353 1353 ipse
2397 1294 2669 1341 mansuete
2708 1288 2887 1341 vivere
2932 1290 3115 1359 incipit
3143 1310 3154 1343 :
3181 1302 3234 1344 at
3274 1294 3358 1359 qui
3400 1293 3550 1348 facile
3589 1294 3641 1347 in
3682 1294 3822 1348 iram

2239 1378 2502 1444 erumpit,
2538 1380 2693 1446 vulgo
2737 1378 2990 1433 ridiculus
3029 1383 3339 1449 apparebit,
3391 1384 3433 1436 si
3478 1384 3692 1453 quando
3720 1399 3822 1437 es-

2239 1478 2513 1535 asperatos
2537 1470 2668 1523 alios
2695 1470 2901 1537 placare
2931 1481 3173 1526 attentat.

2308 1560 2412 1614 [rte
2435 1574 2620 1631 quanta
2645 1563 2861 1632 fwditas.
2886 1590 2954 1600 -—
2972 1563 3087 1617 Jam
3136 1563 3257 1631 quid
3308 1564 3543 1620 deterius
3584 1566 3821 1621 homini-

2238 1652 2335 1705 bus
2365 1654 2451 1719 qui
2499 1655 2589 1705 irre
2636 1654 2908 1706 serviunt?
2954 1656 3070 1721 quis
3100 1668 3193 1709 eos
3231 1654 3419 1709 videns
3464 1672 3591 1716 non,
3621 1658 3824 1711 avertit

2236 1743 2455 1795 oculos?
2488 1742 2576 1795 Vir
2597 1743 2880 1797 iracundus
2909 1744 3139 1798 insuavis
3170 1752 3247 1799 est
3272 1738 3465 1810 obviis,
3501 1746 3739 1800 insuavis
3764 1756 3824 1800 ct

2235 1834 2424 1887 vicinis
2456 1851 2468 1886 :
2502 1845 2555 1887 et
2578 1836 2619 1888 si
2653 1835 2893 1902 pecuniis
2915 1850 3034 1890 eum
3061 1850 3245 1889 carere
3274 1838 3564 1905 contingat,
3594 1853 3700 1891 non
3735 1838 3817 1891 fa-

2236 1924 2336 1980 cile
2364 1926 2561 1995 reperit
2584 1926 2672 1995 qui
2700 1928 2816 1994 ejus
2846 1928 3037 1996 inopiae
3066 1938 3360 1981 succurrat.
3390 1928 3703 1984 Communis
3731 1940 3821 1985 est

2237 2015 2405 2069 hostis
2436 2025 2488 2070 et
2513 2017 2705 2070 civium
2733 2027 2785 2071 et
2814 2019 3214 2088 peregrinorum
3248 2036 3261 2071 :
3293 2019 3509 2085 clamat,
3546 2021 3818 2077 vocifera-

2239 2116 2341 2170 tur,
2376 2108 2554 2177 plagas
2580 2108 2982 2163 occurrentibus
3012 2110 3256 2175 intentat,
3307 2104 3528 2165 dicenita
3574 2112 3817 2181 loquitur

2236 2209 2288 2253 et
2312 2198 2549 2261 tacenda,
2579 2210 2793 2266 aspectu
2826 2208 2999 2263 torvo,
3030 2200 3205 2253 inﬂata
3231 2199 3380 2260 facie,
3403 2201 3580 2269 lingua
3605 2202 3815 2265 rabida,

2235 2290 2482 2344 manibus
2524 2289 2588 2342 ad
2631 2290 2805 2343 omnia
2838 2290 3325 2359 prorumpentibus,
3357 2299 3429 2355 et,
3462 2300 3521 2345 ut
3564 2299 3815 2360 apparet,

2234 2381 2478 2435 daemone
2508 2382 2733 2449 plenus:
2766 2390 2821 2435 et
2847 2384 2891 2434 si
2932 2382 3053 2449 quis
3082 2380 3256 2435 videat
3295 2382 3468 2435 virum
3511 2383 3581 2435 ita
3612 2384 3815 2445 furere.

2235 2470 2557 2524 dubitaverit
2576 2484 2641 2522 an
2670 2470 2932 2523 darmonio
2953 2471 3179 2539 agitetur
3208 2471 3387 2534 miser,
3420 2485 3486 2525 an
3513 2472 3819 2527 voluntarie

2235 2559 2287 2613 in
2320 2569 2517 2616 tantam
2556 2561 2811 2615 insaniam
2842 2560 3168 2629 prosilierit?
3208 2561 3288 2615 lra
3326 2562 3657 2617 voluntarius
3694 2563 3809 2617 da:-

2236 2667 2383 2716 mon,
2428 2652 2629 2707 insania
2667 2662 2980 2719 spontauca,
3028 2653 3221 2706 mentis
3266 2662 3345 2707 cst
3387 2653 3676 2708 defectio:
3721 2658 3815 2725 qui

2235 2742 2501 2805 irascitur,
2530 2742 2725 2797 diaboli
2766 2742 3048 2796 ludibrium
3080 2752 3180 2807 est,
3228 2743 3527 2797 dremonum
3573 2744 3813 2809 officina,

2233 2842 2288 2887 et
2336 2832 2587 2902 nequitia:
2627 2833 2835 2887 illorum
2884 2833 3073 2902 dignus
3117 2833 3378 2888 minister.
3422 2834 3813 2899 Dir,obsecro,

2235 2923 2359 2993 quid
2391 2924 2722 2992 potissimum
2753 2923 2940 2978 volunt
2974 2922 3268 2990 daemones,
3299 2934 3355 2978 ut
3398 2924 3595 2979 faciant
3639 2925 3818 2979 burni-

2237 3015 2374 3071 nes‘t
2415 3030 2591 3070 nonne
2640 3025 2695 3069 ut
2734 3015 3059 3084 exprobrent
3104 3015 3475 3084 genitoribus?
3531 3032 3713 3072 nonne
3756 3028 3818 3071 ut

2236 3106 2465 3174 pollutas
2496 3121 2681 3160 manus
2713 3105 3016 3174 parentibus
3044 3105 3309 3160 inferant?
3337 3121 3513 3161 nonne
3539 3116 3598 3161 ut
3642 3108 3815 3163 Deum

2236 3198 2644 3267 blasphement?
2690 3198 2815 3252 Haec
2854 3208 3031 3253 autem
3076 3198 3251 3252 omnia
3300 3197 3643 3253 irascentium
3690 3210 3819 3253 sunt

2236 3305 2416 3359 opera.
2461 3293 2633 3360 Atque
2678 3289 2810 3343 adeo
2842 3289 2916 3342 ira
2964 3289 3136 3342 servis
3173 3288 3283 3342 suis
3324 3289 3478 3345 facile
3525 3289 3820 3360 impietatis

2236 3393 2423 3436 auctor
2450 3388 2531 3436 est
2563 3401 2575 3437 :
2609 3396 2779 3450 neque
2805 3380 2945 3434 enim
2971 3380 3070 3435 sibi
3097 3381 3227 3450 ipsis
3251 3380 3401 3437 facile
3429 3383 3697 3451 imperare
3725 3399 3818 3434 va-

2237 3471 2347 3525 lent
2371 3472 2458 3541 qui
2487 3487 2515 3525 a
2549 3470 2727 3526 furore
2769 3479 2823 3525 et
2863 3472 2937 3524 ira
2964 3471 3288 3536 vincuntur;
3316 3471 3411 3526 sed
3448 3473 3656 3527 similes
3692 3484 3818 3528 sunt

2237 3562 2378 3619 navi.
2411 3576 2527 3631 qtue
2560 3562 2612 3615 in
2644 3562 2815 3617 media
2861 3570 3175 3632 tempestate
3203 3577 3231 3615 a
3262 3562 3622 3632 gubernatore
3646 3564 3819 3619 desti-

2239 3661 2350 3706 tuta
2379 3652 2753 3720 submergitur,
2788 3652 3139 3727 undequaque
3177 3654 3228 3707 in
3271 3668 3387 3707 eam
3420 3654 3689 3724 procellis
3736 3657 3819 3710 in-

2236 3743 2452 3813 gressis.
2485 3742 2563 3796 ira
2593 3745 2733 3797 enim
2760 3743 2910 3812 quasi
2941 3743 3138 3798 fulmen
3166 3755 3218 3799 et
3252 3754 3539 3813 tempestas
3566 3747 3819 3818 quardatn

2240 3836 2289 3887 in
2317 3834 2547 3888 animam
2569 3834 2739 3897 irruit,
2770 3834 3193 3905 scrvientcmque
3215 3836 3313 3891 sibi
3336 3837 3610 3906 stupidum
3639 3840 3821 3896 reddit

2240 3936 2293 3979 et
2321 3934 2608 3981 amentem.
2650 3925 2784 3992 Quid
2830 3925 2989 3995 igitur
3019 3924 3357 3981 faciendum?
3396 3927 3685 3985 Prudentis
3715 3930 3817 3985 hoc

2238 4018 2399 4075 minis
2428 4017 2601 4080 fuerit,
2634 4028 2692 4072 ut
2727 4018 2826 4073 sibi
2862 4018 2930 4073 ab
2956 4018 3057 4075 hoc
3095 4020 3287 4074 morbo
3322 4029 3530 4085 caveat,
3574 4032 3817 4078 mentem

2239 4110 2507 4165 contineat
2531 4119 2582 4165 et
2614 4108 2843 4165 furorem
2874 4111 3048 4180 sopiat
3070 4112 3462 4181 Scripturarum
3493 4111 3821 4167 admonitio-

2241 4199 2411 4263 nibus,
2443 4200 2747 4270 priusquam
2777 4199 2828 4253 in
2856 4199 2986 4254 iram
3023 4200 3316 4256 inducatur.
3346 4200 3478 4256 Nam
3514 4202 3557 4255 si
3603 4202 3819 4271 prasti-

2239 4290 2500 4362 giatorum
2542 4291 2951 4345 incantamentis
2998 4291 3182 4345 bestia:
3223 4291 3600 4361 obtemperant
3639 4308 3653 4345 :
3690 4293 3821 4364 quid

2242 4382 2432 4435 mirum
2454 4382 2496 4434 si
2524 4381 2728 4450 eloquia
2760 4380 2958 4435 Christi
2993 4380 3189 4436 ferocis
3215 4382 3407 4435 animae
3428 4390 3628 4436 statum
3663 4382 3821 4439 facile

2245 4472 2581 4541 tranquillum
2609 4481 2661 4526 et
2685 4468 2996 4541 aequabilem
3030 4472 3293 4528 reddant?
3320 4472 3498 4527 Omnis
3524 4473 3694 4537 enim,
3738 4474 3819 4528 in-

2244 4564 2373 4631 quit,
2401 4562 2689 4617 amaritudo
2730 4574 2779 4617 et
2820 4564 2899 4617 ira
2943 4572 2989 4617 et
3016 4567 3162 4633 furor
3190 4574 3236 4618 et
3277 4564 3475 4617 clamor
3495 4564 3765 4632 auferatur
3787 4581 3821 4615 α

2245 4655 2377 4708 rubis
2402 4671 2515 4707 cum
2552 4656 2690 4707 omni
2718 4654 2934 4709 malitia.
2965 4652 3138 4709 Estotc
3166 4655 3374 4710 invicem
3404 4655 3626 4727 benigni,
3670 4657 3822 4709 mise-

2244 4746 2483 4811 ricordes,
2518 4746 2861 4801 contionantes
2888 4747 3022 4800 vobis
3058 4745 3202 4816 ipsis,
3236 4750 3279 4799 si
3307 4748 3418 4814 quis
3443 4746 3692 4801 adversus
3722 4746 3823 4801 eli-

2244 4851 2387 4902 quem
2430 4838 2574 4889 habet
2616 4839 3057 4907 reprehensionem
3087 4853 3104 4890 :
3131 4836 3551 4907 quemadmodum
3592 4848 3641 4891 et
3679 4836 3824 4893 Dens

2244 4930 2296 4982 in
2322 4928 2519 4981 Christo
2543 4928 2842 4982 condonavit
2870 4929 3023 4982 vobis.
3061 4928 3187 4983 Sitis
3229 4929 3383 4997 igitur
3422 4929 3702 4983 imitatores
3732 4930 3825 4983 Dei

2250 5018 2461 5089 (Ep/tes.
2493 5020 2546 5072 4.
2593 5018 2679 5073 3i.
2714 5017 2800 5074 5‘2.
2834 5028 2880 5072 et
2907 5019 2961 5074 5.
3002 5018 3080 5088 i).
3128 5018 3328 5073 Videtis
3360 5019 3531 5087 qualis
3570 5019 3642 5072 sit
3671 5034 3825 5093 man-

2247 5119 2429 5165 suetus
2460 5126 2474 5165 :
2502 5109 2654 5178 cujus
2680 5118 2896 5164 vocetur
2926 5109 3201 5163 imitator?
3228 5124 3331 5163 non
3355 5108 3694 5178 angelorum,
3720 5125 3824 5163 non

2247 5200 2707 5269 archangelorum,
2751 5200 2844 5255 sed
2890 5200 3100 5254 Domini
3135 5200 3507 5254 universorum
3548 5218 3563 5253 :
3611 5202 3825 5255 tametsi

2248 5293 2405 5345 ctiam
2434 5291 2505 5345 illi
2534 5290 2799 5344 mitissimi
2822 5289 2948 5354 sint,
2979 5290 3279 5358 virtuteque
3303 5288 3447 5344 omni
3480 5288 3625 5347 bleni
3650 5304 3666 5355 ;
3692 5290 3828 5343 Pau-

2247 5381 2331 5436 lus
2363 5389 2539 5435 tamcn
2565 5380 2722 5434 mites
2762 5379 2972 5433 vocavit
3013 5378 3105 5433 Dei
3136 5380 3449 5441 imitatores.
3492 5393 3601 5448 quo
3634 5394 3830 5449 prepo-

2250 5472 2347 5525 sita
2388 5469 2518 5525 tanti
2562 5469 2785 5524 honoris
2814 5469 3174 5540 magnitudine
3204 5468 3520 5535 persuadeat
3555 5469 3829 5525 audienti-

2251 5558 2369 5625 bus,
2414 5568 2471 5615 ut
2510 5561 2617 5614 sint
2660 5560 2965 5623 mitissimi,
3015 5568 3072 5613 ut
3131 5574 3318 5615 omnes
3361 5560 3451 5628 qui
3501 5561 3829 5615 contumelia

2252 5649 2574 5715 afﬁciuntur,
2599 5651 2683 5706 vel
2710 5650 2853 5705 aliud
2884 5650 3131 5719 quiddam
3171 5665 3333 5722 grave
3363 5651 3660 5720 patiuntur,
3702 5666 3833 5706 con-

2257 5745 2388 5801 vicia
2415 5753 2574 5815 atque
2602 5744 2705 5799 alia
2724 5746 3006 5802 moderate
3033 5744 3225 5806 ferant.
3256 5747 3693 5821 imperantesquc
3713 5744 3831 5809 irae,
