4034 6408
183 423 288 481 ϐῖίὶ

181 516 289 595 οὐκ
321 536 607 604 ἀνάσχοιτο
649 526 914 601 περιιδεῖν
928 522 1074 584 ’τοὺς
1123 521 1180 573 ἐν
1208 512 1867 604 ἐνδείᾳ-καθεστηκότας,

183 618 385 676 ἐαυτοῦ
414 596 652 687 νομίζων
676 596 966 682 συμφοράν
1001 607 1097 678 τὴν
1129 604 1323 657 πενίαν
1350 599 1683 654 τῶνᾶλλων.
1715 596 1872 649 Ἐστι

184 710 367 764 τοίνυν
401 681 595 773 φθόνος
629 700 728 771 μέν
752 681 1009 751 ἀπάντων
1038 693 1327 754 κάκιστος’
1361 688 1502 773 ἀνὴρ
1544 681 1874 773 δέᾳχρηστὸς

190 762 285 845 καὶ
325 762 501 859 πράος
533 762 597 837 ού
629 762 1014 851 ’παραδέχεται
1052 778 1119 859 τῇ
1146 773 1309 859 ψυχῇΔ
1339 771 1401 859 τὸ
1433 767 1669 859 πονηρδν
1717 762 1875 816 τοῦτο

186 847 429 941 νόσημα,
461 847 597 921 ἀλλά
635 847 764 927 τοὺς
794 847 1705 941 εύδοκιμοᾷὖνταςλάδελφο-ὺςζόρῶν,
1744 859 1875 940 συ]-

186 925 373 1027 χαίρέι
407 925 501 1005 καὶ
532 925 839 1017 συνήδεται,
871 925 1067 996 ἐαυτοῦ
1094 930 1612 1007 νομίζωνεύδοξίαν
1640 929 1739 1000 τὴν
1769 925 1877 979 τῶν

187 1014 369 1098 inf.»
397 1014 665 1101 εὐδοξίαν,
692 1032 848 1087 κοινά
873 1031 945 1085 τά
980 1028 1092 1082 τῶν
1128 1026 1298 1096 φίλων
1333 1021 1656 1094 ἡγούμενος,
1691 1019 1749 1070 ἐν
1778 1014 1878 1083 μὲν

186 1132 308 1192 τοῖς
341 1125 572 1195 ἀγαθοῖς
602 1120 938 1192 συγχαίρων,
974 1118 1031 1169 ἐν
1051 1116 1109 1169 δὲ
1134 1116 1247 1176 τοῖς
1275 1102 1873 1195 λυπηροῖςσυναλγῶν.

191 1190 435 1271 Τοιαῦτα
457 1213 527 1266 τά
556 1212 659 1281 τῆς
685 1190 993 1277 πραότητος
1020 1203 1191 1275 δῶρα,
1213 1198 1452 1259 τοιοῦτος
1478 1198 1506 1248 6
1538 1194 1652 1265 βίος
1685 1191 1793 1244 τῶν
1820 1190 1878 1242 ἐν

196 1304 479 1372 ἐπιεικείᾳ
512 1276 831 1362 συζῶντων·
872 1294 900 1345 6
947 1293 1121 1362 πρᾶος
1167 1286 1422 1359 ὀρφανῶν
1457 1276 1879 1372 πατὴρὶχηρῶν

192 1366 535 1465 προστάτης,
566 1384 757 1447 πενίας
791 1379 945 1452 [633]
965 1376 1238 1448 κηδεμὼν,
1268 1370 1637 1443 ἀδικουμένων
1664 1366 1878 1438 βοηθὸς,

193 1476 475 1547 πανταχοῦ
523 1474 692 1528 ποιῶν
727 1470 823 1525 τοῦ
872 1466 1080 1521 δικαίου
1114 1465 1176 1518 τὸ
1216 1463 1441 1534 κράτος.
1475 1459 1587 1511 Καὶ
1635 1455 1833 1523 παιδίῳ
1862 1462 1880 1484 ³

195 1541 701 1637 πατὴρ-*αἰδέσιμος
722 1561 750 1612 6
778 1556 1048 1629 πραότητι
1073 1550 1272 1615 συζῶν,
1304 1550 1397 1602 καὶ
1417 1547 1546 1610 παῖς
1576 1544 1761 1615 πατρὶ,
1787 1541 1881 1594 καὶ

196 1630 385 1717 δοῦλός
411 1630 667 1721 δεσπότῃ,
696 1646 791 1700 καὶ
813 1644 903 1697 τὸν
924 1641 1193 1711 δεσπότην
1216 1636 1371 1691 ούδέν
1397 1635 1584 1704 ἓτερον
1603 1632 1700 1701 τῆς
1728 1630 1884 1701 παρὰ

198 1744 309 1798 τῶν
339 1738 570 1796 οἰκετῶν
597 1734 810 1797 εὐνοίας
844 1730 1140 1785 ἀπολαύειν
1169 1730 1332 1781 ποιεῖ.
1370 1727 1537 1779 Ὅταν
1562 1722 1671 1792 γάρ
1703 1722 1884 1775 ἴδωσιν

197 1831 365 1886 αὐτὸν
401 1824 676 1896 ἐπιεικείᾳ
709 1822 992 1894 χαίροντα,
1030 1817 1123 1872 καὶ
1152 1816 1345 1889 πράως
1374 1815 1545 1868 ἅπασι
1576 1808 1881 1881 προσφερό-

206 1934 389 1993 μενον,
426 1918 553 1987 περὶ
592 1911 786 1968 πολλοῦ
830 1906 1107 1963 ποιοῦνται
1141 1903 1235 1957 καὶ
1277 1900 1638 1973 θαυμάζουσι,
1671 1898 1887 1966 πατέρα

207 1988 411 2081 μᾶλλον
442 2006 476 2075 ἡ
504 2001 771 2069 δεσπότην
802 1997 893 2051 τὸν
927 1992 1267 2063 κεκτημένον
1296 1988 1630 2059 νομίζοντες.

273 2097 414 2168 Φέρε
434 2073 523 2161 δὴ,
544 2088 685 2143 κατά
707 2086 938 2156 δύναμιν
954 2081 1234 2153 ἡμετέραν
1251 2076 1495 2149 ἀκριϐῶς
1518 2073 1885 2143 ἐξετάσωμεν,

205 2187 305 2238 ὅσα
328 2160 440 2244 τοῖς
472 2160 774 2233 ἐπιεικέσιν
807 2176 870 2226 ἐκ
898 2173 995 2241 τῆς
1018 2170 1128 2223 τῶν
1162 2166 1311 2237 ήθῶν
1340 2165 1680 2237 ἡμερότητος
1708 2160 1890 2229 ἀγαθά

208 2271 571 2343 περιγίνεται.
599 2259 861 2325 Οὐκοῦνό
884 2260 1057 2330 πρᾶος
1086 2256 1239 2325 φίλος
1266 2254 1364 2324 μὲν
1382 2254 1495 2314 τοῖς
1514 2251 1703 2322 ὁρῶσι,
1738 2249 1891 2316 φίλος

207 2360 263 2412 δὲ
285 2336 391 2410 ’καὶ
424 2356 535 2417 τοῖς
568 2352 705 2420 ἀκοῇ
736 2346 1067 2418 γνωρίμοις
1100 2342 1196 2395 καλ⁸
1221 2340 1396 2401 οὐδείς
1418 2340 1565 2390 ἐστιν
1599 2336 1659 2399 ὃς
1683 2338 1892 2407 ἥμερον

210 2444 497 2514 ἄνθρωπον
536 2435 926 2504 ἐπαινούμενον
974 2428 1208 2492 ἀκούων,
1256 2428 1355 2480 οὐκ
1394 2425 1461 2479 ἂν
1501 2423 1891 2494 ἐπιθυμήσειεν

213 2509 342 2586 ἰδεῖν
368 2530 464 2583 καί
485 2522 841 2581 ἀσπάσασθαι
873 2519 968 2573 καὶ
990 2515 1229 2585 συνεχῶς
1263 2516 1416 2589 όρᾷν,
1448 2513 1505 2564 ἐν
1535 2510 1763 2581 κέρδους
1797 2509 1894 2577 μέ-

214 2637 296 2691 ρει
323 2618 425 2687 τὴν
452 2613 546 2669 τοῦ
580 2610 823 2666 τοιούτου
849 2607 1032 2677 φιλίαν
1064 2602 1408 2672 ποιούμενος.
1438 2598 1557 2652 Κάν
1587 2598 1728 2667 ύπέρ
1759 2614 1895 2667 χρη-

216 2686 403 2777 μάτων
427 2703 570 2766 τινές
594 2700 731 2772 πρὸς
753 2696 1020 2766 ἀλλήλους
1045 2688 1409 2760 διενεχθῶσιν,
1432 2688 1524 2741 ἐπί
1542 2686 1633 2739 τὸν
1651 2686 1895 2767 ,χρηστὸν

212 2760 307 2848 καὶ
347 2793 526 2862 πρᾶον
550 2760 898 2854 ἐπείγονται,
926 2779 1242 2850 νομίζοντες
1269 2777 1444 2830 πᾶσαν
1474 2774 1591 2845 ἔριν
1620 2760 1714 2827 καὶ
1747 2773 1897 2841 φιλο-

213 2882 425 2936 νεικίαν
443 2873 775 2947 λυθήσεσθαι
788 2870 1006 2948 ,ταχέως
1033 2868 1139 2921 ύπδ
1157 2867 1253 2935 τῆς
1269 2864 1479 2919 ἐκείνου
1500 2862 1891 2935 χρηστότητος.

211 2969 326 3025 Καὶ
375 2966 487 3037 γάρ
528 2963 595 3017 ἀν
633 2960 813 3031 συμϐῇ
860 2957 984 3019 τοὺς
1038 2952 1361 3025 ἀνθρώπους
1404 2950 1708 3037 φιλέχθρως
1754 2949 1897 3018 ἔχειν

217 3053 352 3123 πρὸς
379 3035 669 3119 ἀλλήλους,
701 3046 735 3115 ἡ
770 3043 864 3096 τοῦ
896 3038 1214 3102 δικάζοντος
1241 3035 1517 3107 ἡμερότης
1550 3035 1789 3087 δυσωπεῖ
1808 3050 1897 3101 γε-

216 3122 405 3193 νέσθαι
436 3136 647 3206 πράους
685 3132 813 3194 τοὺς
856 3127 1056 3200 ῥᾳδίως
1090 3126 1169 3188 είς
1194 3124 1362 3195 όργὴν
1395 3123 1491 3175 καῖ¹
1522 3122 1693 3192 θυμὸν
1733 3123 1895 3189 ἐκφε-

219 3226 506 3298 ρομένους.
552 3222 651 3273 ’Ἂν
696 3217 754 3270 δέ
788 3215 937 3271 ἄλλοι
977 3210 1188 3282 φανῶσί
1240 3227 1385 3273 τινες
1412 3210 1491 3272 είς
1526 3208 1711 3276 φιλίαν
1747 3208 1900 3275 ἄγειν

216 3294 343 3374 τοῦς
372 3306 719 3381 μαχομένους
744 3303 1043 3364 ἐθέλοντες,
1085 3300 1183 3351 οὐκ
1218 3297 1284 3381 ἀν
1321 3296 1598 3366 δυνηθεῖεν
1632 3294 1901 3363 αἱδέσιμοι

216 3380 531 3467 φαίνεσθαι.
596 3392 712 3459 Ἐφ’
769 3389 1002 3443 ἐκάστου
1051 3388 1161 3457 γάρ
1210 3380 1364 3455 οἶμαι
1400 3383 1509 3436 τῶν
1559 3382 1902 3467 ⁸πραγμάτων

218 3463 527 3557 σύμϐουλος
561 3478 784 3542 πιθανὸς
814 3479 843 3530 6
872 3475 1087 3547 πρῶτος
1117 3473 1226 3525 τῶν
1257 3470 1531 3543 πράξεων,
1574 3463 1649 3524 ὧν
1684 3470 1903 3541 ἔχεσθαι

220 3571 665 3631 συνεϐούλευσεν,
704 3566 1033 3637 ἁπτόμενος.
1085 3564 1253 3615 Ὅταν
1290 3556 1383 3613 οὖν
1413 3562 1442 3613 6
1472 3561 1570 3629 τῆς
1602 3560 1903 3620 ἐπιεικείας

218 3659 546 3721 διδάσκαλος
590 3654 806 3725 πρῶτος
861 3653 1005 3721 φανῇ
1041 3648 1111 3702 τά
1154 3645 1591 3717 παραγγέλματα
1646 3645 1901 3714 βεϐαιῶν,

220 3751 337 3821 ἅμα
366 3765 428 3800 τε
456 3744 617 3816 ὤφθη
657 3741 901 3803 καὶτοὺς
953 3738 1263 3809 μεμηνότας
1292 3736 1572 3807 ἡμέρωσε,
1623 3736 1717 3789 καὶ
1752 3735 1904 3789 ούδέν

219 3836 372 3906 αύτῷ
390 3835 477 3888 δεῖ
505 3829 787 3892 νουθεσίας
808 3828 903 3881 καί⁸
924 3826 1123 3896 λόγων,
1156 3823 1293 3878 ἀλλά
1320 3823 1449 3895 πρίν
1467 3840 1520 3875 τι
1544 3821 1901 3890 φθέγξασθαι,

219 3922 320 3992 τὴν
346 3922 575 3991 είρὴνην
604 3916 919 3986 είσὴγαγεν.
952 3914 1061 3967 Καὶ
1086 3912 1275 3982 ῶσπερ
1294 3912 1451 3975 ἀκτὶς
1478 3910 1631 3981 ἡλίου
1650 3913 1903 3979 φανεῖσα,

221 4010 282 4062 τὸ
312 4008 508 4069 σκότος
529 4001 824 4058 ἀπελαύνει
843 4000 1054 4071 ταχέως
1076 4016 1089 4031 ο
1120 3999 1292 4063 οὕτως
1312 4001 1340 4052 6
1362 3998 1597 4069 χρηστὸς
1615 4000 1710 4052 καὶ
1730 4001 1907 4070 πρᾶος

221 4096 322 4162 τὴν
352 4093 602 4178 ταραχὴν
632 4087 851 4178 καὶᾼτὴν
874 4089 1053 4158 μάχην
1081 4089 1161 4151 εἰς
1186 4087 1409 4157 εἰρήνην
1437 4087 1529 4138 καὶ
1546 4086 1775 4157 ἡσυχίαν
1808 4104 1905 4157 με-

223 4173 592 4257 ταρῥυθμίζει
616 4176 848 4246 ταχέως.
877 4174 1063 4240 ’Λξιον
1099 4173 1278 4227 τοίνυν
1306 4175 1529 4227 κάκεῖνο
1559 4175 1907 4245 ἐπισημήνα-

230 4272 379 4331 σθαι,
411 4270 497 4322 ὂτι
528 4268 722 4337 μόνους
755 4264 882 4327 τοὺς
905 4264 1222 4335 εἰρηνικοὺς
1242 4263 1336 4315 τὸν
1365 4263 1565 4333 τρόπον
1592 4264 1740 4327 υἱοὺς
1767 4260 1905 4318 εἶναι

224 4357 319 4411 τοῦ
344 4353 481 4408 Θεοῦ
504 4371 668 4423 φησιν
692 4355 719 4405 6
740 4352 995 4422 Χριστός.
1029 4350 1185 4413 Τίνος
1206 4345 1298 4403 οὖν
1326 4350 1490 4402 ’ἑνεκα
1513 4350 1611 4421 τῆς
1636 4366 1907 4420 ageam».

232 4446 350 4515 ρίας
381 4442 481 4511 τῆς
500 4440 705 4501 οἰκείας
738 4438 920 4509 μόνοις
945 4436 1613 4505 ἐπιεικέσιν,μετέδωκεν;
1647 4439 1767 4491 Ὀτι
1798 4440 1910 4508 μό-

227 4549 315 4595 νος
342 4533 371 4584 ὁ
406 4528 587 4598 φιλίας
620 4528 713 4579 καὶ
742 4526 967 4596 είρήνης
1003 4524 1174 4587 αἴτιος
1219 4527 1332 4586 τοῖς
1363 4524 1541 4589 ἀλλοις
1578 4525 1909 4597 καθιστάμε-

228 4636 346 4682 νος,
370 4618 465 4670 τὸν
498 4616 623 4668 Υἱὸν
644 4612 738 4667 τοῦ
768 4612 905 4667 Θεοῦ
938 4615 1186 4681 μιμεῖται
1218 4612 1358 4664 κατά
1383 4613 1633 4679 δύναμιν.
1672 4614 1909 4680 Ἐκεῖνος

232 4708 328 4777 μὲν
357 4706 468 4773 γὰρ
489 4703 563 4766 ῶς
596 4701 727 4765 Θεὸς
758 4701 854 4753 καὶ
891 4700 1000 4753 τῶν
1024 4698 1159 4751 ὅλων
1196 4698 1382 4770 κύριος
1419 4701 1546 4765 τοὺς
1572 4701 1760 4769 ἁγίους
1805 4706 1907 4772 ἀγ-

228 4793 419 4863 γέλους
473 4787 1032 4858 ἐκπεπολεμωμένους
1080 4789 1193 4849 τοῖς
1238 4787 1549 4858 ἀνθρώποις
1593 4792 1673 4852 είς
1725 4791 1909 4859 φιλίαν

229 4878 615 4949 συνεκέρασεν,
652 4876 935 4942 ἐπιφανεὶς
966 4875 1099 4944 ἡμῖν
1135 4872 1225 4927 διὰ
1256 4874 1356 4944 τῆς
1390 4875 1540 4939 θείας
1580 4876 1745 4931 αὑτοῦ
1778 4896 1909 4950 σαρ-

229 4967 346 5030 κός·
380 4963 619 5036 χρηστὸς
648 4962 705 5015 δέ
739 4961 1027 5031 ἄνθρωπος
1064 4961 1325 5031 ἀδελφοὺς
1357 4962 1447 5015 καὶ
1496 4970 1911 5031 συγγενεῖς,καῖ

228 5055 469 5115 αἰγείους
517 5048 887 5119 πολεμοῦντας
933 5048 1207 5118 ἀλλήλοις.
1255 5050 1517 5103 αἰδεῖσθαι
1569 5053 1741 5106 πείθει
1785 5057 1913 5120 τοὺς

174 5192 181 5195 ,
229 5137 555 5210 νόμουςπτοῦ
587 5136 746 5200 Θεοῦ,
794 5137 889 5189 καὶ
916 5136 1013 5207 τὴν
1049 5136 1247 5207 έχθραν
1294 5138 1706 5210 ἀπορρίψαντας
1738 5142 1911 5209 φιλεῖν

229 5228 493 5298 ἀλλήλους
530 5225 675 5280 κατά
708 5225 766 5279 τὸ
806 5225 948 5278 θεῖον
980 5226 1284 5298 ἐπίταγμα.
1329 5229 1439 5281 Καὶ
1494 5230 1621 5300 μὴν,
1668 5231 1807 5302 ὅπερ
1850 5236 1907 5287 ἐν

231 5318 338 5379 τοῖς
378 5313 600 5383 σώμασι
639 5316 751 5375 τοῖς
800 5313 1090 5384 ἡμετέροις
1122 5315 1190 5367 τά
1232 5313 1421 5384 νεῦρα,
1480 5315 1638 5369 τοῦτο
1672 5320 1907 5389 χρηστὸς

230 5402 517 5468 ἄνθρωπος
550 5401 607 5451 ἐν
637 5398 789 5472 οίκίᾳ
812 5401 903 5452 καὶ
936 5398 1201 5471 ἐκκλησίᾳ
1250 5402 1343 5454 καὶ
1382 5401 1553 5457 πόλει.
1610 5404 1777 5473 Σῶμα
1810 5408 1909 5477 μὲν

229 5491 339 5561 γὰρ
364 5490 460 5543 καὶ
494 5489 630 5559 μέλη
659 5486 909 5557 ἀλλήλων
953 5489 1073 5553 ἔθος
1109 5490 1395 5560 ὀνομάζειν
1438 5492 1517 5561 τῷ
1558 5493 1755 5566 Παύλῳ
1783 5498 1910 5561 τοὺς

231 5578 495 5647 ἀδελφούς
516 5593 531 5609 ο
574 5579 602 5629 6
626 5576 682 5629 δὲ
716 5578 841 5639 τοὺς
870 5577 1298 5648 διεσπασμένους
1328 5581 1424 5632 καὶ
1460 5582 1801 5652 μαχομένους
1831 5587 1912 5649 εἷς

232 5666 414 5735 φιλίαν
448 5664 620 5731 ἄγων,
653 5662 945 5717 ἐϐεϐαίωσε
991 5665 1085 5719 τοῦ
1130 5666 1345 5720 Παύλου
1377 5667 1468 5721 τόν
1499 5668 1677 5739 λόγον,
1708 5672 1913 5726 πείθων

234 5755 482 5816 ἃπαντας
518 5752 593 5822 μή
638 5753 851 5819 ἀγνοεῖν
900 5753 967 5807 τά
1023 5753 1181 5824 μέλη,
1225 5756 1358 5826 μηδὲ
1398 5758 1704 5812 κατεσθίειν
1741 5761 1912 5832 ἀλλή-

293 5842 319 5871 ⁸
345 5841 428 5891 Slc
452 5851 481 5886 ε
506 5839 687 5886 Samio
708 5846 995 5889 correctum.
1026 5841 1305 5901 Logrbalur
1322 5845 1533 5892 παιδίων.
1564 5845 1694 5895 Enn.

1424 401 1512 455 DE
1550 387 2097 453 MANSUETUDINE
2136 385 2389 443 SERSIO.

3562 359 3669 418 553

1976 505 2121 567 λους.
2153 502 2365 556 Οὐκοῦν
2397 497 2603 569 ἀληθὴς
2643 498 2671 550 6
2698 494 2854 563 λόγος
2889 490 3097 552 ἐκεῖνος
3129 506 3139 517 ·
3191 483 3328 539 ῶστε
3358 482 3456 552 τὴν
3497 479 3669 551 αὐτὴν

1976 593 2089 663 ἔχει
2118 577 2347 659 δύναμιν
2377 590 2434 641 ἐν
2474 582 2744 653 ἐκκλησίᾳ
2773 580 2865 635 καὶ
2892 577 3042 647 οίκίᾳ
3084 571 3179 628 καὶ
3204 571 3358 625 πόλει
3390 571 3419 624 ό
3454 569 3554 640 τῆς
3588 570 3670 621 εἰσ

1979 656 2146 754 ρτήνης
2176 656 2348 740 αἴτιος
2373 677 2486 737 τοῖς
2512 672 2763 740 ἀδελφοῖς
2802 665 3222 735 καθιστάμενος,
3265 661 3334 730 ἢν
3366 658 3481 728 ἔχει
3511 656 3675 711 δύνα-

1982 786 2075 840 μιν
2115 768 2172 819 ἐν
2198 766 2312 827 τοῖς
2340 761 2555 831 σώμασι
2582 758 2652 811 τά
2676 754 2867 827 νεῦρα,
2909 748 3221 821 συγκολλῶν
3255 746 3351 800 καὶ
3387 744 3674 798 συνάπτων

1977 832 2104 918 τοὺς
2133 849 2565 921 διεσπασμένους
2602 846 2695 899 καὶ¹
2732 840 3104 912 πολεμοῦντας
3145 834 3417 904 ἀλλήλοις.
3453 832 3675 901 Ταύτην

1984 943 2165 1014 μέντοι
2180 938 2448 1009 λαμϐάνει
2462 935 2561 1006 τὴν
2578 933 2806 1003 δύναμιν
2823 930 2917 983 ἐπὶ
2934 927 3043 981 τῶν
3060 922 3215 999 μοι]
3230 922 3407 979 ἀλλων
3420 920 3675 983 ἕκαστος,

1980 1008 2110 1085 δταν
2145 1008 2309 1091 αύτδς
2342 1028 2484 1095 φανῇ
2517 1021 2734 1094 πρῶτος
2760 1016 3035 1088 ἐπιεικείᾳ
3064 1013 3241 1080 συζῶν
3268 1029 3281 1043 ·
3328 1013 3356 1064 6
3387 1010 3445 1064 δέ
3480 1008 3679 1095 ῥᾳδίως

1982 1120 2063 1181 είς
2088 1115 2256 1188 όργὴν
2298 1094 2690 1183 ἐκφερόμενος,
2732 1105 3136 1174 καταγέλαστος
3186 1095 3325 1155 εἶναι
3376 1097 3578 1163 δόξειεν
3612 1094 3680 1147 ἂν

1983 1206 2097 1267 τοῖς
2127 1201 2364 1263 πολλοῖς,
2392 1200 2521 1252 ὅταν
2553 1196 2804 1265 ἐπιχειρῇ
2833 1193 2958 1254 τοὺς
2984 1187 3361 1260 θυμουμένους
3388 1182 3679 1256 πραύνειν.

1984 1292 2050 1345 Τί
2075 1290 2183 1361 γάρ
2213 1290 2279 1343 ἂν
2304 1288 2513 1357 γένοιτο
2540 1286 2722 1354 χεῖρον
2753 1283 2891 1353 ὀργῇ
2921 1276 3283 1332 δουλευόντων
3326 1270 3633 1344 ἀνθρώπων
3662 1284 3679 1335 ;

1984 1379 2068 1441 τίς
2087 1357 2165 1431 ⁷δέ⁷
2184 1376 2275 1429 τὸν
2321 1374 2561 1429 τοιοῦτον
2601 1371 2763 1441 ὁρῶν,
2811 1369 2911 1422 οὐκ
2948 1363 3282 1434 ἀποστρέφει
3320 1362 3448 1424 τοὺς
3481 1357 3685 1427 ὀφθαλ-

1990 1464 2163 1537 μούς;
2213 1462 2376 1533 Ἀνὴρ
2404 1460 2621 1533 ὀργίλος
2655 1456 2827 1528 ἀηδὴς
2863 1455 2961 1526 μὲν
2988 1456 3099 1516 τοῖς
3133 1449 3471 1511 ἀπαντῶσιν,
3510 1445 3683 1516 ἀηδὴς

1985 1535 2043 1608 δὲ
2073 1556 2184 1617 τοῖς
2218 1551 2447 1620 γείτοσι,
2487 1548 2592 1601 κᾶν
2625 1546 2707 1608 εἰς
2735 1544 2925 1615 χρείαν
2971 1541 3217 1611 καταστῇ
3266 1537 3587 1610 χρημάτων,
3620 1535 3681 1588 ού

1990 1642 2187 1715 ῥᾳδίως
2236 1639 2460 1709 εὐπορεῖ
2503 1633 2612 1688 τῶν
2665 1630 3034 1700 κουφιζόντων
3073 1628 3173 1698 τὴν
3216 1626 3410 1679 πενίαν
3442 1643 3455 1657 ·
3507 1624 3686 1685 κοινός

1989 1731 2107 1783 ἐστι
2134 1726 2391 1798 πολέμιος
2421 1724 2513 1777 καὶ
2547 1720 2785 1775 πολιτῶν
2824 1719 2921 1771 καὶ
2966 1717 3152 1782 ξένων,
3189 1714 3328 1785 βοῶν
3356 1714 3452 1767 καῖ
3481 1730 3687 1783 κεκρα-

1989 1818 2124 1887 γὼς,
2156 1814 2371 1886 πληγάς
2394 1815 2504 1875 τοῖς
2531 1810 2851 1865 ἀπαντῶσιν
2878 1806 3150 1867 ἐντείνων,
3178 1803 3319 1877 ῥητά
3348 1803 3442 1856 καὶ
3471 1801 3688 1873 άρῥητα

1990 1906 2162 1973 λέγων
2180 1922 2193 1935 '
2232 1903 2308 1973 τῷ
2330 1901 2560 1970 τοιούτῳ
2578 1899 2639 1952 τὸ
2672 1897 2891 1968 βλέμμα
2918 1894 3267 1967 ταράττεται,
3300 1891 3360 1943 τὸ
3395 1890 3687 1961 πρόσωπον

1989 1993 2236 2058 οίδαίνει,
2266 1993 2300 2062 ἡ
2332 1989 2554 2059 γλῶσσα
2596 1986 2791 2055 λυσσᾷ,
2832 1984 3033 2056 ῥᾳδίως
3066 1982 3123 2036 αἱ
3156 1983 3339 2052 χεῖρες
3378 1978 3472 2032 ἐπὶ
3507 1978 3688 2031 πάντα

1992 2082 2269 2153 φέρονται,
2315 2078 2383 2133 τά
2426 2076 2537 2130 τῶν
2568 2072 2949 2146 δαιμονῶντων
2988 2074 3017 2125 6
3064 2069 3306 2132 τοιοῦτος
3349 2064 3642 2138 ἐργάζεται
3669 2082 3684 2095 ·

1992 2152 2087 2225 καί
2115 2187 2198 2233 τις
2226 2166 2369 2239 ὀρῶν
2399 2163 2741 2236 θυμούμενον
2768 2161 3077 2231 ἄνθρωπον,
3109 2158 3440 2227 ἀπορήσειεν
3476 2156 3543 2208 ἂν
3576 2152 3689 2207 εἴτε

1991 2260 2021 2312 6
2047 2256 2257 2336 δαίμων
2304 2251 2517 2307 ἐλαύνει
2566 2252 2657 2304 τὸν
2703 2249 2921 2309 ἄθλιον,
2975 2248 3085 2300 εἴτε
3121 2244 3264 2298 ἐκῶν
3293 2246 3375 2307 εἰς
3421 2243 3691 2311 τοσαύτην

1996 2330 2258 2415 ἐξηνέχθη
2307 2341 2523 2411 μανίαν.
2583 2336 2753 2409 Ὀργὴ
2802 2336 3011 2406 δαίμων
3046 2332 3313 2397 ἑκούσιος,
3368 2330 3693 2403 αὐθαίρετος

1998 2430 2183 2503 μανία,
2209 2429 2413 2499 ἐρημία
2448 2425 2661 2496 φρενῶν
2680 2442 2694 2454 ·
2730 2427 2759 2477 6
2785 2421 3129 2493 θυμούμενος
3163 2420 3257 2474 τοῦ
3287 2418 3536 2472 διαϐόλου
3564 2418 3695 2471 παί-

1995 2536 2183 2589 γνιον,
2232 2516 2595 2589 ἐργαστήριον
2639 2511 2911 2582 δαιμόνων
2936 2550 2951 2575 ,
3004 2510 3103 2580 τῆς
3156 2509 3382 2561 ἐκείνων
3426 2507 3697 2579 πονηρίας

1996 2606 2280 2678 ὑπηρέτης
2327 2602 2495 2669 ἄξιος.
2552 2600 2685 2654 Εἰπέ
2721 2616 2844 2669 μοι,
2880 2597 2933 2651 τί
2969 2598 3206 2668 μάλιστα
3242 2595 3523 2666 βούλονται
3567 2595 3695 2657 τοὺς

1998 2692 2320 2765 ἀνθρώπους
2353 2691 2401 2743 οί
2438 2688 2691 2759 δαίμονες
2721 2684 3052 2756 ἐργάζεσθαι
3082 2702 3096 2744 ;
3146 2684 3266 2754 ούχῖ
3306 2683 3500 2752 γονέας
3536 2681 3693 2753 ὑϐρί-

1999 2783 2145 2849 ζειν;
2174 2779 2293 2849 οὐχὶ
2314 2777 2412 2841 τὰς
2438 2776 2641 2847 μιαρὰς
2670 2777 2857 2845 χεῖρας
2881 2775 2992 2836 τοῖς
3014 2772 3403 2841 γεγεννηκόσιν
3430 2770 3697 2837 ἐπάγειν;

1997 2868 2119 2939 οὐχὶ
2169 2866 2511 2938 βλασφημεῖν
2545 2863 2638 2917 τὸν
2683 2862 2850 2925 Θεόν;
2902 2860 3088 2913 Ταῦτα
3123 2860 3302 2913 τοίνυν
3329 2859 3544 2913 ἅπαντα
3585 2857 3697 2911 τῶν

2001 2954 2357 3027 θυμουμένων
2403 2952 2562 3022 ἔργα.
2616 2950 2781 3003 Ὥστε
2813 2950 2910 3002 καὶ
2940 2947 3196 3021 ἀσεϐείας
3230 2950 3260 3001 6
3290 2946 3462 3017 θυμὸς
3495 2946 3696 3018 ῥᾳδίως

2000 3044 2175 3106 αἴτιος
2203 3041 2411 3111 γίνεται
2443 3042 2553 3102 τοῖς
2584 3038 2723 3108 ὀργῇ
2754 3036 3099 3090 δουλεύουσιν
3122 3052 3133 3065 ·
3185 3034 3306 3089 οὐδὲ
3334 3035 3444 3105 γὰρ
3473 3037 3695 3105 κρατεῖν

2001 3132 2229 3193 ἑαυτοὺς
2248 3130 2501 3184 δύνανται
2521 3128 2731 3196 ταχέως
2756 3128 2805 3177 οί
2834 3124 3129 3187 δεδωκότες
3153 3124 3377 3186 ἑαυτοὺς
3400 3123 3476 3193 τῷ
3498 3122 3656 3191 θυμῷ
3680 3137 3693 3148 ·

2002 3217 2119 3271 ἀλλ’
2146 3214 2337 3285 ῶσπερ
2367 3216 2425 3267 ἐν
2454 3213 2682 3284 χειμῶνι
2723 3210 2818 3265 καὶ
2855 3210 2991 3280 ζάλῃ
3030 3209 3694 3280 θα)άττης,,κυϐερνήτου

2007 3304 2081 3374 μὴ
2132 3303 2398 3375 παρόντος
2423 3342 2437 3365 ,
2492 3298 2989 3371 παραλαμϐάνοντα
3036 3295 3105 3349 τὰ
3153 3295 3374 3366 κύματα
3417 3295 3519 3366 τὴν
3564 3295 3696 3349 ναῦν

2003 3390 2210 3463 ἔρημον
2250 3388 2581 3459 ὑποϐρύχιον
2610 3390 2756 3440 ποιεῖ
2777 3385 2989 3455 ταχέως
3012 3399 3023 3412 ·
3058 3384 3231 3445 οὕτως
3254 3386 3281 3436 6
3308 3383 3479 3453 θυμὸς
3507 3382 3698 3453 ῶσπερ

2002 3496 2087 3542 τις
2118 3477 2357 3548 σκηπτὸς
2387 3476 2481 3529 καὶ
2508 3473 2714 3545 χειμὼν
2740 3471 2998 3543 ἐμπεσὼν
3032 3474 3097 3541 τῇ
3128 3472 3299 3541 ψυχῇ,
3338 3470 3578 3541 ἔκφρονα
3603 3477 3702 3528 καὶ

2005 3565 2344 3636 παραπλῆγά
2370 3565 2513 3615 ποιεῖ
2544 3561 2753 3632 ταχέως
2782 3561 2873 3613 τὸν
2904 3558 3054 3629 αύτῷ
3080 3559 3420 3612 δουλεύοντα.
3472 3559 3537 3611 Τί
3562 3554 3657 3613 οὖν
3681 3599 3697 3623 ,

2006 3650 2066 3707 εὖ
2098 3652 2441 3724 φρονούντων
2482 3647 2787 3720 ἀνθρώπων
2822 3649 2939 3700 ἐστὶ
2967 3647 3421 3719 προαναστέλλειν
3445 3648 3506 3700 τὸ
3535 3646 3697 3715 νόση-

2009 3759 2107 3810 μα,
2144 3740 2239 3794 καὶ
2279 3740 2411 3811 πρὶν
2456 3740 2536 3802 είς
2569 3736 2740 3808 όργὴν
2775 3736 3146 3806 ἐξενεχθῆναι,
3188 3734 3442 3805 κατέχειν
3471 3734 3569 3805 τὴν
3595 3734 3700 3804 ψυ-

2006 3830 2130 3901 χὴν,
2164 3828 2255 3882 καὶ
2286 3830 2405 3890 ταῖς
2434 3826 2543 3879 ἀπὸ
2587 3825 2687 3895 τῆς
2721 3824 2945 3896 Γραφῆς
2974 3822 3280 3885 νουθεσίαις
3311 3820 3580 3893 κοιμίζειν
3606 3821 3700 3874 τὸν

2008 3916 2199 3987 θυμόν.
2244 3916 2307 3968 El
2336 3914 2443 3985 γάρ
2476 3913 2584 3966 τῶν
2611 3913 2823 3983 γοήτων
2857 3910 3096 3981 ἐπῳδαῖς
3127 3910 3265 3963 εἴκει
3299 3912 3370 3962 τά
3410 3910 3576 3981 θηρία
3604 3912 3702 3981 ῥᾳ-

2006 4005 2154 4068 δίως,
2170 4002 2537 4073 τίθαυμάξεις
2553 4002 2601 4054 εἰ
2627 4000 2696 4052 τά
2725 3999 2881 4067 λόγια
2898 3997 2991 4050 τοῦ
3011 3997 3251 4070 Χριστοῦ
3277 3996 3458 4067 ψυχὴν
3481 3997 3701 4069 ἀγριαί-

2006 4108 2205 4145 νουσαν
2238 4086 2341 4153 εἰς’
2370 4090 2611 4160 γαλήνην
2668 4086 2760 4141 καὶ
2803 4085 3085 4156 ίσοψυχίαν
3135 4084 3573 4157 μεταρῥυθμίζει
3605 4104 3701 4139 τα-

2008 4180 2187 4251 χέως;
2234 4178 2432 4243 Πᾶσα,
2480 4178 2635 4247 φησὶ,
2674 4175 2879 4243 πικρία
2925 4175 3023 4228 καὶ
3066 4173 3213 4243 ὀργὴ
3244 4175 3347 4227 καὶ
3380 4174 3569 4243 θυμὸς
3600 4175 3701 4227 καί

2009 4261 2241 4333 κραυγὴ
2264 4262 2500 4332 ἀρθήτω
2521 4261 2621 4329 ἀφ’
2644 4258 2831 4328 ὑμῶν,
2862 4258 2985 4312 σὺν
3013 4258 3183 4325 πάσῃ
3207 4260 3389 4325 κακίᾳ
3407 4276 3421 4289 ·
3459 4261 3701 4328 γίνεσθε

2009 4352 2078 4406 δὲ
2098 4354 2185 4418 είς
2204 4351 2517 4417 ἀλλήλους
2552 4349 2825 4419 χρηστοὶ,
2858 4349 3298 4417 εὔσπλαγχνοι,
3328 4348 3702 4419 χαριζόμενοι

2010 4440 2247 4505 ἑαυτοῖς
2269 4455 2282 4468 ·
2312 4437 2422 4492 ἐάν
2445 4455 2534 4503 τις
2566 4440 2716 4504 πρός
2742 4454 2872 4489 τινα
2890 4437 3002 4505 ἔχῃ
3020 4436 3293 4505 μομφὴν,
3321 4436 3517 4504 καθὼς
3546 4438 3641 4491 καὶ
3667 4441 3701 4491 d

2014 4528 2158 4593 θεὸς
2193 4528 2261 4579 ἐν
2288 4522 2519 4593 Χριστῷ
2552 4525 2875 4593 ἐχαρίσατο
2901 4523 3059 4593 ὑμῖν.
3098 4525 3357 4579 Γίνεσθε
3388 4521 3504 4579 οὖν
3522 4543 3702 4594 μιμη-

2012 4615 2109 4669 ταί
2129 4613 2233 4667 τοῦ
2258 4612 2429 4667 Θεοῦ.
2475 4613 2669 4682 Ὀράτε
2699 4605 2809 4673 οἷός
2835 4612 2983 4663 ἐστιν
3009 4613 3037 4665 ό
3074 4614 3281 4683 πρᾶοςς
3332 4612 3473 4675 τίνος
3502 4613 3701 4682 ὀνομά-

2014 4702 2164 4766 ζεται
2210 4700 2490 4770 μιμητήςς
2532 4700 2635 4754 ούκ
2664 4699 2946 4767 ἀγγέλων,
3002 4699 3103 4751 οὐκ
3149 4700 3529 4770 ἀρχαγγέλων,
3566 4700 3701 4753 ἀλλά

2011 4789 2106 4843 τοῦ
2135 4787 2406 4841 Δεσπὸτου
2442 4786 2549 4839 τῶν
2575 4786 2730 4839 ὅλων.
2768 4787 2961 4839 Καίτοι
2999 4787 3239 4839 κάκεῖνοι
3271 4788 3567 4858 πραότατοι
3608 4789 3701 4840 καὶ

2014 4878 2194 4944 πάσης
2227 4876 2429 4947 ἀρετῆς
2459 4874 2720 4945 γέμοντες
2752 4891 2765 4905 ο
2816 4873 2931 4927 ἀλλ’
2957 4875 3108 4945 ὅμως
3133 4878 3161 4929 ὁ
3206 4874 3417 4941 Παῦλος
3454 4875 3703 4947 ζηλωτάς

2013 4966 2148 5019 Θεοῦ
2175 4966 2301 5027 τοὺς
2332 4962 2573 5033 ἡμέρους
2603 4961 2909 5032 ὠνόμασεν,
2939 4963 3025 5016 ἴνα
3058 4963 3146 5017 διά
3174 4963 3268 5018 τοῦ
3308 4964 3574 5034 μεγέθους
3604 4966 3703 5036 τῆς

2012 5051 2179 5121 τιμῆς
2220 5050 2564 5119 πραοτάτους
2607 5044 2746 5102 εἶναι
2793 5050 3059 5121 παιδεύσῃ
3099 5052 3225 5115 τοὺς
3255 5051 3574 5116 ἀκούοντας,
3616 5053 3703 5105 ἵνα

2013 5140 2121 5201 πᾶς
2151 5139 2180 5189 ὁ
2229 5136 2585 5206 ὑδριζόμενος
2632 5136 2666 5206 ἢ
2712 5136 2841 5191 ἄλλο
2896 5155 2950 5190 τι
2993 5140 3221 5209 πάσχων
3267 5140 3461 5203 δεινὸν,
3510 5140 3701 5211 πράως

2014 5226 2212 5297 ἐνέγκῃ
2242 5225 2340 5289 τάς
2379 5224 2667 5295 λοιδορίας,
2705 5227 2799 5280 καὶ
2827 5229 3080 5299 κρατήσῃ
3126 5227 3224 5297 τῆς
3270 5228 3461 5299 όργῆς,
3507 5228 3583 5292 ῶς
3624 5228 3704 5297 τῷ

2014 5313 2133 5383 Θεῷ
2166 5313 2373 5382 μέλλων
2403 5312 2721 5365 ἀκολουθεῖν
2748 5314 2807 5367 ἐν
2832 5314 2909 5385 τῷ
2942 5318 3167 5387 κρατεῖν
3193 5316 3293 5387 τῆς
3329 5317 3523 5387 ὀργῆς.
3569 5317 3704 5371 Τίνα

2014 5399 2123 5469 γὰρ
2166 5397 2231 5469 δὴ
2277 5398 2346 5451 τὰ
2390 5398 2563 5464 Θεοῦς
2610 5400 2851 5454 Ἀνωθεν
2906 5403 3006 5470 μὲν
3050 5402 3270 5458 ἅπαντα
3319 5403 3414 5457 καὶ
3461 5405 3563 5475 όρᾷ
3609 5407 3704 5459 καὶ

2014 5486 2223 5549 ἀκούει,
2253 5489 2311 5539 ἐν
2337 5486 2394 5540 δὲ
2420 5489 2534 5550 τοῖς
2562 5488 2655 5541 ἐπὶ
2684 5487 2791 5557 γῆς
2834 5490 2929 5543 καὶ
2976 5490 3293 5560 λεγομένοις
3338 5491 3433 5544 καὶ
3468 5509 3703 5563 πραττοο

2018 5578 2201 5647 μένοις
2248 5576 2563 5646 ἀδικήματα
2615 5576 2803 5631 πολλά.
2858 5579 2979 5633 Εἰσὶ
3029 5580 3085 5633 δέ
3134 5598 3277 5643 τινες
3328 5583 3408 5639 είς
3448 5579 3704 5635 τοσοῦτον

2015 5666 2241 5733 ἥκοντες
2275 5664 2548 5728 ἀσεϐείας,
2576 5665 2651 5728 ὡς
2677 5665 2771 5718 καὶ
2799 5666 3139 5739 βλασφημεῖν
3164 5668 3255 5721 τὸν
3288 5668 3423 5723 Θεὸν
3445 5711 3460 5735 ,
3491 5671 3619 5723 ὅταν
3652 5690 3703 5721 τι

2016 5753 2167 5824 παρὰ
2187 5753 2295 5805 τῶν
2313 5753 2658 5824 πραγμάτων
2676 5754 2977 5821 λυπῶνται,
2999 5758 3094 5810 καὶ
3111 5755 3403 5827 βλέποντες
3422 5761 3504 5823 είς
3519 5759 3609 5812 τὸν
3619 5761 3697 5814 0'5-

2024 5840 2200 5909 ρανὶν,
2222 5841 2432 5904 οὐδενὸς
2449 5842 2745 5911 ἀπέχονται
2764 5846 2829 5913 ῥῆ
2842 5862 3028 5913 ματοςθ
3062 5844 3215 5917 μελε]
3238 5849 3265 5899 6
3290 5847 3343 5899 δὲ
3363 5847 3495 5910 Θεὸς
3516 5848 3699 5920 ἀνέχευ
