4034 6408
395 369 499 423 εδδ

390 500 501 541 ται.
544 480 636 535 καὶ
678 480 945 551 τοσαύτην
983 480 1119 551 ἔχων
1162 480 1383 549 δύναμιν
1426 480 1521 534 τοῦ
1562 483 1855 555 λαμϐάνειν
1896 485 2049 556 δίκην

392 568 538 641 παρά
564 567 671 622 τῶν
696 567 1051 630 ἀσεϐούντων,
1078 568 1135 620 οὐ
1160 566 1463 637 λαμϐάνει⁸
1488 585 1503 635 ;
1540 570 1602 623 El
1621 569 1676 623 δέ
1706 572 1910 634 πάντας
1930 575 2053 635 τοὺς

388 657 799 728 ἁμαρτάνοντας
831 654 1082 732 ἐκόλαζεν
1104 656 1132 707 ὀ
1170 653 1321 717 Θεὸς,
1359 656 1564 727 σφόδρα
1593 656 1659 711 ἂν
1692 657 1871 725 ὀλίγον
1897 654 1965 729 ἦν
1994 660 2054 713 τὸ

390 742 712 812 σωζόμενον,
746 742 839 795 καὶ
879 740 1081 795 οὐδ’·ἂν
1130 740 1391 811 ἐξήρκουν
1436 744 1487 794 οί
1539 743 1737 808 ζῶντες
1777 745 1915 815 πρὸς
1955 745 2053 808 τὰς

386 827 582 893 ταφάς.
615 825 713 879 Διά
738 825 890 877 τοῦτό
917 840 1082 897 φησιν
1111 826 1139 875 6
1166 825 1328 877 Δαυίδ
1363 840 1376 853 ·
1423 826 1563 879 Ἐὰν
1590 826 1840 894 ἀνομίας
1865 842 2052 896 παρα-

385 912 676 993 τηρλξσῃς,
706 914 901 980 Κύριε,
930 910 1125 981 Κύριε,
1160 912 1250 977 τίς
1285 911 1733 981 ὐποστήσεται;
1770 914 1858 967 ὅτι
1891 916 2051 981 παρὰ

385 1000 480 1053 σοι
504 1002 537 1053 ό
560 1002 814 1067 ίλασμ-’ς
839 998 989 1052 ἐστι.
1021 998 1133 1051 Νῦν
1153 998 1207 1051 δὲ
1239 998 1331 1051 καὶ
1363 1000 1421 1052 ἐν
1449 998 1598 1070 αὐτῷ
1620 1001 1794 1072 τούτῳ
1819 1002 2049 1055 δεικνύει

383 1086 480 1156 τὴν
531 1084 722 1137 ἐαυτοῦ
775 1085 1178 1156 φιλανθρωπίαν
1228 1087 1257 1137 6
1312 1084 1465 1150 Θεὸς,
1509 1085 1586 1156 τῷ
1641 1086 1777 1156 μηδὲ
1827 1087 2049 1153 δικαίως

382 1172 648 1239 κολάζειν.
704 1172 890 1236 Ὅστις
937 1169 1027 1226 οὖν
1070 1172 1298 1225 ἐοικέναι
1334 1172 1580 1242 βούλεται
1620 1172 1698 1243 τῷ
1731 1172 1870 1244 Θεῷ,
1908 1176 2047 1228 κατά

379 1260 602 1331 δύναμιν
623 1260 965 1331 ἀνθρωπίνην
991 1262 1161 1330 πρᾶος
1184 1259 1323 1313 ἔστω
1345 1260 1440 1313 καὶ
1462 1262 1688 1331 ἥμερος,
1721 1261 1815 1313 καὶ
1836 1262 2049 1333 φερέτω

378 1348 637 1412 γενναίως
663 1388 677 1409 .
732 1348 859 1401 ὅταν
916 1364 967 1399 τι
1030 1346 1210 1417 πάσχῃ
1266 1344 1415 1416 παρὰ
1468 1346 1575 1399 τῶν
1626 1346 1801 1399 ἀλλων
1855 1348 2041 1402 δεινόν.

400 1436 708 1506 Ἀταπᾶτε,
747 1436 896 1507 φησὶ,
934 1434 1074 1499 τοὺς
1103 1434 1351 1503 ἐχθροὺς
1378 1433 1563 1503 ὑμῶν,
1596 1433 1795 1501 καλῶς
1830 1437 2047 1493 ποιεῖτε

375 1523 498 1589 τοῖς
524 1522 814 1590 μισοῦσιν
836 1520 1008 1591 ὑμᾶς,
1035 1522 1446 1590 προσεύχεσθε
1474 1521 1625 1589 ὑπὲρ
1656 1521 1772 1576 τῶν
1795 1523 2047 1590 ἐπηρεα-

375 1610 591 1671 ζόντων
632 1609 786 1678 ὑμᾶς
833 1608 926 1662 καί
972 1608 1308 1661 διωκόντων
1346 1606 1535 1677 ὑμᾶς,
1587 1607 1746 1675 ὅπως
1789 1610 2045 1677 γένησθε

374 1696 559 1765 ὅμοιοι
580 1696 683 1750 τοῦ
708 1697 936 1765 Πατρός
958 1693 1122 1760 ὑμῶν
1140 1694 1245 1748 τοῦ
1268 1696 1330 1748 ὲν
1360 1694 1483 1761 τοῖς
1509 1695 1805 1762 οὐρανοῖς,
1832 1695 1919 1748 ὅτι
1940 1697 2046 1749 τὸν

380 1783 557 1849 ἣλιον
584 1783 770 1838 αὐτοῦ
801 1782 1116 1838 ἀνατέλλει
1149 1782 1247 1835 ἐπὶ
1282 1774 1588 1853 ’πονηροὺς
1632 1784 1731 1837 καὶ
1763 1784 2041 1853 ἀγαθοὺς,

384 1869 481 1924 καί
508 1870 716 1941 ,βρέχει
741 1871 836 1924 ἐπὶ
864 1870 1131 1935 δικαίους
1154 1872 1250 1923 καὶ
1279 1870 1544 1937 ἀδίκους.

442 1957 642 2010 Πολλαὶ
697 1957 796 2029 μὲν
848 1954 939 2011 οῦν
991 1960 1126 2011 είσιν
1168 1958 1356 2027 ἀρεταὶ
1412 1958 1756 2028 Χριστιανοῖς
1815 1960 2041 2030 ἀνδράσι

378 2043 702 2113 πρέπουσαι,
740 2043 938 2114 μείζων
970 2044 1026 2097 δὲ
1055 2044 1280 2097 ἀπασῶν
1307 2046 1339 2114 ἡ
1373 2045 1649 2115 πραότης·
1682 2046 1809 2110 τοὺς
1844 2046 1953 2117 γὰρ
1983 2050 2040 2100 ἐν

374 2133 545 2203 ταύτῃ
572 2131 969 2201 διαλάμποντας
997 2131 1188 2201 μόνους
1212 2130 1306 2184 τοῦ
1336 2130 1469 2184 Θεοῦ
1497 2131 1739 2203 ζηλωτάς
1759 2135 1788 2186 ὀ
1810 2135 2043 2205 Χριστδς

372 2218 646 2287 ὀνομάζει.
698 2208 968 2288 Προσὴκεί
1000 2217 1177 2270 τοίνυν
1222 2218 1403 2287 ἡμᾶς,
1451 2218 1580 2271 ὅταν
1619 2218 1814 2291 ὑϐρίζῃ
1863 2237 1946 2283 τις
2006 2222 2039 2292 ἢ

373 2303 551 2377 τύπτῃ
576 2305 608 2374 ἡ
636 2304 763 2357 ἄλλο
788 2321 839 2357 τι
870 2305 1083 2376 πράττῃ
1103 2303 1291 2369 δεινὸν,
1323 2304 1663 2375 ἡσυχαζούσῃ
1688 2306 1832 2376 ψυχῇ
1861 2307 2039 2360 πάντα

372 2392 636 2457 γενναίως
678 2391 999 2461 ὑπομένειν,
1044 2389 1473 2459 ἐνθυμουμένους
1508 2392 1590 2443 ὅτι
1636 2392 1729 2443 τοῦ
1767 2391 1903 2444 Θεοῦ
1950 2412 2039 2461 μμ

375 2477 551 2549 μητάς
594 2481 627 2547 ἡ
665 2479 902 2549 πραότης
936 2480 1093 2529 ποιεῖ.
1133 2476 1234 2530 Καὶ
1265 2477 1371 2549 γάρ
1401 2478 1561 2540 αὐτὸς
1588 2479 1617 2529 6
1644 2477 1916 2548 Δεσπότης
1945 2479 2038 2532 καὶ

372 2565 561 2637 Σωτὴρ
582 2564 739 2635 ἡμῶν
760 2564 1126 2636 ὑϐριζόμενος,
1158 2565 1371 2636 πληγὰς
1394 2564 1704 2634 λαμϐάνων,
1736 2567 2037 2638 προσηλού-

374 2668 574 2723 μενος,
628 2650 1058 2722 σταυρούμενος.
1106 2652 1293 2722 πράως
1347 2652 1545 2721 ἡνεγκε
1603 2652 1702 2723 τὴν
1766 2652 2037 2707 Ἰουδαίων

376 2739 591 2809 μανίαν,
636 2738 729 2791 καὶ
758 2737 1024 2808 τοσαύτην
1058 2736 1195 2807 έχων
1236 2738 1463 2808 δύναμιν
1508 2738 1604 2791 τοῦ
1657 2738 1841 2792 λαϐεῖν
1883 2739 2036 2810 δίκην

374 2825 524 2897 παρά
571 2825 679 2877 τῶν
744 2824 1081 2878 ἀσεϐούντων
1113 2864 1128 2883 ,
1180 2824 1279 2877 οὐκ
1338 2825 1571 2889 ἐλαϐεν,
1614 2825 1749 2879 ἀλλά
1793 2828 1891 2898 τὴν
1939 2827 2037 2897 μὲν

370 2911 593 2982 δύναμιν
627 2911 823 2977 ἔδειξεν
864 2912 921 2963 ὲν
964 2910 1041 2980 τῷ
1074 2911 1363 2981 σεῖσαιτὴν
1396 2913 1499 2983 γῆν
1530 2913 1624 2965 καὶ
1652 2915 1875 2983 νεκροὺς
1906 2913 2038 2966 ἀνα-

370 3001 564 3070 στῆσαι
605 3001 699 3053 καὶ
744 2998 947 3069 κρύψαι
992 2999 1080 3050 τὸν
1136 3000 1285 3068 ἡλιον
1325 3001 1419 3051 καὶ
1463 3000 1635 3053 νύκτα
1679 3000 1776 3071 τὴν
1825 3001 2036 3072 ἡμέραν

369 3086 613 3153 ποιῆσαι,
644 3086 740 3157 τὴν
768 3085 825 3137 δὲ
858 3085 1139 3155 πραότητα
1174 3087 1266 3138 καὶ
1301 3085 1709 3157 φιλανθρωπίαν
1742 3090 1799 3140 ἐν
1823 3087 1901 3158 τῷ
1934 3106 2037 3159 μη-

363 3171 485 3228 δένα
518 3172 628 3226 τῶν
660 3172 1003 3243 ἠσεϐηκότων
1034 3172 1256 3225 κολάσαι
1276 3190 1288 3201 ·
1323 3173 1406 3224 ἵνα
1441 3172 1684 3243 μάθωσιν
1715 3174 1954 3238 ἅπαντες
1983 3176 2035 3228 οί

370 3258 468 3321 τὰς
487 3256 701 3320 ἀσεϐεῖς
726 3260 909 3329 χεῖρας
931 3257 1293 3327 προσάγοντες
1320 3257 1396 3327 τῷ
1425 3258 1688 3330 Δεσπότῃ,
1721 3259 1801 3311 ὄτι
1832 3260 2034 3331 ῥᾳδίως

369 3344 436 3397 ἂν
464 3346 589 3407 τοὺς
641 3344 906 3415 μανέντας
941 3344 1195 3406 ἐκόλαζεν
1224 3344 1253 3395 6
1288 3344 1481 3413 ῥᾳδίως
1528 3344 1672 3397 οῦτω
1712 3346 1897 3408 σείσας
1936 3347 2034 3418 τὴν

367 3435 468 3505 γῆν
499 3435 593 3487 καὶ
624 3433 714 3486 τὸν
742 3434 893 3503 ἡλιον
922 3432 1178 3502 ἐξαίφνης
1207 3433 1383 3501 ἀφανῆ
1414 3432 1663 3498 γενέσθαι
1691 3434 1997 3505 προστάξας
2016 3451 2029 3466 ·

367 3519 463 3573 νῦν
500 3520 557 3574 δέ
590 3519 891 3590 ἐπειδήπερ
919 3519 1065 3570 ἐστὶν
1108 3519 1334 3589 ἥμερος,
1384 3521 1476 3571 καὶ
1528 3520 1716 3589 πράως
1752 3522 1905 3592 φέρει
1937 3522 2037 3593 τὴν

378 3610 575 3680 μανίαν
605 3607 713 3661 τῶν
745 3606 974 3672 ἀσεϐῶν,
1005 3606 1106 3659 οὐκ
1138 3606 1299 3669 αὐτὸς
1328 3605 1487 3675 μόνος
1524 3607 1743 3679 ἡμέρως
1774 3609 2035 3678 ἠνέσχετο

366 3696 474 3748 τῶν
515 3693 908 3766 σταυρούντων,
950 3692 1057 3746 τῶν
1103 3692 1585 3761 βλασφημούντων,
1625 3694 1759 3747 ἀλλά
1805 3695 1896 3747 καὶ
1940 3695 2035 3750 τὸν

368 3782 586 3852 Πατέρα
614 3780 931 3849 παρεκάλει,
963 3778 1038 3850 μὴ
1066 3780 1367 3849 χρήσασθαι
1391 3780 1532 3833 κατά
1560 3781 1666 3833 τῶν
1688 3782 1899 3836 ἀσεϐῶν
1920 3787 2033 3848 τοῖς

366 3865 633 3936 οὐρανίοις
668 3864 892 3934 βέλεσιν.
932 3864 1099 3917 Ὅταν
1132 3858 1223 3916 οῦν
1275 3880 1354 3916 σοι
1409 3864 1669 3933 πάσχοντι
1719 3865 1890 3919 δεινὸν
1938 3868 2033 3921 καὶ

366 3952 632 4022 ἀφόρητόν
667 3970 719 4005 τι
750 3951 889 4023 ὀργὴ
924 3954 1173 4022 παραστῇ
1198 3952 1292 4004 καὶ
1321 3950 1511 4021 θυμὸς.
1537 3953 1910 4024 ἀναμνήσθητι
1935 3955 2033 4025 τῆς

367 4041 458 4093 τοῦ
507 4040 742 4112 Χριστοῦ
788 4041 1090 4111 πραότητος
1115 4079 1130 4101 ,
1184 4040 1275 4092 καὶ
1326 4040 1535 4108 ταχέως
1579 4040 1787 4113 ἥμερος
1814 4042 1911 4113 ἐσῃ
1940 4044 2034 4096 καὶ

367 4131 559 4199 πρᾶος,
585 4130 685 4182 οὐκ
723 4128 884 4193 αὐτὸς
908 4128 1068 4198 μόνος
1098 4130 1161 4180 ἐκ
1186 4127 1289 4197 τῆς
1325 4126 1663 4198 ἡμερότητος
1694 4127 1763 4181 τά
1801 4129 2034 4198 μέγιστα

367 4217 686 4289 κερδαίνων,
721 4216 855 4270 ἀλλά
893 4218 983 4269 καὶ
1029 4216 1120 4271 τὸν
1162 4215 1353 4287 ἐχθρὸν
1399 4214 1625 4283 ὠφελῶν
1673 4217 1766 4269 καὶ
1800 4219 2032 4287 χρηστὸν

366 4300 503 4359 εἶναι
569 4303 858 4359 παιδεύων.
925 4305 1094 4357 Ὅταν
1143 4304 1250 4374 γάρ
1318 4304 1405 4377 ῖδῃ
1459 4304 1522 4356 σέ
1570 4304 1659 4357 τὸν
1705 4305 1773 4357 τά
1833 4305 2035 4374 ἔσχατα

366 4393 643 4463 πάσχοντα
685 4391 895 4463 πράως,
946 4390 1045 4461 τῆς
1090 4391 1258 4461 ὀργῆς
1291 4392 1635 4460 ἀνεχόμενον,
1682 4393 1890 4463 ταχέως
1939 4395 2034 4447 καὶ⁵

362 4480 524 4543 αὐτὸς
554 4478 803 4549 ἐπιεικὴς
833 4476 982 4532 ἐσται
1008 4477 1101 4532 κα)⁸
1126 4479 1379 4548 χρηστὸς,
1416 4479 1511 4531 κα)⁸
1540 4478 1631 4531 τδν
1665 4478 1833 4549 θυμὸν
1859 4482 2031 4551 ἀττορ-

368 4570 553 4641 ρίψας,
578 4566 823 4640 ζηλωτὴς
856 4566 1187 4637 ἐπιθυμήσει
1216 4564 1470 4635 γενέσθαι
1493 4566 1593 4634 τῆς
1623 4568 1721 4637 σῆς
1759 4570 2029 4649 ἡμερότη·

364 4673 473 4720 τος.
506 4657 694 4719 Ὅστις
717 4650 813 4709 οῦν
836 4653 1005 4709 ἐθέλοι
1031 4655 1155 4717 τοὺς
1179 4653 1549 4723 θυμουμένους
1574 4656 1747 4725 νικᾷν,
1769 4657 2030 4723 γενναίως

366 4744 578 4817 φερέτω
602 4742 702 4804 τὰς
733 4740 924 4813 ὕϐρεις
958 4742 1053 4796 καὶ
1088 4742 1186 4805 τάς
1220 4741 1454 4811 πληγὰς,
1488 4742 1583 4795 καὶ
1614 4741 1812 4813 πολλὴν
1840 4743 2028 4813 ὄψεται

368 4828 665 4900 μεταϐολὴν
727 4828 821 4883 τοῦ
870 4829 1171 4899 μεμηνότος
1212 4829 1305 4881 καὶ
1347 4826 1679 4891 τύπτοντοςο
1726 4828 1793 4882 ἀν
1838 4830 1893 4883 δὲ
1937 4832 2031 4884 καὶ

365 4918 525 4979 αὐτὸς
568 4916 673 4969 ὑπὸ
716 4915 814 4985 τῆς
854 4915 1022 4985 ὀργῆς
1066 4914 1338 4984 ἡττηθεὶς,
1384 4916 1496 4976 τοῖς
1545 4915 1681 4977 ῖσοις
1725 4914 2029 4985 ἀμύνασθαι

367 5004 641 5075 σπουδάζῃ
665 5002 759 5055 τὸν
790 5000 1004 5073 ἐχθρὸν,
1033 5001 1288 5054 οὐδέποτε
1322 5000 1496 5071 πέρας
1527 4999 1678 5053 ἔσται
1719 5001 1821 5071 τῆς
1862 5002 2031 5073 ὀργῆς

366 5092 457 5142 καὶ
479 5091 578 5159 τῆς
615 5089 811 5160 μάχης,
861 5087 975 5139 ἀλλ’
1004 5088 1094 5139 ἀεὶ
1128 5086 1425 5157 μεμηνότες
1459 5086 1551 5139 καὶ
1581 5088 1735 5157 νικᾷν
1769 5087 2030 5158 ἀλλήλους

366 5176 757 5246 ἐπιθυμοῦντες
799 5178 919 5239 ταῖς
980 5174 1267 5244 λοιδορίαις
1318 5173 1409 5226 καὶ
1472 5176 1591 5237 ταῖς
1639 5175 1904 5245 πληγαῖς,
1952 5179 2029 5239 είς

366 5266 666 5335 ἀπέραντον
705 5264 934 5334 πόλεμον
962 5262 1055 5315 καὶ
1082 5262 1259 5331 μάχην
1286 5260 1623 5332 ἐκφέρονται,
1656 5261 2025 5317 ἐπιϐουλεύον-

366 5370 453 5415 τες
512 5350 803 5421 ἀλλήλοις,
867 5350 1223 5417 συκοφαντίας
1297 5349 1665 5412 ἀνάπτοντες,
1752 5351 2029 5422 ἐπιορκεῖν

366 5439 688 5510 τολμῶντες.
716 5436 753 5492 ἀ
785 5438 918 5508 μήτε
947 5438 1221 5507 ἑωράκασι
1250 5436 1387 5507 μὴτε
1416 5436 1682 5507 ἀκηκόασι
1704 5442 2029 5510 κατηγορεῖν

371 5528 718 5599 μελετῶντες,
758 5528 815 5578 ἐν
846 5526 1027 5597 ἡμέρᾳ
1063 5526 1158 5596 μὲν
1186 5525 1374 5597 ὥσπερ
1402 5524 1561 5587 κύνες
1592 5525 1907 5589 λυττῶντες,
1937 5528 2029 5579 καὶ

368 5616 654 5687 ζητοῦντες
678 5614 770 5667 τὸν
795 5613 1009 5685 ἐχθρὸν,
1044 5614 1141 5683 τῆς
1176 5614 1231 5666 δέ
1260 5612 1453 5675 νυκτὸς
1481 5613 1541 5665 τὸ
1570 5611 1815 5665 πλεῖστον
1849 5613 2029 5665 ἀναλί-

369 5706 587 5767 σκοντες
626 5705 683 5755 ἐν
718 5702 795 5773 τῷ
824 5698 1169 5772 βουλεύεσθαί
1199 5718 1250 5753 τι
1294 5701 1462 5753 κακὸν
1506 5702 1600 5754 καὶ
1638 5700 1863 5771 ῥάπτειν
1906 5702 2025 5754 ἐπι-

433 5817 458 5842 ⁸
478 5814 559 5864 διε
578 5810 725 5863 Savil.
753 5810 1033 5875 Legebatur
1059 5810 1115 5859 οὐ
1138 5810 1325 5859 ωναται
1348 5809 1615 5873 λαμϐάνειν.

1170 364 1227 422 S.
1262 365 1548 424 JOANNIS
1585 366 2037 425 CHRYSOSTOM

2137 371 2428 429 leClllEP.
2471 373 3015 431 CONSTANTINOP.

3722 377 3797 434 ἶῗί
3805 376 3835 433 ἱ

2156 487 2349 552 ϐουλάς
2378 489 2525 563 [5‘26]
2542 491 2664 555 Τοῖς
2678 492 2932 556 τοιούτοις
2949 490 3067 544 οὐδὲ
3088 491 3250 556 ῦπνος
3266 492 3556 564 καθαρεύει
3570 494 3835 566 παθημά-

2155 594 2277 638 των,
2329 577 2464 631 ἀλλὰ
2507 580 2599 632 τὸν
2642 579 2833 649 ἐχθρὸν
2884 581 3138 651 παρεῖναι
3188 582 3281 634 καὶ
3330 581 3686 653 λοιδορεῖσθαι
3736 585 3833 636 καὶ

2150 665 2375 719 τύπτειν
2402 666 2732 737 νομίζοντες,
2758 669 2822 721 ἐκ
2850 668 2958 721 τῶν
2984 668 3164 722 ὕπνων
3194 670 3561 740 ἀναπηδῶσιν,
3592 669 3833 741 ἐρῶντες

2150 753 2247 823 τῆς
2274 752 2516 823 ἀλλήλων
2551 754 2766 824 σφαγῆς
2805 756 2967 809 πλέον
3001 756 3033 826 ἦ
3071 756 3349 829 τραπέζης
3370 773 3385 788 ·
3423 758 3601 830 ἕτεροι
3627 758 3686 811 δὲ
3720 758 3833 812 ὑπὸ

2149 842 2247 908 τῆς
2297 840 2465 912 ὀργῆς
2512 840 2835 911 μεθύοντες,
2887 845 3229 913 συκοφάντας
3287 844 3677 916 μισθούμενοι,
3730 848 3831 899 καὶ

2151 928 2449 999 πράγματα
2479 928 2732 1000 ἀμύθητα
2763 931 3092 1002 παρέχοντες
3122 932 3390 1001 ἀλλήλοις,
3416 934 3525 1003 ὅσῳ
3556 933 3623 987 ἂν
3656 932 3832 987 πλείω

2152 1017 2298 1069 κακά
2325 1016 2677 1088 παράσχωσιν
2706 1017 2974 1090 ἀλλήλοις,
3014 1020 3253 1091 τοσούτῳ
3280 1021 3480 1091 μᾶλλον
3506 1022 3587 1085 είς
3624 1024 3829 1092 μανίαν

2152 1103 2536 1175 ἐρεθιζόμενοι.
2567 1105 2746 1177 Ὅπερ
2774 1106 2881 1176 γάρ
2913 1123 3045 1175 φασι
3075 1109 3201 1171 τοὺς
3238 1108 3535 1179 μεθύοντας
3566 1110 3823 1181 πάσχειν,

2139 1190 2257 1245 ’ὐπὸ
2298 1190 2399 1260 τῆς
2440 1191 2712 1261 ἀπλήστου
2763 1193 2933 1264 μέθης
2966 1197 3045 1258 είς
3092 1195 3479 1267 χαλεπωτέραν
3518 1197 3680 1267 δίψαν
3726 1199 3826 1251 ἐκ·

2150 1280 2431 1350 φέρεσθαι,
2485 1281 2642 1334 τοῦτο
2682 1282 2979 1351 πάσχουσιν
3023 1284 3071 1336 οί
3116 1282 3457 1349 δουλεύοντες
3505 1280 3667 1356 ὀργῇ,
3718 1286 3829 1339 ὑπὸ

2146 1368 2245 1438 τῆς
2292 1368 2533 1440 ἀμέτρου
2569 1368 2901 1437 φιλονεικίας
2943 1371 3024 1432 είς
3071 1370 3244 1439 μείζω
3290 1372 3383 1425 καὶ
3429 1371 3825 1445 χαλεπωτέραν

2147 1456 2501 1526 ἐκφερόμενοι
2546 1456 2741 1527 μανίαν
2766 1470 2779 1484 ·
2815 1459 2842 1509 6
2876 1457 2974 1526 μέν
3005 1456 3189 1510 δοῦλον
3229 1458 3507 1521 ἐκάλεσεν,
3540 1462 3569 1513 ό
3596 1461 3652 1513 δὲ
3683 1462 3825 1533 πόρ-

2147 1558 2243 1613 νης
2272 1542 2407 1607 υἱὸν,
2438 1544 2467 1596 6
2491 1544 2592 1612 μὲν
2620 1542 2866 1612 ἀνόητον,
2893 1543 2921 1595 6
2945 1543 3002 1596 δέ
3025 1545 3365 1614 μαινόμενον,
3393 1548 3420 1598 ὁ
3450 1546 3547 1616 μὲν
3577 1547 3824 1617 κλέπτην

2147 1630 2241 1683 καὶ
2272 1630 2477 1695 ἄδικον,
2514 1631 2542 1683 6
2570 1629 2627 1682 δὲ
2656 1630 2835 1699 πάσης
2878 1632 3144 1703 πονηρίας
3173 1633 3498 1703 ἀνάμεστον.
3545 1630 3679 1688 Εἶτα
3713 1635 3822 1688 ὐπὸ

2144 1718 2245 1787 τῆς
2274 1718 2442 1787 ὀργῆς
2478 1716 2791 1788 μεθύοντες,
2841 1718 3256 1788 συμπλακέντες
3298 1719 3568 1790 ἀλλήλοις,
3613 1722 3822 1794 μικροῦ

2144 1804 2253 1861 δεῖν
2294 1806 2362 1859 τά
2405 1804 2571 1878 θηρία
2614 1804 2925 1876 μιμοῦνται.
2959 1805 3275 1871 τύπτοντες,
3316 1802 3684 1873 λακτίζοντες,
3722 1808 3823 1862 δά-
3898 1830 3905 1837 ·

2144 1912 2384 1960 κνοντες,
2411 1896 2845 1958 κατακόπτοντες
2887 1894 2955 1948 τὰ
2988 1894 3237 1967 σώματα,
3266 1896 3481 1959 οὐδενὸς
3509 1896 3819 1967 φειδόμενοι

2147 1981 2363 2052 μέρους,
2388 1982 2487 2035 οὐκ
2518 1981 2831 2052 ὀφθαλμῶν,
2876 1983 2975 2035 οὐκ
3014 1980 3188 2049 ὢτων,
3220 1983 3278 2037 οὐ
3310 1982 3474 2055 ῥινὸς,
3502 1984 3563 2037 οὐ
3606 1983 3820 2049 προσώ-

2145 2086 2268 2133 που,
2296 2070 2397 2123 οὐκ
2416 2069 2574 2124 ἄλλου
2601 2071 2793 2141 μέλους
2820 2071 2987 2136 τινὸς,
3018 2072 3154 2125 ἀλλά
3174 2070 3536 2143 συρραγέντες
3562 2071 3822 2146 ἀλλήλοις

2142 2158 2234 2211 καὶ
2261 2154 2667 2227 κατακόψαντες
2699 2159 2944 2223 ἑαυτοὺς,
2969 2159 3062 2212 καὶ
3086 2159 3139 2211 τί
3175 2158 3344 2213 κακὸν
3368 2158 3428 2212 οὐ
3453 2160 3816 2229 ποιήσαντεςς

2140 2236 2509 2316 ἀναχωροῦσιν
2532 2248 2594 2298 ἐκ
2622 2245 2720 2313 τῆς
2743 2246 2941 2317 μάχης,
2968 2247 3018 2299 οί
3041 2247 3138 2316 μέν
3159 2245 3433 2317 ὀφθαλμὸν
3463 2246 3815 2310 ἐκκοπέντες,

2140 2333 2189 2385 οἱ
2209 2332 2265 2385 δέ
2287 2332 2460 2404 χείλη,
2490 2334 2539 2385 οί
2568 2333 2625 2385 δέ
2646 2332 2773 2386 ἀλλο
2797 2350 2849 2386 τι
2879 2333 2971 2386 τοῦ
3006 2334 3255 2404 σώματος
3292 2334 3493 2405 μέρος·
3530 2334 3696 2387 πλέον
3715 2336 3818 2404 τὴν

2137 2419 2314 2491 ψυχὴν
2346 2419 2379 2490 ἢ
2408 2418 2469 2473 τδ
2502 2419 2659 2491 σῶμα
2704 2419 3109 2492 διεφθαρμένοι,
3158 2422 3478 2491 μεμηνότες,
3520 2439 3818 2493 παραφρο-

2138 2508 2370 2573 νοῦντες,
2406 2507 2725 2572 λυττῶντες,
2760 2508 3078 2577 ἀγνοοῦντες
3110 2509 3203 2563 τὸν
3230 2508 3393 2580 νόμον
3424 2509 3516 2563 τοῦ
3548 2510 3682 2563 Θεοῦ
3717 2510 3819 2564 καὶ

2138 2596 2411 2667 Σωτῆρος.
2459 2595 2551 2649 τὸν
2579 2595 2865 2651 κελεύοντα
2898 2596 3291 2669 ῥαπιζομένους
3322 2598 3416 2651 καὶ
3440 2596 3818 2669 τυπτομένους

2138 2684 2232 2735 καὶ
2270 2684 2336 2737 τά
2357 2682 2491 2737 ἀλλα
2520 2682 2849 2755 πάσχοντας,
2872 2678 3217 2756 ἡσυχαζούσῃ
3243 2686 3308 2755 τῇ
3332 2683 3477 2755 ψυχῇ
3516 2685 3696 2739 πάντα
3716 2685 3819 2751 φέ-

2140 2787 2255 2841 ρειν
2274 2771 2553 2838 γενναίως,
2576 2772 2669 2825 καὶ
2688 2774 2842 2842 νικᾷν
2862 2773 2928 2843 τῇ
2952 2772 3217 2843 πραότητι
3240 2772 3334 2826 τὸν
3351 2771 3458 2825 τῶν
3480 2771 3815 2826 ἀδικούντων

2137 2858 2323 2928 θυμόν.
2356 2860 2412 2912 ’0
2435 2859 2543 2929 γὰρ
2562 2858 2719 2912 τοῦτο
2739 2860 2904 2912 ποιῶν
2927 2862 3227 2914 ἐπαινεῖται
3252 2860 3348 2930 μὲν
3370 2860 3462 2913 ὑπ’
3483 2858 3810 2931 ἀνθρώπων,

2139 2945 2492 3013 στεφανοῦται
2516 2946 2572 2999 δὲ
2597 2946 2701 2999 ὑπὸ
2722 2946 2856 2999 Θεοῦ
2881 2948 2974 3000 καὶ
3005 2947 3279 3018 Σωτῆρος.
3308 2946 3504 3017 Διόπερ
3529 2946 3636 3017 χρὴ
3673 2964 3815 3017 καρ-

2136 3036 2331 3104 τερεῖν,
2369 3034 2462 3087 καὶ
2484 3034 2593 3087 τῶν
2614 3034 2981 3105 ὀργιζομένων
3004 3033 3223 3103 ἡμέρως
3245 3032 3552 3102 ἀνέχεσθαι,
3585 3032 3814 3102 βλέπον-

2134 3140 2233 3185 τας
2257 3123 2395 3194 πρὸς
2416 3123 2505 3176 τὸν
2529 3123 2807 3191 στέφανον,
2828 3122 2886 3175 ὀν
2907 3123 2935 3174 6
2957 3122 3089 3184 Θεὸς
3112 3120 3385 3191 ἐτοιμάζει
3408 3124 3519 3185 τοῖς
3540 3120 3813 3175 ἐπιεικέσι

2136 3212 2230 3263 καὶ
2268 3212 2539 3280 χρηστοῖς.
2566 3210 2801 3263 ’Ἄτοπον
2835 3210 2942 3279 γάρ
2972 3209 3100 3271 τοὺς
3128 3209 3225 3278 μέν
3260 3208 3541 3280 γυμνικῶν
3580 3209 3814 3277 ἀγώνων

2134 3297 2373 3367 ἀθλητὰς
2402 3299 2494 3351 καὶ
2530 3297 2807 3368 κονιορτοῦ
2842 3297 2932 3349 καὶ
2964 3297 3186 3367 πληγῶν
3222 3298 3313 3349 καὶ
3353 3297 3681 3368 τραυμάτων
3709 3298 3810 3351 ἀν-

2134 3382 2374 3455 έχεσθαι,
2412 3384 2549 3455 πρὸς
2589 3384 2745 3450 δόξαν
2789 3383 2949 3455 κενὴν
2979 3385 3073 3437 καὶ
3114 3386 3378 3450 στέφανον
3407 3384 3622 3448 οὐδενὸς
3658 3383 3811 3450 ἀξιον

2137 3472 2427 3541 βλέποντας
2447 3489 2460 3502 ο
2486 3474 2632 3542 ἡμᾶς
2651 3472 2705 3524 δὲ
2729 3474 2852 3535 τοὺς
2872 3471 2975 3525 ὑπὸ
2998 3471 3231 3544 Χριστοῦ
3257 3472 3651 3543 στεφανοῦσθαι
3676 3474 3811 3544 μέλ-

2138 3558 2326 3623 λοντας
2352 3559 2423 3630 μὴ
2458 3563 2675 3631 κρατεῖν
2698 3562 2884 3633 ὀργῆς,
2930 3560 3064 3631 μηδέ
3092 3560 3267 3615 πάντα
3303 3562 3488 3631 φέρειν
3519 3562 3811 3630 γενναίως,

2134 3650 2269 3704 ἀλλά
2307 3650 2563 3721 βραχεῖαν
2602 3650 2796 3722 ἡδονὴν
2828 3650 2922 3703 καὶ
2948 3650 3118 3719 θυμὸν
3149 3650 3331 3705 άδικον
3349 3651 3449 3719 τῆς
3470 3652 3529 3704 ἐν
3554 3652 3811 3715 οὐρανοῖς

2135 3739 2403 3810 προτιμᾷν
2442 3738 2607 3809 τιμῆς
2643 3754 2703 3791 τε
2748 3738 2851 3790 καὶ
2879 3736 3142 3802 εὐδοξίας.
3188 3737 3297 3790 Καὶ
3340 3738 3446 3808 μὴν
3490 3738 3717 3792 κάκεῖνό
3742 3752 3810 3805 γε

2134 3828 2311 3900 ῖσμεν,
2334 3829 2413 3882 ὅτι
2439 3826 2652 3881 πολλῶν
2680 3828 2847 3881 όντων
2869 3828 2963 3881 καὶ
3002 3828 3272 3898 μεγάλων,
3296 3822 3379 3891 οἷς
3401 3830 3429 3881 6
3449 3828 3557 3884 τῶν
3579 3826 3810 3882 δικαίων

2132 3916 2471 3986 κεκόσμηται
2517 3914 2647 3985 βίος,
2688 3914 2845 3968 τοῦτο
2874 3915 2979 3987 πρὸ
3010 3914 3119 3969 τῶν
3161 3914 3333 3970 ἀλλων
3382 3914 3672 3985 λαμπροὺς
3709 3932 3808 3968 πε-

2132 4002 2327 4071 ποίηκε
2345 4003 2468 4067 τοὺς
2486 4002 2705 4071 ἄνδρας,
2731 4001 2790 4054 τὺ
2810 4002 3136 4072 χρηστότητι
3162 4001 3327 4073 συζῇν
3351 4003 3444 4055 καὶ
3466 4005 3577 4065 τοῖς
3596 4000 3813 4055 ἀδικοῦ-

2134 4106 2217 4144 σιν
2242 4090 2465 4161 ἡμέρως
2496 4090 2918 4165 προσφέρεσθαι.
2970 4090 3156 4161 Τούτῳ
3186 4089 3285 4160 μὲν
3329 4089 3437 4159 γάρ
3484 4091 3513 4143 6
3560 4090 3811 4160 Μωῦσῆς

2132 4178 2323 4249 πράως
2350 4179 2675 4250 ἀνεχόμενος
2716 4178 2814 4247 τῆς
2845 4176 2953 4231 τῶν
2994 4176 3258 4233 Ἰουδαίων
3302 4176 3520 4247 μανίας,
3562 4178 3658 4231 καὶ
3688 4181 3810 4243 ταῖς

2131 4266 2318 4335 εὐχαῖς
2340 4266 2463 4328 τοὺς
2496 4265 2720 4337 ἐχθροὺς
2751 4263 3049 4329 διασώζων,
3078 4264 3177 4334 τῆς
3206 4266 3263 4317 ἐν
3285 4264 3530 4335 οὐρανοῖς
3554 4266 3723 4335 τιμῆς
3745 4283 3808 4320 τε

2132 4354 2227 4406 καὶ
2251 4354 2493 4421 εὐδοξίας
2520 4354 2626 4426 πρὸ
2672 4353 2781 4409 τῶν
2825 4354 2998 4408 ἀλλων
3037 4354 3371 4425 ἀπὴλαυσεν,
3415 4355 3510 4407 καὶ
3539 4353 3635 4408 τοῦ
3666 4354 3808 4409 Θεοῦ

2132 4442 2284 4510 φίλος
2312 4442 2515 4513 ἐκλήθη
2538 4460 2551 4473 ο
2593 4442 2765 4514 τούτῳ
2794 4442 2852 4497 δέ
2892 4444 2921 4496 6
2948 4443 3109 4496 Δαυὶδ
3140 4442 3246 4496 τῶν
3279 4442 3489 4514 ἐχθρῶν
3520 4443 3615 4497 καὶ
3644 4443 3807 4496 πολε-

2135 4530 2271 4599 μίων
2318 4530 2666 4601 φεισάμενος,
2713 4532 2789 4593 είς
2836 4529 3037 4603 πολλὴν
3081 4529 3292 4583 εὔνοιαν
3339 4530 3434 4583 καὶ
3483 4529 3666 4599 φιλίαν
3710 4530 3808 4583 τὸν

2131 4615 2263 4671 Θεὸν
2291 4616 2655 4671 ἐπεσπάσατο.
2681 4617 2932 4670 ’Δπαντα
2966 4617 3063 4687 μέν
3090 4619 3198 4688 γὰρ
3223 4615 3507 4688 ἄνθρωπον
3532 4615 3692 4670 τοῦτο
3722 4635 3807 4671 κο-

2134 4702 2290 4769 σμεῖν
2345 4700 2605 4768 δύναται,
2658 4701 3019 4771 διαφερόντως
3068 4700 3125 4753 δέ
3176 4700 3303 4764 τοὺς
3364 4701 3423 4752 ἐν
3467 4703 3587 4763 ταῖς
3646 4701 3805 4767 ἐξου-

2134 4786 2297 4850 σίαις.
2334 4787 2407 4839 T6
2443 4786 2582 4857 γὰρ,
2626 4788 2804 4841 πάντα
2838 4789 3012 4841 ποιεῖν
3057 4788 3456 4858 ἐπιτρεπούσης
3491 4788 3589 4856 τῆς
3643 4787 3805 4858 βασι-

2130 4873 2295 4939 λείας,
2328 4874 2576 4944 κατέχειν
2601 4874 2808 4938 ἐαυτὸν,
2848 4876 2941 4928 καὶ
2965 4875 3055 4927 τὸν
3084 4874 3179 4928 τοῦ
3204 4874 3337 4927 Θεοῦ
3369 4876 3532 4945 νόμον
3557 4875 3808 4945 ἡγεμόνα

2131 4960 2399 5029 ποιεῖσθαι
2427 4961 2534 5014 τῶν
2565 4961 2777 5031 ἔργων,
2822 4963 2965 5032 μέγα
3014 4963 3112 5033 μὲν
3152 4965 3232 5025 είς
3276 4963 3553 5033 εὐφημίαν
3600 4978 3661 5015 τε
3710 4964 3807 5016 καὶ

2133 5045 2290 5113 δόξαν
2308 5047 2365 5102 δ.
2423 5049 2533 5101 Καὶ
2566 5050 2670 5119 μὴν
2696 5049 2793 5101 καὶ
2820 5049 3031 5111 Παῦλος
3061 5048 3153 5102 καὶ
3186 5048 3393 5119 Πέτρος
3421 5050 3520 5119 τῆς
3544 5050 3805 5118 οὐρανίας

2131 5136 2315 5205 ἁψῖδος
2361 5136 2628 5207 ἁψάμενοι
2674 5137 2761 5189 διὰ
2806 5138 2905 5207 τὴν
2953 5138 3187 5209 ἀρετὴν,
3240 5137 3275 5214 ᾗ
3327 5137 3648 5209 συνέζησαν,
3695 5139 3809 5192 ἀπό

2131 5224 2227 5293 τῆς
2252 5224 2584 5296 ἡμερότητος
2597 5225 2810 5293 μᾶλλον
2831 5225 2864 5296 ἡ
2890 5225 2997 5278 τῶν
3026 5224 3200 5280 ἄλλων
3222 5225 3535 5296 ἐξέλαμψαν
3556 5226 3802 5291 ἀγαθῶν,

2128 5312 2253 5374 τοὺς
2277 5311 2645 5383 λοιδοροῦντας
2666 5312 2954 5381 τιμῶντες,
2974 5314 3098 5377 τοὺς
3120 5312 3345 5384 ἐχθροὺς
3390 5309 3448 5366 εὖ
3498 5312 3803 5379 ¹ιιεοιοῦντες,

2129 5395 2281 5470 [427]
2303 5400 2428 5463 τοὺς
2453 5399 2917 5464 καταλιθάσαντας
2952 5401 3209 5464 πολλάκις
3236 5405 3355 5463 ταῖς
3392 5403 3577 5471 εὐχαῖς
3604 5402 3807 5457 διασώ-

2128 5483 2310 5549 ζοντες
2343 5502 2357 5516 ο
2408 5486 2625 5556 ᾔδεισαν
2673 5488 2782 5557 γὰρ
2820 5488 2979 5543 τοῦτο
3022 5490 3253 5559 μάλιστα
3289 5490 3686 5560 κεχαρισμένον
3726 5491 3803 5563 τῷ

2128 5572 2246 5643 Θεῷ
2275 5574 2573 5637 ποιοῦντες,
2611 5575 2707 5628 καὶ⁸
2734 5576 2841 5647 πρὸ
2863 5576 2970 5629 τῶν
2998 5576 3173 5631 ἄλλων
3198 5576 3419 5645 ἀγαθῶν
3461 5580 3515 5630 ἐν
3550 5579 3803 5649 οὐρανοῖς

2130 5660 2557 5731 θαυμαζόμενον.
2590 5664 2668 5715 Δι’
2691 5664 2827 5734 ὅπερ
2848 5666 3001 5717 αὐτοί
3030 5683 3092 5735 γε
3117 5666 3208 5719 τὸν
3238 5664 3444 5722 ἑαυτῶν
3468 5664 3580 5735 βίον
3604 5668 3796 5740 ἡμερό·

2196 5814 2221 5851 δ
2252 5810 2457 5860 Videtur
2481 5811 2665 5877 aliquid
2693 5812 2890 5863 deesse.
