  <div class='ocr_page' id='page_1' title='image "/cluster/home/n/w/nwhite01/storage/ocr_20150623/63/ien.35556001660919/450.png"; bbox 0 0 4034 6444; ppageno 0'>
   <div class='ocr_carea' id='block_1_1' title="bbox 250 351 363 409">
    <p class='ocr_par' dir='ltr' id='par_1_1' title="bbox 250 351 363 409">
     <span class='ocr_line' id='line_1_1' title="bbox 250 351 363 409; baseline 0 -10"><span class='ocrx_word' id='word_1_1' title='bbox 250 351 363 409; x_wconf 56' lang='grc' dir='ltr'><strong>εὖ</strong></span> 
     </span>
    </p>
   </div>
   <div class='ocr_carea' id='block_1_2' title="bbox 255 441 1849 528">
    <p class='ocr_par' dir='ltr' id='par_1_2' title="bbox 255 441 1849 528">
     <span class='ocr_line' id='line_1_2' title="bbox 255 441 1849 528; baseline -0.021 -1"><span class='ocrx_word' id='word_1_2' title='bbox 255 471 429 527; x_wconf 77' lang='lat' dir='ltr'><strong>Deum</strong></span> <span class='ocrx_word' id='word_1_3' title='bbox 457 467 753 521; x_wconf 71' lang='lat' dir='ltr'><strong>imitentur.</strong></span> <span class='ocrx_word' id='word_1_4' title='bbox 784 461 903 516; x_wconf 69' lang='lat' dir='ltr'><strong>iam</strong></span> <span class='ocrx_word' id='word_1_5' title='bbox 931 469 1176 528; x_wconf 77' lang='lat' dir='ltr'><strong>quaenam</strong></span> <span class='ocrx_word' id='word_1_6' title='bbox 1203 460 1326 508; x_wconf 88' lang='lat' dir='ltr'><strong>sunt</strong></span> <span class='ocrx_word' id='word_1_7' title='bbox 1357 449 1446 505; x_wconf 88' lang='lat' dir='ltr'><strong>illa</strong></span> <span class='ocrx_word' id='word_1_8' title='bbox 1482 461 1601 517; x_wconf 71' lang='lat' dir='ltr'><strong>qua:</strong></span> <span class='ocrx_word' id='word_1_9' title='bbox 1628 442 1766 499; x_wconf 81' lang='lat' dir='ltr'><strong>Dei?</strong></span> <span class='ocrx_word' id='word_1_10' title='bbox 1792 441 1849 495; x_wconf 92' lang='lat' dir='ltr'><strong>In</strong></span> 
     </span>
    </p>
   </div>
   <div class='ocr_carea' id='block_1_3' title="bbox 251 534 1845 627">
    <p class='ocr_par' dir='ltr' id='par_1_3' title="bbox 251 534 1845 627">
     <span class='ocr_line' id='line_1_3' title="bbox 251 534 1845 627; baseline -0.02 -9"><span class='ocrx_word' id='word_1_11' title='bbox 251 562 321 617; x_wconf 76' lang='lat' dir='ltr'><strong>iis</strong></span> <span class='ocrx_word' id='word_1_12' title='bbox 348 559 490 614; x_wconf 85' lang='lat' dir='ltr'><strong>enim</strong></span> <span class='ocrx_word' id='word_1_13' title='bbox 518 570 637 627; x_wconf 72' lang='lat' dir='ltr'><strong>quas</strong></span> <span class='ocrx_word' id='word_1_14' title='bbox 660 554 711 608; x_wconf 91' lang='lat' dir='ltr'><strong>in</strong></span> <span class='ocrx_word' id='word_1_15' title='bbox 728 550 980 621; x_wconf 77' lang='lat' dir='ltr'><strong>supernis</strong></span> <span class='ocrx_word' id='word_1_16' title='bbox 997 556 1145 611; x_wconf 91' lang='lat' dir='ltr'><strong>sunt,</strong></span> <span class='ocrx_word' id='word_1_17' title='bbox 1167 543 1347 599; x_wconf 90' lang='lat' dir='ltr'><strong>omnia</strong></span> <span class='ocrx_word' id='word_1_18' title='bbox 1366 539 1579 596; x_wconf 87' lang='lat' dir='ltr'><strong>etvidet</strong></span> <span class='ocrx_word' id='word_1_19' title='bbox 1596 548 1652 592; x_wconf 86' lang='lat' dir='ltr'><strong>et</strong></span> <span class='ocrx_word' id='word_1_20' title='bbox 1667 534 1812 627; x_wconf 83' lang='lat' dir='ltr'><strong>audit</strong></span> <span class='ocrx_word' id='word_1_21' title='bbox 1833 550 1845 587; x_wconf 92' lang='lat'><strong>:</strong></span> 
     </span>
    </p>
   </div>
   <div class='ocr_carea' id='block_1_4' title="bbox 250 625 1850 719">
    <p class='ocr_par' dir='ltr' id='par_1_4' title="bbox 250 625 1850 719">
     <span class='ocr_line' id='line_1_4' title="bbox 250 625 1850 719; baseline -0.018 -13"><span class='ocrx_word' id='word_1_22' title='bbox 250 655 304 706; x_wconf 91' lang='lat' dir='ltr'><strong>in</strong></span> <span class='ocrx_word' id='word_1_23' title='bbox 336 651 402 705; x_wconf 87' lang='lat' dir='ltr'><strong>iis</strong></span> <span class='ocrx_word' id='word_1_24' title='bbox 433 625 561 704; x_wconf 83' lang='lat' dir='ltr'><strong>vero</strong></span> <span class='ocrx_word' id='word_1_25' title='bbox 584 661 705 719; x_wconf 71' lang='lat' dir='ltr'><strong>quae</strong></span> <span class='ocrx_word' id='word_1_26' title='bbox 725 657 886 714; x_wconf 81' lang='lat' dir='ltr'><strong>super</strong></span> <span class='ocrx_word' id='word_1_27' title='bbox 909 650 1107 697; x_wconf 88' lang='lat' dir='ltr'><strong>terram</strong></span> <span class='ocrx_word' id='word_1_28' title='bbox 1130 644 1185 693; x_wconf 92' lang='lat' dir='ltr'><strong>et</strong></span> <span class='ocrx_word' id='word_1_29' title='bbox 1214 636 1369 693; x_wconf 84' lang='lat' dir='ltr'><strong>fiunt.</strong></span> <span class='ocrx_word' id='word_1_30' title='bbox 1395 640 1449 687; x_wconf 92' lang='lat' dir='ltr'><strong>et</strong></span> <span class='ocrx_word' id='word_1_31' title='bbox 1469 628 1743 692; x_wconf 89' lang='lat' dir='ltr'><strong>dicuntur,</strong></span> <span class='ocrx_word' id='word_1_32' title='bbox 1768 625 1850 679; x_wconf 92' lang='lat' dir='ltr'><strong>in-</strong></span> 
     </span>
    </p>
   </div>
   <div class='ocr_carea' id='block_1_5' title="bbox 245 722 1846 815">
    <p class='ocr_par' dir='ltr' id='par_1_5' title="bbox 245 722 1846 815">
     <span class='ocr_line' id='line_1_5' title="bbox 245 722 1846 815; baseline -0.018 -16"><span class='ocrx_word' id='word_1_33' title='bbox 245 743 470 815; x_wconf 78' lang='lat' dir='ltr'><strong>justitia:</strong></span> <span class='ocrx_word' id='word_1_34' title='bbox 519 741 721 797; x_wconf 68' lang='lat' dir='ltr'><strong>multat.</strong></span> <span class='ocrx_word' id='word_1_35' title='bbox 743 737 954 806; x_wconf 80' lang='lat' dir='ltr'><strong>Quippe</strong></span> <span class='ocrx_word' id='word_1_36' title='bbox 980 740 1107 789; x_wconf 91' lang='lat' dir='ltr'><strong>sunt</strong></span> <span class='ocrx_word' id='word_1_37' title='bbox 1148 725 1390 784; x_wconf 86' lang='lat' dir='ltr'><strong>nonnulli</strong></span> <span class='ocrx_word' id='word_1_38' title='bbox 1432 722 1613 815; x_wconf 84' lang='lat' dir='ltr'><strong>quiin</strong></span> <span class='ocrx_word' id='word_1_39' title='bbox 1646 726 1846 815; x_wconf 83' lang='lat' dir='ltr'><strong>tantam</strong></span> 
     </span>
    </p>
   </div>
   <div class='ocr_carea' id='block_1_6' title="bbox 252 809 1847 906">
    <p class='ocr_par' dir='ltr' id='par_1_6' title="bbox 252 809 1847 906">
     <span class='ocr_line' id='line_1_6' title="bbox 252 809 1847 906; baseline -0.017 -16"><span class='ocrx_word' id='word_1_40' title='bbox 252 809 620 906; x_wconf 78' lang='lat' dir='ltr'><strong>pervenerunt</strong></span> <span class='ocrx_word' id='word_1_41' title='bbox 646 831 1003 902; x_wconf 89' lang='lat' dir='ltr'><strong>impietatem,</strong></span> <span class='ocrx_word' id='word_1_42' title='bbox 1024 834 1081 880; x_wconf 93' lang='lat' dir='ltr'><strong>ut</strong></span> <span class='ocrx_word' id='word_1_43' title='bbox 1106 834 1161 879; x_wconf 91' lang='lat' dir='ltr'><strong>et</strong></span> <span class='ocrx_word' id='word_1_44' title='bbox 1187 823 1361 878; x_wconf 77' lang='lat' dir='ltr'><strong>Deum.</strong></span> <span class='ocrx_word' id='word_1_45' title='bbox 1384 814 1777 885; x_wconf 89' lang='lat' dir='ltr'><strong>hlasphement,</strong></span> <span class='ocrx_word' id='word_1_46' title='bbox 1804 809 1847 906; x_wconf 65' lang='lat' dir='ltr'><strong>si</strong></span> 
     </span>
    </p>
   </div>
   <div class='ocr_carea' id='block_1_7' title="bbox 248 901 1847 1007">
    <p class='ocr_par' dir='ltr' id='par_1_7' title="bbox 248 901 1847 1007">
     <span class='ocr_line' id='line_1_7' title="bbox 248 901 1847 1007; baseline -0.019 -21"><span class='ocrx_word' id='word_1_47' title='bbox 248 901 473 1000; x_wconf 76' lang='lat' dir='ltr'><strong>quando</strong></span> <span class='ocrx_word' id='word_1_48' title='bbox 497 928 549 981; x_wconf 90' lang='lat' dir='ltr'><strong>in</strong></span> <span class='ocrx_word' id='word_1_49' title='bbox 578 942 639 982; x_wconf 89' lang='lat' dir='ltr'><strong>re</strong></span> <span class='ocrx_word' id='word_1_50' title='bbox 666 901 845 994; x_wconf 88' lang='lat' dir='ltr'><strong>aliqua</strong></span> <span class='ocrx_word' id='word_1_51' title='bbox 872 920 1279 981; x_wconf 75' lang='lat' dir='ltr'><strong>contristentur,</strong></span> <span class='ocrx_word' id='word_1_52' title='bbox 1304 921 1361 1007; x_wconf 80' lang='lat' dir='ltr'><strong>et</strong></span> <span class='ocrx_word' id='word_1_53' title='bbox 1392 912 1443 965; x_wconf 91' lang='lat' dir='ltr'><strong>in</strong></span> <span class='ocrx_word' id='word_1_54' title='bbox 1466 908 1656 1007; x_wconf 60' lang='lat' dir='ltr'><strong>caelum</strong></span> 
     </span>
    </p>
   </div>
   <div class='ocr_carea' id='block_1_8' title="bbox 247 994 1841 1084">
    <p class='ocr_par' dir='ltr' id='par_1_8' title="bbox 247 994 1841 1084">
     <span class='ocr_line' id='line_1_8' title="bbox 247 994 1841 1084; baseline -0.019 -8"><span class='ocrx_word' id='word_1_55' title='bbox 247 994 477 1084; x_wconf 71' lang='lat' dir='ltr'><strong>cientes,</strong></span> <span class='ocrx_word' id='word_1_56' title='bbox 506 1033 539 1072; x_wconf 89' lang='lat' dir='ltr'><strong>a</strong></span> <span class='ocrx_word' id='word_1_57' title='bbox 568 1016 731 1073; x_wconf 91' lang='lat' dir='ltr'><strong>nullis</strong></span> <span class='ocrx_word' id='word_1_58' title='bbox 748 1014 1056 1069; x_wconf 73' lang='lat' dir='ltr'><strong>abstineant</strong></span> <span class='ocrx_word' id='word_1_59' title='bbox 1082 1006 1262 1064; x_wconf 81' lang='lat' dir='ltr'><strong>verbis</strong></span> <span class='ocrx_word' id='word_1_60' title='bbox 1291 1023 1305 1058; x_wconf 92' lang='lat'><strong>:</strong></span> <span class='ocrx_word' id='word_1_61' title='bbox 1340 994 1685 1058; x_wconf 84' lang='lat' dir='ltr'><strong>Dcus&#39;tamen</strong></span> <span class='ocrx_word' id='word_1_62' title='bbox 1718 994 1841 1058; x_wconf 91' lang='lat' dir='ltr'><strong>fert,</strong></span> 
     </span>
    </p>
   </div>
   <div class='ocr_carea' id='block_1_9' title="bbox 246 1086 1845 1182">
    <p class='ocr_par' dir='ltr' id='par_1_9' title="bbox 246 1086 1845 1182">
     <span class='ocr_line' id='line_1_9' title="bbox 246 1086 1845 1182; baseline -0.019 -14"><span class='ocrx_word' id='word_1_63' title='bbox 246 1112 493 1182; x_wconf 78' lang='lat' dir='ltr'><strong>quamvis</strong></span> <span class='ocrx_word' id='word_1_64' title='bbox 512 1117 714 1166; x_wconf 84' lang='lat' dir='ltr'><strong>tantam</strong></span> <span class='ocrx_word' id='word_1_65' title='bbox 738 1105 931 1160; x_wconf 82' lang='lat' dir='ltr'><strong>habeat</strong></span> <span class='ocrx_word' id='word_1_66' title='bbox 947 1109 1263 1172; x_wconf 84' lang='lat' dir='ltr'><strong>potestatem</strong></span> <span class='ocrx_word' id='word_1_67' title='bbox 1286 1095 1542 1163; x_wconf 85' lang='lat' dir='ltr'><strong>deinique</strong></span> <span class='ocrx_word' id='word_1_68' title='bbox 1560 1086 1845 1182; x_wconf 77' lang='lat' dir='ltr'><strong>agentibus</strong></span> 
     </span>
    </p>
   </div>
   <div class='ocr_carea' id='block_1_10' title="bbox 246 1179 1845 1275">
    <p class='ocr_par' dir='ltr' id='par_1_10' title="bbox 246 1179 1845 1275">
     <span class='ocr_line' id='line_1_10' title="bbox 246 1179 1845 1275; baseline -0.018 -15"><span class='ocrx_word' id='word_1_69' title='bbox 246 1179 464 1275; x_wconf 68' lang='lat' dir='ltr'><strong>prunam</strong></span> <span class='ocrx_word' id='word_1_70' title='bbox 477 1198 912 1267; x_wconf 84' lang='lat' dir='ltr'><strong>sumendi.Quod</strong></span> <span class='ocrx_word' id='word_1_71' title='bbox 930 1198 970 1251; x_wconf 90' lang='lat' dir='ltr'><strong>si</strong></span> <span class='ocrx_word' id='word_1_72' title='bbox 986 1208 1175 1250; x_wconf 89' lang='lat' dir='ltr'><strong>omnes</strong></span> <span class='ocrx_word' id='word_1_73' title='bbox 1194 1198 1502 1262; x_wconf 86' lang='lat' dir='ltr'><strong>peceatores</strong></span> <span class='ocrx_word' id='word_1_74' title='bbox 1526 1183 1715 1275; x_wconf 78' lang='lat' dir='ltr'><strong>punire</strong></span> <span class='ocrx_word' id='word_1_75' title='bbox 1731 1179 1845 1234; x_wconf 89' lang='lat' dir='ltr'><strong>vel-</strong></span> 
     </span>
    </p>
   </div>
   <div class='ocr_carea' id='block_1_11' title="bbox 247 1273 1845 1362">
    <p class='ocr_par' dir='ltr' id='par_1_11' title="bbox 247 1273 1845 1362">
     <span class='ocr_line' id='line_1_11' title="bbox 247 1273 1845 1362; baseline -0.016 -11"><span class='ocrx_word' id='word_1_76' title='bbox 247 1273 324 1351; x_wconf 82' lang='lat' dir='ltr'><strong>let</strong></span> <span class='ocrx_word' id='word_1_77' title='bbox 355 1294 519 1356; x_wconf 87' lang='lat' dir='ltr'><strong>Dens,</strong></span> <span class='ocrx_word' id='word_1_78' title='bbox 540 1305 798 1362; x_wconf 86' lang='lat' dir='ltr'><strong>perquam</strong></span> <span class='ocrx_word' id='word_1_79' title='bbox 825 1287 981 1361; x_wconf 90' lang='lat' dir='ltr'><strong>pauci</strong></span> <span class='ocrx_word' id='word_1_80' title='bbox 1013 1285 1375 1345; x_wconf 90' lang='lat' dir='ltr'><strong>salvarentur,</strong></span> <span class='ocrx_word' id='word_1_81' title='bbox 1405 1292 1505 1331; x_wconf 86' lang='lat' dir='ltr'><strong>nec</strong></span> <span class='ocrx_word' id='word_1_82' title='bbox 1527 1273 1845 1331; x_wconf 87' lang='lat' dir='ltr'><strong>sufficerent</strong></span> 
     </span>
    </p>
   </div>
   <div class='ocr_carea' id='block_1_12' title="bbox 244 1365 1845 1454">
    <p class='ocr_par' dir='ltr' id='par_1_12' title="bbox 244 1365 1845 1454">
     <span class='ocr_line' id='line_1_12' title="bbox 244 1365 1845 1454; baseline -0.017 -12"><span class='ocrx_word' id='word_1_83' title='bbox 244 1386 313 1441; x_wconf 82' lang='lat' dir='ltr'><strong>ad</strong></span> <span class='ocrx_word' id='word_1_84' title='bbox 331 1385 638 1454; x_wconf 87' lang='lat' dir='ltr'><strong>sepulturas</strong></span> <span class='ocrx_word' id='word_1_85' title='bbox 657 1381 904 1437; x_wconf 90' lang='lat' dir='ltr'><strong>homines</strong></span> <span class='ocrx_word' id='word_1_86' title='bbox 926 1397 938 1433; x_wconf 88' lang='lat'>:</span> <span class='ocrx_word' id='word_1_87' title='bbox 956 1374 1097 1432; x_wconf 89' lang='lat' dir='ltr'><strong>unde</strong></span> <span class='ocrx_word' id='word_1_88' title='bbox 1114 1384 1171 1430; x_wconf 90' lang='lat' dir='ltr'><strong>et</strong></span> <span class='ocrx_word' id='word_1_89' title='bbox 1186 1372 1351 1428; x_wconf 84' lang='lat' dir='ltr'><strong>David</strong></span> <span class='ocrx_word' id='word_1_90' title='bbox 1366 1372 1513 1433; x_wconf 88' lang='lat' dir='ltr'><strong>dicit,</strong></span> <span class='ocrx_word' id='word_1_91' title='bbox 1530 1367 1589 1423; x_wconf 89' lang='lat' dir='ltr'><strong>Si</strong></span> <span class='ocrx_word' id='word_1_92' title='bbox 1605 1365 1845 1435; x_wconf 81' lang='lat' dir='ltr'><strong>iniquita-</strong></span> 
     </span>
    </p>
   </div>
   <div class='ocr_carea' id='block_1_13' title="bbox 246 1458 1844 1539">
    <p class='ocr_par' dir='ltr' id='par_1_13' title="bbox 246 1458 1844 1539">
     <span class='ocr_line' id='line_1_13' title="bbox 246 1458 1844 1539; baseline -0.016 -6"><span class='ocrx_word' id='word_1_93' title='bbox 246 1487 324 1531; x_wconf 74' lang='lat' dir='ltr'><strong>tes</strong></span> <span class='ocrx_word' id='word_1_94' title='bbox 351 1475 712 1539; x_wconf 70' lang='lat' dir='ltr'><strong>observaveris,</strong></span> <span class='ocrx_word' id='word_1_95' title='bbox 748 1471 989 1533; x_wconf 84' lang='lat' dir='ltr'><strong>Domine,</strong></span> <span class='ocrx_word' id='word_1_96' title='bbox 1026 1467 1262 1529; x_wconf 85' lang='lat' dir='ltr'><strong>Domine,</strong></span> <span class='ocrx_word' id='word_1_97' title='bbox 1284 1464 1397 1534; x_wconf 87' lang='lat' dir='ltr'><strong>quis</strong></span> <span class='ocrx_word' id='word_1_98' title='bbox 1414 1458 1705 1515; x_wconf 75' lang='lat' dir='ltr'><strong>sustinebit?</strong></span> <span class='ocrx_word' id='word_1_99' title='bbox 1717 1470 1844 1526; x_wconf 65' lang='lat' dir='ltr'><strong>quoo</strong></span> 
     </span>
    </p>
   </div>
   <div class='ocr_carea' id='block_1_14' title="bbox 243 1550 1849 1639">
    <p class='ocr_par' dir='ltr' id='par_1_14' title="bbox 243 1550 1849 1639">
     <span class='ocr_line' id='line_1_14' title="bbox 243 1550 1849 1639; baseline -0.013 -15"><span class='ocrx_word' id='word_1_100' title='bbox 243 1569 386 1624; x_wconf 74' lang='lat' dir='ltr'><strong>niam</strong></span> <span class='ocrx_word' id='word_1_101' title='bbox 397 1567 536 1637; x_wconf 80' lang='lat' dir='ltr'><strong>apud</strong></span> <span class='ocrx_word' id='word_1_102' title='bbox 546 1564 901 1639; x_wconf 10' lang='lat' dir='ltr'><strong>terpropitiatio</strong></span> <span class='ocrx_word' id='word_1_103' title='bbox 912 1559 1169 1634; x_wconf 80' lang='lat' dir='ltr'><strong>est(Psal.</strong></span> <span class='ocrx_word' id='word_1_104' title='bbox 1192 1555 1402 1625; x_wconf 70' lang='lat'><strong>129.5).</strong></span> <span class='ocrx_word' id='word_1_105' title='bbox 1416 1554 1479 1608; x_wconf 87' lang='lat' dir='ltr'><strong>Et</strong></span> <span class='ocrx_word' id='word_1_106' title='bbox 1492 1552 1542 1606; x_wconf 93' lang='lat' dir='ltr'><strong>in</strong></span> <span class='ocrx_word' id='word_1_107' title='bbox 1563 1550 1652 1605; x_wconf 93' lang='lat' dir='ltr'><strong>illo</strong></span> <span class='ocrx_word' id='word_1_108' title='bbox 1668 1558 1849 1605; x_wconf 84' lang='lat' dir='ltr'><strong>osten-</strong></span> 
     </span>
    </p>
   </div>
   <div class='ocr_carea' id='block_1_15' title="bbox 242 1642 1838 1724">
    <p class='ocr_par' dir='ltr' id='par_1_15' title="bbox 242 1642 1838 1724">
     <span class='ocr_line' id='line_1_15' title="bbox 242 1642 1838 1724; baseline -0.013 -9"><span class='ocrx_word' id='word_1_109' title='bbox 242 1660 324 1715; x_wconf 86' lang='lat' dir='ltr'><strong>dit</strong></span> <span class='ocrx_word' id='word_1_110' title='bbox 340 1657 763 1715; x_wconf 79' lang='lat' dir='ltr'><strong>misericordiam</strong></span> <span class='ocrx_word' id='word_1_111' title='bbox 779 1668 1025 1721; x_wconf 88' lang='lat' dir='ltr'><strong>suam,eo</strong></span> <span class='ocrx_word' id='word_1_112' title='bbox 1036 1650 1181 1724; x_wconf 89' lang='lat' dir='ltr'><strong>quod</strong></span> <span class='ocrx_word' id='word_1_113' title='bbox 1198 1648 1417 1719; x_wconf 85' lang='lat' dir='ltr'><strong>nejuste</strong></span> <span class='ocrx_word' id='word_1_114' title='bbox 1433 1644 1646 1717; x_wconf 85' lang='lat' dir='ltr'><strong>quidem</strong></span> <span class='ocrx_word' id='word_1_115' title='bbox 1666 1642 1838 1712; x_wconf 87' lang='lat' dir='ltr'><strong>punit.</strong></span> 
     </span>
    </p>
   </div>
   <div class='ocr_carea' id='block_1_16' title="bbox 242 1738 1842 1827">
    <p class='ocr_par' dir='ltr' id='par_1_16' title="bbox 242 1738 1842 1827">
     <span class='ocr_line' id='line_1_16' title="bbox 242 1738 1842 1827; baseline -0.015 -17"><span class='ocrx_word' id='word_1_116' title='bbox 242 1756 411 1827; x_wconf 84' lang='lat' dir='ltr'><strong>Igitur</strong></span> <span class='ocrx_word' id='word_1_117' title='bbox 426 1751 666 1824; x_wconf 83' lang='lat' dir='ltr'><strong>quisquis</strong></span> <span class='ocrx_word' id='word_1_118' title='bbox 686 1747 970 1805; x_wconf 87' lang='lat' dir='ltr'><strong>assimilari</strong></span> <span class='ocrx_word' id='word_1_119' title='bbox 990 1749 1103 1800; x_wconf 86' lang='lat' dir='ltr'><strong>vult</strong></span> <span class='ocrx_word' id='word_1_120' title='bbox 1122 1742 1251 1808; x_wconf 87' lang='lat' dir='ltr'><strong>Deo,</strong></span> <span class='ocrx_word' id='word_1_121' title='bbox 1263 1756 1362 1811; x_wconf 90' lang='lat' dir='ltr'><strong>pro</strong></span> <span class='ocrx_word' id='word_1_122' title='bbox 1374 1738 1514 1795; x_wconf 83' lang='lat' dir='ltr'><strong>virili</strong></span> <span class='ocrx_word' id='word_1_123' title='bbox 1531 1741 1842 1827; x_wconf 79' lang='lat' dir='ltr'><strong>mansuetus</strong></span> 
     </span>
    </p>
   </div>
   <div class='ocr_carea' id='block_1_17' title="bbox 239 1825 1843 1911">
    <p class='ocr_par' dir='ltr' id='par_1_17' title="bbox 239 1825 1843 1911">
     <span class='ocr_line' id='line_1_17' title="bbox 239 1825 1843 1911; baseline -0.015 -8"><span class='ocrx_word' id='word_1_124' title='bbox 239 1825 312 1903; x_wconf 81' lang='lat' dir='ltr'><strong>sit</strong></span> <span class='ocrx_word' id='word_1_125' title='bbox 346 1859 412 1900; x_wconf 88' lang='lat' dir='ltr'><strong>ao</strong></span> <span class='ocrx_word' id='word_1_126' title='bbox 438 1843 582 1897; x_wconf 91' lang='lat' dir='ltr'><strong>mitis</strong></span> <span class='ocrx_word' id='word_1_127' title='bbox 609 1841 849 1911; x_wconf 83' lang='lat' dir='ltr'><strong>feratque</strong></span> <span class='ocrx_word' id='word_1_128' title='bbox 877 1837 1085 1893; x_wconf 88' lang='lat' dir='ltr'><strong>fortiter</strong></span> <span class='ocrx_word' id='word_1_129' title='bbox 1109 1875 1125 1901; x_wconf 94' lang='lat'><strong>,</strong></span> <span class='ocrx_word' id='word_1_130' title='bbox 1161 1835 1207 1888; x_wconf 88' lang='lat' dir='ltr'><strong>si</strong></span> <span class='ocrx_word' id='word_1_131' title='bbox 1238 1831 1379 1904; x_wconf 89' lang='lat' dir='ltr'><strong>quid.</strong></span> <span class='ocrx_word' id='word_1_132' title='bbox 1394 1829 1610 1901; x_wconf 84' lang='lat' dir='ltr'><strong>gravius</strong></span> <span class='ocrx_word' id='word_1_133' title='bbox 1634 1827 1704 1881; x_wconf 89' lang='lat' dir='ltr'><strong>ab</strong></span> <span class='ocrx_word' id='word_1_134' title='bbox 1724 1825 1843 1879; x_wconf 90' lang='lat' dir='ltr'><strong>aliis</strong></span> 
     </span>
    </p>
   </div>
   <div class='ocr_carea' id='block_1_18' title="bbox 240 1916 1843 2011">
    <p class='ocr_par' dir='ltr' id='par_1_18' title="bbox 240 1916 1843 2011">
     <span class='ocr_line' id='line_1_18' title="bbox 240 1916 1843 2011; baseline -0.014 -17"><span class='ocrx_word' id='word_1_135' title='bbox 240 1941 495 2011; x_wconf 85' lang='lat' dir='ltr'><strong>patiatur.</strong></span> <span class='ocrx_word' id='word_1_136' title='bbox 520 1934 750 2007; x_wconf 81' lang='lat' dir='ltr'><strong>Diligite,</strong></span> <span class='ocrx_word' id='word_1_137' title='bbox 778 1932 968 2002; x_wconf 89' lang='lat' dir='ltr'><strong>inquit,</strong></span> <span class='ocrx_word' id='word_1_138' title='bbox 995 1929 1227 1984; x_wconf 83' lang='lat' dir='ltr'><strong>inimicos</strong></span> <span class='ocrx_word' id='word_1_139' title='bbox 1248 1933 1456 1988; x_wconf 81' lang='lat' dir='ltr'><strong>vestros,</strong></span> <span class='ocrx_word' id='word_1_140' title='bbox 1483 1920 1758 1990; x_wconf 81' lang='lat' dir='ltr'><strong>benefacite</strong></span> <span class='ocrx_word' id='word_1_141' title='bbox 1778 1916 1843 1971; x_wconf 87' lang='lat' dir='ltr'><strong>iis</strong></span> 
     </span>
    </p>
   </div>
   <div class='ocr_carea' id='block_1_19' title="bbox 238 2016 1854 2104">
    <p class='ocr_par' dir='ltr' id='par_1_19' title="bbox 238 2016 1854 2104">
     <span class='ocr_line' id='line_1_19' title="bbox 238 2016 1854 2104; baseline -0.015 -16"><span class='ocrx_word' id='word_1_142' title='bbox 238 2034 326 2104; x_wconf 86' lang='lat' dir='ltr'><strong>qui</strong></span> <span class='ocrx_word' id='word_1_143' title='bbox 352 2047 440 2087; x_wconf 75' lang='lat' dir='ltr'><strong>eos</strong></span> <span class='ocrx_word' id='word_1_144' title='bbox 460 2032 694 2093; x_wconf 84' lang='lat' dir='ltr'><strong>oderunt,</strong></span> <span class='ocrx_word' id='word_1_145' title='bbox 725 2036 868 2081; x_wconf 85' lang='lat' dir='ltr'><strong>orate</strong></span> <span class='ocrx_word' id='word_1_146' title='bbox 886 2041 976 2096; x_wconf 85' lang='lat' dir='ltr'><strong>pro</strong></span> <span class='ocrx_word' id='word_1_147' title='bbox 998 2024 1059 2079; x_wconf 86' lang='lat' dir='ltr'><strong>iis</strong></span> <span class='ocrx_word' id='word_1_148' title='bbox 1087 2022 1175 2093; x_wconf 88' lang='lat' dir='ltr'><strong>qui</strong></span> <span class='ocrx_word' id='word_1_149' title='bbox 1192 2037 1278 2075; x_wconf 85' lang='lat' dir='ltr'><strong>vos</strong></span> <span class='ocrx_word' id='word_1_150' title='bbox 1294 2017 1485 2073; x_wconf 67' lang='lat' dir='ltr'><strong>(cedunt</strong></span> <span class='ocrx_word' id='word_1_151' title='bbox 1513 2026 1559 2069; x_wconf 88' lang='lat' dir='ltr'><strong>et</strong></span> <span class='ocrx_word' id='word_1_152' title='bbox 1580 2016 1854 2068; x_wconf 75' lang='lat' dir='ltr'><strong>insectari--</strong></span> 
     </span>
    </p>
   </div>
   <div class='ocr_carea' id='block_1_20' title="bbox 238 2104 1842 2190">
    <p class='ocr_par' dir='ltr' id='par_1_20' title="bbox 238 2104 1842 2190">
     <span class='ocr_line' id='line_1_20' title="bbox 238 2104 1842 2190; baseline -0.014 -10"><span class='ocrx_word' id='word_1_153' title='bbox 238 2135 344 2190; x_wconf 75' lang='lat' dir='ltr'><strong>tur,</strong></span> <span class='ocrx_word' id='word_1_154' title='bbox 371 2133 428 2177; x_wconf 86' lang='lat' dir='ltr'><strong>ut</strong></span> <span class='ocrx_word' id='word_1_155' title='bbox 441 2123 551 2178; x_wconf 87' lang='lat' dir='ltr'><strong>sitis</strong></span> <span class='ocrx_word' id='word_1_156' title='bbox 566 2120 755 2176; x_wconf 80' lang='lat' dir='ltr'><strong>similes</strong></span> <span class='ocrx_word' id='word_1_157' title='bbox 773 2118 919 2176; x_wconf 84' lang='lat' dir='ltr'><strong>Patri</strong></span> <span class='ocrx_word' id='word_1_158' title='bbox 948 2126 1109 2171; x_wconf 87' lang='lat' dir='ltr'><strong>vestro</strong></span> <span class='ocrx_word' id='word_1_159' title='bbox 1137 2115 1222 2184; x_wconf 87' lang='lat' dir='ltr'><strong>qui</strong></span> <span class='ocrx_word' id='word_1_160' title='bbox 1245 2121 1318 2166; x_wconf 87' lang='lat' dir='ltr'><strong>est</strong></span> <span class='ocrx_word' id='word_1_161' title='bbox 1334 2113 1385 2165; x_wconf 86' lang='lat' dir='ltr'><strong>iu</strong></span> <span class='ocrx_word' id='word_1_162' title='bbox 1403 2109 1555 2174; x_wconf 71' lang='lat' dir='ltr'><strong>aclis,</strong></span> <span class='ocrx_word' id='word_1_163' title='bbox 1577 2107 1663 2177; x_wconf 87' lang='lat' dir='ltr'><strong>qui</strong></span> <span class='ocrx_word' id='word_1_164' title='bbox 1683 2104 1842 2160; x_wconf 78' lang='lat' dir='ltr'><strong>solent</strong></span> 
     </span>
    </p>
   </div>
   <div class='ocr_carea' id='block_1_21' title="bbox 237 2198 1844 2284">
    <p class='ocr_par' dir='ltr' id='par_1_21' title="bbox 237 2198 1844 2284">
     <span class='ocr_line' id='line_1_21' title="bbox 237 2198 1844 2284; baseline -0.012 -13"><span class='ocrx_word' id='word_1_165' title='bbox 237 2231 393 2271; x_wconf 78' lang='lat' dir='ltr'><strong>suum</strong></span> <span class='ocrx_word' id='word_1_166' title='bbox 422 2214 546 2269; x_wconf 84' lang='lat' dir='ltr'><strong>oriri</strong></span> <span class='ocrx_word' id='word_1_167' title='bbox 576 2213 698 2284; x_wconf 76' lang='lat' dir='ltr'><strong>facit</strong></span> <span class='ocrx_word' id='word_1_168' title='bbox 716 2226 868 2281; x_wconf 87' lang='lat' dir='ltr'><strong>super</strong></span> <span class='ocrx_word' id='word_1_169' title='bbox 891 2207 1053 2262; x_wconf 84' lang='lat' dir='ltr'><strong>malos</strong></span> <span class='ocrx_word' id='word_1_170' title='bbox 1082 2216 1128 2261; x_wconf 87' lang='lat' dir='ltr'><strong>et</strong></span> <span class='ocrx_word' id='word_1_171' title='bbox 1150 2204 1326 2269; x_wconf 84' lang='lat' dir='ltr'><strong>bonos,</strong></span> <span class='ocrx_word' id='word_1_172' title='bbox 1362 2211 1407 2257; x_wconf 89' lang='lat' dir='ltr'><strong>et</strong></span> <span class='ocrx_word' id='word_1_173' title='bbox 1435 2202 1563 2271; x_wconf 84' lang='lat' dir='ltr'><strong>pluit</strong></span> <span class='ocrx_word' id='word_1_174' title='bbox 1588 2215 1740 2270; x_wconf 76' lang='lat' dir='ltr'><strong>super</strong></span> <span class='ocrx_word' id='word_1_175' title='bbox 1758 2198 1844 2267; x_wconf 86' lang='lat' dir='ltr'><strong>ju-</strong></span> 
     </span>
    </p>
   </div>
   <div class='ocr_carea' id='block_1_22' title="bbox 237 2290 1836 2377">
    <p class='ocr_par' dir='ltr' id='par_1_22' title="bbox 237 2290 1836 2377">
     <span class='ocr_line' id='line_1_22' title="bbox 237 2290 1836 2377; baseline -0.011 -13"><span class='ocrx_word' id='word_1_176' title='bbox 237 2319 345 2365; x_wconf 74' lang='lat' dir='ltr'><strong>stas</strong></span> <span class='ocrx_word' id='word_1_177' title='bbox 374 2319 421 2363; x_wconf 78' lang='lat' dir='ltr'><strong>et</strong></span> <span class='ocrx_word' id='word_1_178' title='bbox 461 2307 680 2377; x_wconf 83' lang='lat' dir='ltr'><strong>injustas</strong></span> <span class='ocrx_word' id='word_1_179' title='bbox 715 2302 869 2376; x_wconf 80' lang='lat' dir='ltr'><strong>(Luc.</strong></span> <span class='ocrx_word' id='word_1_180' title='bbox 890 2301 945 2357; x_wconf 86' lang='lat'><strong>6.</strong></span> <span class='ocrx_word' id='word_1_181' title='bbox 971 2299 1063 2355; x_wconf 73' lang='lat'><strong>27.</strong></span> <span class='ocrx_word' id='word_1_182' title='bbox 1090 2297 1183 2354; x_wconf 73' lang='lat'><strong>28.</strong></span> <span class='ocrx_word' id='word_1_183' title='bbox 1212 2305 1259 2351; x_wconf 92' lang='lat' dir='ltr'><strong>et</strong></span> <span class='ocrx_word' id='word_1_184' title='bbox 1286 2294 1474 2349; x_wconf 83' lang='lat' dir='ltr'><strong>Matth.</strong></span> <span class='ocrx_word' id='word_1_185' title='bbox 1504 2294 1558 2348; x_wconf 86' lang='lat'><strong>5.</strong></span> <span class='ocrx_word' id='word_1_186' title='bbox 1598 2294 1690 2349; x_wconf 74' lang='lat' dir='ltr'><strong>M.</strong></span> <span class='ocrx_word' id='word_1_187' title='bbox 1721 2290 1836 2358; x_wconf 67' lang='grc'><strong>45).</strong></span> 
     </span>
    </p>
   </div>
   <div class='ocr_carea' id='block_1_23' title="bbox 314 2383 1838 2454">
    <p class='ocr_par' dir='ltr' id='par_1_23' title="bbox 314 2383 1838 2454">
     <span class='ocr_line' id='line_1_23' title="bbox 314 2383 1838 2454; baseline -0.012 0"><span class='ocrx_word' id='word_1_188' title='bbox 314 2398 578 2454; x_wconf 68' lang='lat' dir='ltr'><strong>Hansueti</strong></span> <span class='ocrx_word' id='word_1_189' title='bbox 614 2395 714 2451; x_wconf 87' lang='lat' dir='ltr'><strong>Dei</strong></span> <span class='ocrx_word' id='word_1_190' title='bbox 756 2394 1058 2449; x_wconf 74' lang='lat' dir='ltr'><strong>imitatores.</strong></span> <span class='ocrx_word' id='word_1_191' title='bbox 1106 2387 1451 2445; x_wconf 78' lang='lat' dir='ltr'><strong>Mansuetudo</strong></span> <span class='ocrx_word' id='word_1_192' title='bbox 1496 2384 1685 2441; x_wconf 82' lang='lat' dir='ltr'><strong>Christi</strong></span> <span class='ocrx_word' id='word_1_193' title='bbox 1717 2383 1838 2437; x_wconf 87' lang='lat' dir='ltr'><strong>imi-</strong></span> 
     </span>
    </p>
   </div>
   <div class='ocr_carea' id='block_1_24' title="bbox 237 2476 1835 2561">
    <p class='ocr_par' dir='ltr' id='par_1_24' title="bbox 237 2476 1835 2561">
     <span class='ocr_line' id='line_1_24' title="bbox 237 2476 1835 2561; baseline -0.011 -14"><span class='ocrx_word' id='word_1_194' title='bbox 237 2492 417 2547; x_wconf 80' lang='lat' dir='ltr'><strong>tanda.</strong></span> <span class='ocrx_word' id='word_1_195' title='bbox 448 2489 753 2561; x_wconf 78' lang='lat' dir='ltr'><strong>Pugnorum</strong></span> <span class='ocrx_word' id='word_1_196' title='bbox 781 2495 972 2558; x_wconf 84' lang='lat' dir='ltr'><strong>quanta</strong></span> <span class='ocrx_word' id='word_1_197' title='bbox 995 2483 1218 2539; x_wconf 86' lang='lat' dir='ltr'><strong>miseria.</strong></span> <span class='ocrx_word' id='word_1_198' title='bbox 1233 2512 1306 2522; x_wconf 98' lang='lat'><strong>—</strong></span> <span class='ocrx_word' id='word_1_199' title='bbox 1321 2481 1388 2536; x_wconf 88' lang='lat' dir='ltr'><strong>Et</strong></span> <span class='ocrx_word' id='word_1_200' title='bbox 1411 2480 1593 2535; x_wconf 60' lang='lat' dir='ltr'><strong>multa:</strong></span> <span class='ocrx_word' id='word_1_201' title='bbox 1618 2476 1835 2548; x_wconf 86' lang='lat' dir='ltr'><strong>quidem</strong></span> 
     </span>
    </p>
   </div>
   <div class='ocr_carea' id='block_1_25' title="bbox 236 2571 1837 2651">
    <p class='ocr_par' dir='ltr' id='par_1_25' title="bbox 236 2571 1837 2651">
     <span class='ocr_line' id='line_1_25' title="bbox 236 2571 1837 2651; baseline -0.011 -12"><span class='ocrx_word' id='word_1_202' title='bbox 236 2593 364 2640; x_wconf 86' lang='lat' dir='ltr'><strong>sunt</strong></span> <span class='ocrx_word' id='word_1_203' title='bbox 409 2583 633 2637; x_wconf 88' lang='lat' dir='ltr'><strong>virtutes</strong></span> <span class='ocrx_word' id='word_1_204' title='bbox 676 2595 797 2651; x_wconf 74' lang='lat' dir='ltr'><strong>qua:</strong></span> <span class='ocrx_word' id='word_1_205' title='bbox 839 2576 1200 2633; x_wconf 87' lang='lat' dir='ltr'><strong>Christianum</strong></span> <span class='ocrx_word' id='word_1_206' title='bbox 1238 2572 1411 2627; x_wconf 84' lang='lat' dir='ltr'><strong>virum</strong></span> <span class='ocrx_word' id='word_1_207' title='bbox 1452 2571 1667 2636; x_wconf 89' lang='lat' dir='ltr'><strong>decent,</strong></span> <span class='ocrx_word' id='word_1_208' title='bbox 1719 2583 1837 2622; x_wconf 88' lang='lat' dir='ltr'><strong>ma-</strong></span> 
     </span>
    </p>
   </div>
   <div class='ocr_carea' id='block_1_26' title="bbox 235 2662 1835 2731">
    <p class='ocr_par' dir='ltr' id='par_1_26' title="bbox 235 2662 1835 2731">
     <span class='ocr_line' id='line_1_26' title="bbox 235 2662 1835 2731; baseline -0.012 0"><span class='ocrx_word' id='word_1_209' title='bbox 235 2676 379 2731; x_wconf 63' lang='lat' dir='ltr'><strong>rima</strong></span> <span class='ocrx_word' id='word_1_210' title='bbox 406 2684 586 2729; x_wconf 88' lang='lat' dir='ltr'><strong>autem</strong></span> <span class='ocrx_word' id='word_1_211' title='bbox 617 2672 857 2727; x_wconf 88' lang='lat' dir='ltr'><strong>omnium</strong></span> <span class='ocrx_word' id='word_1_212' title='bbox 895 2666 1253 2725; x_wconf 81' lang='lat' dir='ltr'><strong>mansuetudo</strong></span> <span class='ocrx_word' id='word_1_213' title='bbox 1301 2682 1313 2717; x_wconf 90' lang='lat'><strong>:</strong></span> <span class='ocrx_word' id='word_1_214' title='bbox 1364 2678 1486 2719; x_wconf 90' lang='lat' dir='ltr'><strong>nam</strong></span> <span class='ocrx_word' id='word_1_215' title='bbox 1525 2678 1619 2719; x_wconf 92' lang='lat' dir='ltr'><strong>eos</strong></span> <span class='ocrx_word' id='word_1_216' title='bbox 1665 2662 1835 2727; x_wconf 88' lang='lat' dir='ltr'><strong>solos,</strong></span> 
     </span>
    </p>
   </div>
   <div class='ocr_carea' id='block_1_27' title="bbox 235 2754 1837 2838">
    <p class='ocr_par' dir='ltr' id='par_1_27' title="bbox 235 2754 1837 2838">
     <span class='ocr_line' id='line_1_27' title="bbox 235 2754 1837 2838; baseline -0.012 -15"><span class='ocrx_word' id='word_1_217' title='bbox 235 2768 326 2838; x_wconf 86' lang='lat' dir='ltr'><strong>qui</strong></span> <span class='ocrx_word' id='word_1_218' title='bbox 358 2766 462 2821; x_wconf 84' lang='lat' dir='ltr'><strong>bac</strong></span> <span class='ocrx_word' id='word_1_219' title='bbox 504 2764 782 2833; x_wconf 85' lang='lat' dir='ltr'><strong>conspicui</strong></span> <span class='ocrx_word' id='word_1_220' title='bbox 812 2771 958 2827; x_wconf 90' lang='lat' dir='ltr'><strong>sunt,</strong></span> <span class='ocrx_word' id='word_1_221' title='bbox 1002 2759 1097 2815; x_wconf 89' lang='lat' dir='ltr'><strong>Dei</strong></span> <span class='ocrx_word' id='word_1_222' title='bbox 1124 2758 1421 2813; x_wconf 79' lang='lat' dir='ltr'><strong>imitatores</strong></span> <span class='ocrx_word' id='word_1_223' title='bbox 1458 2754 1705 2810; x_wconf 84' lang='lat' dir='ltr'><strong>Christus</strong></span> <span class='ocrx_word' id='word_1_224' title='bbox 1735 2766 1837 2805; x_wconf 61' lang='lat' dir='ltr'><strong>no.</strong></span> 
     </span>
    </p>
   </div>
   <div class='ocr_carea' id='block_1_28' title="bbox 236 2846 1837 2923">
    <p class='ocr_par' dir='ltr' id='par_1_28' title="bbox 236 2846 1837 2923">
     <span class='ocr_line' id='line_1_28' title="bbox 236 2846 1837 2923; baseline -0.01 -9"><span class='ocrx_word' id='word_1_225' title='bbox 236 2860 431 2916; x_wconf 83' lang='lat' dir='ltr'><strong>mittat.</strong></span> <span class='ocrx_word' id='word_1_226' title='bbox 474 2854 713 2911; x_wconf 84' lang='lat' dir='ltr'><strong>Proinde</strong></span> <span class='ocrx_word' id='word_1_227' title='bbox 740 2868 1040 2923; x_wconf 82' lang='lat' dir='ltr'><strong>congruum</strong></span> <span class='ocrx_word' id='word_1_228' title='bbox 1072 2859 1175 2917; x_wconf 86' lang='lat' dir='ltr'><strong>est,</strong></span> <span class='ocrx_word' id='word_1_229' title='bbox 1209 2857 1266 2904; x_wconf 86' lang='lat' dir='ltr'><strong>ut</strong></span> <span class='ocrx_word' id='word_1_230' title='bbox 1311 2846 1527 2919; x_wconf 82' lang='lat' dir='ltr'><strong>quando</strong></span> <span class='ocrx_word' id='word_1_231' title='bbox 1555 2846 1672 2916; x_wconf 86' lang='lat' dir='ltr'><strong>quis</strong></span> <span class='ocrx_word' id='word_1_232' title='bbox 1702 2859 1837 2899; x_wconf 86' lang='lat' dir='ltr'><strong>con-</strong></span> 
     </span>
    </p>
   </div>
   <div class='ocr_carea' id='block_1_29' title="bbox 235 2936 1837 3013">
    <p class='ocr_par' dir='ltr' id='par_1_29' title="bbox 235 2936 1837 3013">
     <span class='ocr_line' id='line_1_29' title="bbox 235 2936 1837 3013; baseline -0.011 -6"><span class='ocrx_word' id='word_1_233' title='bbox 235 2952 459 3007; x_wconf 87' lang='lat' dir='ltr'><strong>tumelia</strong></span> <span class='ocrx_word' id='word_1_234' title='bbox 487 2963 589 3004; x_wconf 91' lang='lat' dir='ltr'><strong>nos</strong></span> <span class='ocrx_word' id='word_1_235' title='bbox 612 2947 795 3013; x_wconf 87' lang='lat' dir='ltr'><strong>allicit,</strong></span> <span class='ocrx_word' id='word_1_236' title='bbox 826 2946 908 3001; x_wconf 94' lang='lat' dir='ltr'><strong>vel</strong></span> <span class='ocrx_word' id='word_1_237' title='bbox 940 2944 1189 3000; x_wconf 88' lang='lat' dir='ltr'><strong>verberat</strong></span> <span class='ocrx_word' id='word_1_238' title='bbox 1214 2940 1430 2996; x_wconf 88' lang='lat' dir='ltr'><strong>vel&#39;alia</strong></span> <span class='ocrx_word' id='word_1_239' title='bbox 1460 2939 1671 2994; x_wconf 79' lang='lat' dir='ltr'><strong>ratione</strong></span> <span class='ocrx_word' id='word_1_240' title='bbox 1699 2936 1837 2991; x_wconf 82' lang='lat' dir='ltr'><strong>afﬂi-</strong></span> 
     </span>
    </p>
   </div>
   <div class='ocr_carea' id='block_1_30' title="bbox 233 3030 1833 3117">
    <p class='ocr_par' dir='ltr' id='par_1_30' title="bbox 233 3030 1833 3117">
     <span class='ocr_line' id='line_1_30' title="bbox 233 3030 1833 3117; baseline -0.012 -17"><span class='ocrx_word' id='word_1_241' title='bbox 233 3046 342 3117; x_wconf 87' lang='lat' dir='ltr'><strong>git,</strong></span> <span class='ocrx_word' id='word_1_242' title='bbox 410 3040 775 3097; x_wconf 87' lang='lat' dir='ltr'><strong>sustineamus</strong></span> <span class='ocrx_word' id='word_1_243' title='bbox 836 3036 1017 3093; x_wconf 89' lang='lat' dir='ltr'><strong>omnia</strong></span> <span class='ocrx_word' id='word_1_244' title='bbox 1082 3040 1363 3089; x_wconf 86' lang='lat' dir='ltr'><strong>mansuete</strong></span> <span class='ocrx_word' id='word_1_245' title='bbox 1412 3039 1469 3085; x_wconf 88' lang='lat' dir='ltr'><strong>et</strong></span> <span class='ocrx_word' id='word_1_246' title='bbox 1524 3030 1833 3100; x_wconf 88' lang='lat' dir='ltr'><strong>patienter,</strong></span> 
     </span>
    </p>
   </div>
   <div class='ocr_carea' id='block_1_31' title="bbox 232 3122 1832 3202">
    <p class='ocr_par' dir='ltr' id='par_1_31' title="bbox 232 3122 1832 3202">
     <span class='ocr_line' id='line_1_31' title="bbox 232 3122 1832 3202; baseline -0.011 -8"><span class='ocrx_word' id='word_1_247' title='bbox 232 3135 643 3194; x_wconf 77' lang='lat' dir='ltr'><strong>considerantes</strong></span> <span class='ocrx_word' id='word_1_248' title='bbox 682 3130 822 3202; x_wconf 88' lang='lat' dir='ltr'><strong>quod</strong></span> <span class='ocrx_word' id='word_1_249' title='bbox 849 3130 945 3185; x_wconf 89' lang='lat' dir='ltr'><strong>Dei</strong></span> <span class='ocrx_word' id='word_1_250' title='bbox 972 3128 1271 3183; x_wconf 85' lang='lat' dir='ltr'><strong>imitatores</strong></span> <span class='ocrx_word' id='word_1_251' title='bbox 1299 3123 1655 3180; x_wconf 86' lang='lat' dir='ltr'><strong>mansuetudo</strong></span> <span class='ocrx_word' id='word_1_252' title='bbox 1684 3122 1832 3177; x_wconf 86' lang='lat' dir='ltr'><strong>facit.</strong></span> 
     </span>
    </p>
   </div>
   <div class='ocr_carea' id='block_1_32' title="bbox 232 3212 1835 3294">
    <p class='ocr_par' dir='ltr' id='par_1_32' title="bbox 232 3212 1835 3294">
     <span class='ocr_line' id='line_1_32' title="bbox 232 3212 1835 3294; baseline -0.01 -11"><span class='ocrx_word' id='word_1_253' title='bbox 232 3226 451 3283; x_wconf 76' lang='lat' dir='ltr'><strong>Etenim</strong></span> <span class='ocrx_word' id='word_1_254' title='bbox 484 3224 603 3294; x_wconf 86' lang='lat' dir='ltr'><strong>ipse</strong></span> <span class='ocrx_word' id='word_1_255' title='bbox 633 3221 892 3276; x_wconf 89' lang='lat' dir='ltr'><strong>Dominus</strong></span> <span class='ocrx_word' id='word_1_256' title='bbox 921 3227 977 3274; x_wconf 91' lang='lat' dir='ltr'><strong>et</strong></span> <span class='ocrx_word' id='word_1_257' title='bbox 1009 3217 1257 3274; x_wconf 86' lang='lat' dir='ltr'><strong>Salvator</strong></span> <span class='ocrx_word' id='word_1_258' title='bbox 1280 3224 1467 3271; x_wconf 89' lang='lat' dir='ltr'><strong>noster</strong></span> <span class='ocrx_word' id='word_1_259' title='bbox 1492 3212 1835 3270; x_wconf 88' lang='lat' dir='ltr'><strong>contumeliis</strong></span> 
     </span>
    </p>
   </div>
   <div class='ocr_carea' id='block_1_33' title="bbox 230 3304 1837 3384">
    <p class='ocr_par' dir='ltr' id='par_1_33' title="bbox 230 3304 1837 3384">
     <span class='ocr_line' id='line_1_33' title="bbox 230 3304 1837 3384; baseline -0.011 -9"><span class='ocrx_word' id='word_1_260' title='bbox 230 3318 481 3384; x_wconf 80' lang='lat' dir='ltr'><strong>affectus,</strong></span> <span class='ocrx_word' id='word_1_261' title='bbox 510 3312 849 3379; x_wconf 85' lang='lat' dir='ltr'><strong>verberatus,</strong></span> <span class='ocrx_word' id='word_1_262' title='bbox 877 3311 1021 3367; x_wconf 90' lang='lat' dir='ltr'><strong>cruci</strong></span> <span class='ocrx_word' id='word_1_263' title='bbox 1046 3310 1218 3366; x_wconf 86' lang='lat' dir='ltr'><strong>clavis</strong></span> <span class='ocrx_word' id='word_1_264' title='bbox 1244 3307 1459 3373; x_wconf 80' lang='lat' dir='ltr'><strong>afﬁxus,</strong></span> <span class='ocrx_word' id='word_1_265' title='bbox 1494 3306 1690 3361; x_wconf 90' lang='lat' dir='ltr'><strong>leniter</strong></span> <span class='ocrx_word' id='word_1_266' title='bbox 1712 3304 1837 3359; x_wconf 88' lang='lat' dir='ltr'><strong>tulit</strong></span> 
     </span>
    </p>
   </div>
   <div class='ocr_carea' id='block_1_34' title="bbox 230 3397 1837 3473">
    <p class='ocr_par' dir='ltr' id='par_1_34' title="bbox 230 3397 1837 3473">
     <span class='ocr_line' id='line_1_34' title="bbox 230 3397 1837 3473; baseline -0.011 -6"><span class='ocrx_word' id='word_1_267' title='bbox 230 3410 547 3467; x_wconf 74' lang='lat' dir='ltr'><strong>Judaeorum</strong></span> <span class='ocrx_word' id='word_1_268' title='bbox 575 3405 852 3470; x_wconf 90' lang='lat' dir='ltr'><strong>furorem;</strong></span> <span class='ocrx_word' id='word_1_269' title='bbox 900 3413 955 3459; x_wconf 91' lang='lat' dir='ltr'><strong>et</strong></span> <span class='ocrx_word' id='word_1_270' title='bbox 1001 3403 1127 3458; x_wconf 91' lang='lat' dir='ltr'><strong>licet</strong></span> <span class='ocrx_word' id='word_1_271' title='bbox 1166 3408 1349 3473; x_wconf 88' lang='lat' dir='ltr'><strong>posset</strong></span> <span class='ocrx_word' id='word_1_272' title='bbox 1390 3399 1458 3455; x_wconf 93' lang='lat' dir='ltr'><strong>de</strong></span> <span class='ocrx_word' id='word_1_273' title='bbox 1502 3399 1680 3469; x_wconf 88' lang='lat' dir='ltr'><strong>impiis</strong></span> <span class='ocrx_word' id='word_1_274' title='bbox 1720 3397 1837 3452; x_wconf 89' lang='lat' dir='ltr'><strong>vin-</strong></span> 
     </span>
    </p>
   </div>
   <div class='ocr_carea' id='block_1_35' title="bbox 229 3490 1833 3564">
    <p class='ocr_par' dir='ltr' id='par_1_35' title="bbox 229 3490 1833 3564">
     <span class='ocr_line' id='line_1_35' title="bbox 229 3490 1833 3564; baseline -0.009 -7"><span class='ocrx_word' id='word_1_275' title='bbox 229 3503 430 3557; x_wconf 86' lang='lat' dir='ltr'><strong>dictam</strong></span> <span class='ocrx_word' id='word_1_276' title='bbox 463 3512 699 3564; x_wconf 90' lang='lat' dir='ltr'><strong>sumere,</strong></span> <span class='ocrx_word' id='word_1_277' title='bbox 750 3510 858 3551; x_wconf 92' lang='lat' dir='ltr'><strong>non</strong></span> <span class='ocrx_word' id='word_1_278' title='bbox 907 3493 1137 3563; x_wconf 88' lang='lat' dir='ltr'><strong>sumpsit</strong></span> <span class='ocrx_word' id='word_1_279' title='bbox 1186 3502 1384 3557; x_wconf 91' lang='lat' dir='ltr'><strong>tamen,</strong></span> <span class='ocrx_word' id='word_1_280' title='bbox 1434 3491 1528 3545; x_wconf 89' lang='lat' dir='ltr'><strong>sed</strong></span> <span class='ocrx_word' id='word_1_281' title='bbox 1578 3490 1833 3544; x_wconf 89' lang='lat' dir='ltr'><strong>virtutem</strong></span> 
     </span>
    </p>
   </div>
   <div class='ocr_carea' id='block_1_36' title="bbox 229 3585 1833 3658">
    <p class='ocr_par' dir='ltr' id='par_1_36' title="bbox 229 3585 1833 3658">
     <span class='ocr_line' id='line_1_36' title="bbox 229 3585 1833 3658; baseline -0.009 -9"><span class='ocrx_word' id='word_1_282' title='bbox 229 3609 384 3649; x_wconf 86' lang='lat' dir='ltr'><strong>suam</strong></span> <span class='ocrx_word' id='word_1_283' title='bbox 416 3588 658 3646; x_wconf 88' lang='lat' dir='ltr'><strong>ostendit</strong></span> <span class='ocrx_word' id='word_1_284' title='bbox 682 3603 749 3644; x_wconf 91' lang='lat' dir='ltr'><strong>eo</strong></span> <span class='ocrx_word' id='word_1_285' title='bbox 777 3585 920 3658; x_wconf 91' lang='lat' dir='ltr'><strong>quod</strong></span> <span class='ocrx_word' id='word_1_286' title='bbox 950 3585 1227 3642; x_wconf 85' lang='lat' dir='ltr'><strong>concussit</strong></span> <span class='ocrx_word' id='word_1_287' title='bbox 1255 3592 1474 3649; x_wconf 89' lang='lat' dir='ltr'><strong>terram,</strong></span> <span class='ocrx_word' id='word_1_288' title='bbox 1506 3590 1561 3637; x_wconf 91' lang='lat' dir='ltr'><strong>et</strong></span> <span class='ocrx_word' id='word_1_289' title='bbox 1591 3588 1833 3636; x_wconf 88' lang='lat' dir='ltr'><strong>mortuos</strong></span> 
     </span>
    </p>
   </div>
   <div class='ocr_carea' id='block_1_37' title="bbox 228 3674 1833 3748">
    <p class='ocr_par' dir='ltr' id='par_1_37' title="bbox 228 3674 1833 3748">
     <span class='ocr_line' id='line_1_37' title="bbox 228 3674 1833 3748; baseline -0.009 -7"><span class='ocrx_word' id='word_1_290' title='bbox 228 3684 537 3748; x_wconf 82' lang='lat' dir='ltr'><strong>suscitavit,</strong></span> <span class='ocrx_word' id='word_1_291' title='bbox 588 3692 643 3736; x_wconf 92' lang='lat' dir='ltr'><strong>et</strong></span> <span class='ocrx_word' id='word_1_292' title='bbox 682 3679 992 3736; x_wconf 86' lang='lat' dir='ltr'><strong>obscuravit</strong></span> <span class='ocrx_word' id='word_1_293' title='bbox 1039 3678 1236 3745; x_wconf 91' lang='lat' dir='ltr'><strong>solem,</strong></span> <span class='ocrx_word' id='word_1_294' title='bbox 1283 3684 1338 3731; x_wconf 94' lang='lat' dir='ltr'><strong>et</strong></span> <span class='ocrx_word' id='word_1_295' title='bbox 1376 3683 1591 3730; x_wconf 87' lang='lat' dir='ltr'><strong>noctem</strong></span> <span class='ocrx_word' id='word_1_296' title='bbox 1634 3689 1698 3729; x_wconf 82' lang='lat' dir='ltr'><strong>ex</strong></span> <span class='ocrx_word' id='word_1_297' title='bbox 1745 3674 1833 3727; x_wconf 86' lang='lat' dir='ltr'><strong>die</strong></span> 
     </span>
    </p>
   </div>
   <div class='ocr_carea' id='block_1_38' title="bbox 228 3765 1832 3837">
    <p class='ocr_par' dir='ltr' id='par_1_38' title="bbox 228 3765 1832 3837">
     <span class='ocr_line' id='line_1_38' title="bbox 228 3765 1832 3837; baseline -0.011 0"><span class='ocrx_word' id='word_1_298' title='bbox 228 3780 358 3837; x_wconf 83' lang='lat' dir='ltr'><strong>fecit</strong></span> <span class='ocrx_word' id='word_1_299' title='bbox 389 3798 401 3833; x_wconf 91' lang='lat'><strong>:</strong></span> <span class='ocrx_word' id='word_1_300' title='bbox 432 3774 901 3832; x_wconf 79' lang='lat' dir='ltr'><strong>mansuetudinem</strong></span> <span class='ocrx_word' id='word_1_301' title='bbox 944 3780 1122 3826; x_wconf 88' lang='lat' dir='ltr'><strong>autem</strong></span> <span class='ocrx_word' id='word_1_302' title='bbox 1156 3783 1207 3826; x_wconf 90' lang='lat' dir='ltr'><strong>et</strong></span> <span class='ocrx_word' id='word_1_303' title='bbox 1256 3768 1686 3825; x_wconf 87' lang='lat' dir='ltr'><strong>miscricordiam</strong></span> <span class='ocrx_word' id='word_1_304' title='bbox 1733 3765 1832 3821; x_wconf 90' lang='lat' dir='ltr'><strong>de-</strong></span> 
     </span>
    </p>
   </div>
   <div class='ocr_carea' id='block_1_39' title="bbox 228 3847 1830 3939">
    <p class='ocr_par' dir='ltr' id='par_1_39' title="bbox 228 3847 1830 3939">
     <span class='ocr_line' id='line_1_39' title="bbox 228 3847 1830 3939; baseline -0.011 -10"><span class='ocrx_word' id='word_1_305' title='bbox 228 3872 474 3933; x_wconf 86' lang='lat' dir='ltr'><strong>claravit,</strong></span> <span class='ocrx_word' id='word_1_306' title='bbox 506 3868 629 3939; x_wconf 88' lang='lat' dir='ltr'><strong>quia</strong></span> <span class='ocrx_word' id='word_1_307' title='bbox 656 3865 862 3921; x_wconf 91' lang='lat' dir='ltr'><strong>nullum</strong></span> <span class='ocrx_word' id='word_1_308' title='bbox 893 3847 969 3919; x_wconf 37' lang='lat' dir='ltr'><strong>ex.</strong></span> <span class='ocrx_word' id='word_1_309' title='bbox 1002 3864 1074 3917; x_wconf 82' lang='lat' dir='ltr'><strong>iis</strong></span> <span class='ocrx_word' id='word_1_310' title='bbox 1094 3862 1185 3933; x_wconf 88' lang='lat' dir='ltr'><strong>qui</strong></span> <span class='ocrx_word' id='word_1_311' title='bbox 1216 3861 1379 3931; x_wconf 91' lang='lat' dir='ltr'><strong>impie</strong></span> <span class='ocrx_word' id='word_1_312' title='bbox 1417 3869 1641 3930; x_wconf 84' lang='lat' dir='ltr'><strong>egerant</strong></span> <span class='ocrx_word' id='word_1_313' title='bbox 1672 3857 1830 3928; x_wconf 86' lang='lat' dir='ltr'><strong>puni-</strong></span> 
     </span>
    </p>
   </div>
   <div class='ocr_carea' id='block_1_40' title="bbox 228 3949 1838 4024">
    <p class='ocr_par' dir='ltr' id='par_1_40' title="bbox 228 3949 1838 4024">
     <span class='ocr_line' id='line_1_40' title="bbox 228 3949 1838 4024; baseline -0.011 -5"><span class='ocrx_word' id='word_1_314' title='bbox 228 3967 304 4019; x_wconf 88' lang='lat' dir='ltr'><strong>vit</strong></span> <span class='ocrx_word' id='word_1_315' title='bbox 330 3982 344 4017; x_wconf 91' lang='lat'><strong>:</strong></span> <span class='ocrx_word' id='word_1_316' title='bbox 375 3972 435 4017; x_wconf 89' lang='lat' dir='ltr'><strong>ut</strong></span> <span class='ocrx_word' id='word_1_317' title='bbox 455 3960 730 4016; x_wconf 87' lang='lat' dir='ltr'><strong>discerent</strong></span> <span class='ocrx_word' id='word_1_318' title='bbox 752 3970 964 4020; x_wconf 88' lang='lat' dir='ltr'><strong>omnes,</strong></span> <span class='ocrx_word' id='word_1_319' title='bbox 992 3953 1083 4024; x_wconf 92' lang='lat' dir='ltr'><strong>qui</strong></span> <span class='ocrx_word' id='word_1_320' title='bbox 1107 3952 1298 4022; x_wconf 89' lang='lat' dir='ltr'><strong>impias</strong></span> <span class='ocrx_word' id='word_1_321' title='bbox 1324 3965 1515 4006; x_wconf 82' lang='lat' dir='ltr'><strong>manus</strong></span> <span class='ocrx_word' id='word_1_322' title='bbox 1538 3949 1838 4003; x_wconf 88' lang='lat' dir='ltr'><strong>intulerant-</strong></span> 
     </span>
    </p>
   </div>
   <div class='ocr_carea' id='block_1_41' title="bbox 229 4042 1828 4121">
    <p class='ocr_par' dir='ltr' id='par_1_41' title="bbox 229 4042 1828 4121">
     <span class='ocr_line' id='line_1_41' title="bbox 229 4042 1828 4121; baseline -0.01 -9"><span class='ocrx_word' id='word_1_323' title='bbox 229 4055 486 4118; x_wconf 80' lang='lat' dir='ltr'><strong>Domino,</strong></span> <span class='ocrx_word' id='word_1_324' title='bbox 531 4064 689 4121; x_wconf 88' lang='lat' dir='ltr'><strong>quam</strong></span> <span class='ocrx_word' id='word_1_325' title='bbox 722 4062 829 4103; x_wconf 91' lang='lat' dir='ltr'><strong>non</strong></span> <span class='ocrx_word' id='word_1_326' title='bbox 872 4047 1060 4102; x_wconf 89' lang='lat' dir='ltr'><strong>fuisset</strong></span> <span class='ocrx_word' id='word_1_327' title='bbox 1101 4044 1151 4107; x_wconf 87' lang='lat' dir='ltr'><strong>ei</strong></span> <span class='ocrx_word' id='word_1_328' title='bbox 1192 4043 1412 4099; x_wconf 84' lang='lat' dir='ltr'><strong>difﬁcile</strong></span> <span class='ocrx_word' id='word_1_329' title='bbox 1441 4042 1587 4112; x_wconf 90' lang='lat' dir='ltr'><strong>ipsos</strong></span> <span class='ocrx_word' id='word_1_330' title='bbox 1616 4042 1828 4112; x_wconf 88' lang='lat' dir='ltr'><strong>punire,</strong></span> 
     </span>
    </p>
   </div>
   <div class='ocr_carea' id='block_1_42' title="bbox 228 4135 1831 4217">
    <p class='ocr_par' dir='ltr' id='par_1_42' title="bbox 228 4135 1831 4217">
     <span class='ocr_line' id='line_1_42' title="bbox 228 4135 1831 4217; baseline -0.008 -15"><span class='ocrx_word' id='word_1_331' title='bbox 228 4148 320 4217; x_wconf 85' lang='lat' dir='ltr'><strong>qui</strong></span> <span class='ocrx_word' id='word_1_332' title='bbox 365 4155 476 4200; x_wconf 88' lang='lat' dir='ltr'><strong>tam</strong></span> <span class='ocrx_word' id='word_1_333' title='bbox 506 4141 665 4198; x_wconf 86' lang='lat' dir='ltr'><strong>facile</strong></span> <span class='ocrx_word' id='word_1_334' title='bbox 711 4148 910 4196; x_wconf 90' lang='lat' dir='ltr'><strong>terram</strong></span> <span class='ocrx_word' id='word_1_335' title='bbox 961 4137 1256 4192; x_wconf 86' lang='lat' dir='ltr'><strong>commovit</strong></span> <span class='ocrx_word' id='word_1_336' title='bbox 1303 4145 1357 4191; x_wconf 94' lang='lat' dir='ltr'><strong>et</strong></span> <span class='ocrx_word' id='word_1_337' title='bbox 1395 4135 1563 4191; x_wconf 90' lang='lat' dir='ltr'><strong>solem</strong></span> <span class='ocrx_word' id='word_1_338' title='bbox 1607 4146 1831 4205; x_wconf 87' lang='lat' dir='ltr'><strong>repente</strong></span> 
     </span>
    </p>
   </div>
   <div class='ocr_carea' id='block_1_43' title="bbox 229 4228 1827 4302">
    <p class='ocr_par' dir='ltr' id='par_1_43' title="bbox 229 4228 1827 4302">
     <span class='ocr_line' id='line_1_43' title="bbox 229 4228 1827 4302; baseline -0.008 -10"><span class='ocrx_word' id='word_1_339' title='bbox 229 4235 510 4294; x_wconf 85' lang='lat' dir='ltr'><strong>obscurari</strong></span> <span class='ocrx_word' id='word_1_340' title='bbox 540 4231 813 4302; x_wconf 66' lang='lat' dir='ltr'><strong>prmeepit.</strong></span> <span class='ocrx_word' id='word_1_341' title='bbox 843 4228 913 4284; x_wconf 86' lang='lat' dir='ltr'><strong>Et</strong></span> <span class='ocrx_word' id='word_1_342' title='bbox 941 4230 1065 4300; x_wconf 88' lang='lat' dir='ltr'><strong>quia</strong></span> <span class='ocrx_word' id='word_1_343' title='bbox 1097 4237 1203 4282; x_wconf 90' lang='lat' dir='ltr'><strong>tam</strong></span> <span class='ocrx_word' id='word_1_344' title='bbox 1227 4235 1543 4282; x_wconf 88' lang='lat' dir='ltr'><strong>mansuetus</strong></span> <span class='ocrx_word' id='word_1_345' title='bbox 1570 4228 1667 4281; x_wconf 90' lang='lat' dir='ltr'><strong>fuit</strong></span> <span class='ocrx_word' id='word_1_346' title='bbox 1688 4228 1827 4295; x_wconf 88' lang='lat' dir='ltr'><strong>ipse,</strong></span> 
     </span>
    </p>
   </div>
   <div class='ocr_carea' id='block_1_44' title="bbox 230 4318 1834 4389">
    <p class='ocr_par' dir='ltr' id='par_1_44' title="bbox 230 4318 1834 4389">
     <span class='ocr_line' id='line_1_44' title="bbox 230 4318 1834 4389; baseline -0.007 -7"><span class='ocrx_word' id='word_1_347' title='bbox 230 4338 422 4382; x_wconf 91' lang='lat' dir='ltr'><strong>utnon</strong></span> <span class='ocrx_word' id='word_1_348' title='bbox 455 4324 631 4380; x_wconf 89' lang='lat' dir='ltr'><strong>solum</strong></span> <span class='ocrx_word' id='word_1_349' title='bbox 675 4330 956 4377; x_wconf 89' lang='lat' dir='ltr'><strong>mansuete</strong></span> <span class='ocrx_word' id='word_1_350' title='bbox 983 4318 1167 4375; x_wconf 90' lang='lat' dir='ltr'><strong>tulerit</strong></span> <span class='ocrx_word' id='word_1_351' title='bbox 1196 4333 1291 4374; x_wconf 91' lang='lat' dir='ltr'><strong>eos</strong></span> <span class='ocrx_word' id='word_1_352' title='bbox 1317 4320 1406 4389; x_wconf 92' lang='lat' dir='ltr'><strong>qui</strong></span> <span class='ocrx_word' id='word_1_353' title='bbox 1443 4318 1834 4388; x_wconf 84' lang='lat' dir='ltr'><strong>crucifigehaut</strong></span> 
     </span>
    </p>
   </div>
   <div class='ocr_carea' id='block_1_45' title="bbox 228 4409 1836 4485">
    <p class='ocr_par' dir='ltr' id='par_1_45' title="bbox 228 4409 1836 4485">
     <span class='ocr_line' id='line_1_45' title="bbox 228 4409 1836 4485; baseline -0.006 -11"><span class='ocrx_word' id='word_1_354' title='bbox 228 4427 284 4474; x_wconf 88' lang='lat' dir='ltr'><strong>et</strong></span> <span class='ocrx_word' id='word_1_355' title='bbox 324 4413 793 4485; x_wconf 88' lang='lat' dir='ltr'><strong>blasphemabant,</strong></span> <span class='ocrx_word' id='word_1_356' title='bbox 838 4411 932 4466; x_wconf 85' lang='lat' dir='ltr'><strong>sed</strong></span> <span class='ocrx_word' id='word_1_357' title='bbox 980 4418 1037 4467; x_wconf 90' lang='lat' dir='ltr'><strong>et</strong></span> <span class='ocrx_word' id='word_1_358' title='bbox 1080 4410 1295 4466; x_wconf 82' lang='lat' dir='ltr'><strong>Patrem</strong></span> <span class='ocrx_word' id='word_1_359' title='bbox 1333 4409 1722 4471; x_wconf 87' lang='lat' dir='ltr'><strong>obsecraverit,</strong></span> <span class='ocrx_word' id='word_1_360' title='bbox 1765 4425 1836 4464; x_wconf 91' lang='lat' dir='ltr'><strong>ne</strong></span> 
     </span>
    </p>
   </div>
   <div class='ocr_carea' id='block_1_46' title="bbox 229 4501 1822 4572">
    <p class='ocr_par' dir='ltr' id='par_1_46' title="bbox 229 4501 1822 4572">
     <span class='ocr_line' id='line_1_46' title="bbox 229 4501 1822 4572; baseline -0.006 -7"><span class='ocrx_word' id='word_1_361' title='bbox 229 4506 539 4565; x_wconf 70' lang='lat' dir='ltr'><strong>ctelestibus</strong></span> <span class='ocrx_word' id='word_1_362' title='bbox 587 4504 847 4560; x_wconf 88' lang='lat' dir='ltr'><strong>adversus</strong></span> <span class='ocrx_word' id='word_1_363' title='bbox 887 4502 1081 4572; x_wconf 90' lang='lat' dir='ltr'><strong>impios</strong></span> <span class='ocrx_word' id='word_1_364' title='bbox 1120 4502 1242 4557; x_wconf 89' lang='lat' dir='ltr'><strong>telis</strong></span> <span class='ocrx_word' id='word_1_365' title='bbox 1290 4501 1822 4565; x_wconf 75' lang='lat' dir='ltr'><strong>utereturzidcirco,</strong></span> 
     </span>
    </p>
   </div>
   <div class='ocr_carea' id='block_1_47' title="bbox 228 4593 1835 4668">
    <p class='ocr_par' dir='ltr' id='par_1_47' title="bbox 228 4593 1835 4668">
     <span class='ocr_line' id='line_1_47' title="bbox 228 4593 1835 4668; baseline -0.004 -12"><span class='ocrx_word' id='word_1_366' title='bbox 228 4616 351 4656; x_wconf 92' lang='lat' dir='ltr'><strong>cum</strong></span> <span class='ocrx_word' id='word_1_367' title='bbox 380 4606 438 4655; x_wconf 89' lang='lat' dir='ltr'><strong>et</strong></span> <span class='ocrx_word' id='word_1_368' title='bbox 464 4597 557 4653; x_wconf 90' lang='lat' dir='ltr'><strong>tibi</strong></span> <span class='ocrx_word' id='word_1_369' title='bbox 586 4611 749 4668; x_wconf 87' lang='lat' dir='ltr'><strong>grave</strong></span> <span class='ocrx_word' id='word_1_370' title='bbox 778 4595 992 4665; x_wconf 89' lang='lat' dir='ltr'><strong>aliquod</strong></span> <span class='ocrx_word' id='word_1_371' title='bbox 1015 4602 1069 4650; x_wconf 90' lang='lat' dir='ltr'><strong>et</strong></span> <span class='ocrx_word' id='word_1_372' title='bbox 1093 4594 1288 4648; x_wconf 91' lang='lat' dir='ltr'><strong>durum</strong></span> <span class='ocrx_word' id='word_1_373' title='bbox 1312 4593 1501 4650; x_wconf 89' lang='lat' dir='ltr'><strong>ferenti</strong></span> <span class='ocrx_word' id='word_1_374' title='bbox 1534 4596 1835 4663; x_wconf 86' lang='lat' dir='ltr'><strong>subrepunt</strong></span> 
     </span>
    </p>
   </div>
   <div class='ocr_carea' id='block_1_48' title="bbox 231 4682 1833 4753">
    <p class='ocr_par' dir='ltr' id='par_1_48' title="bbox 231 4682 1833 4753">
     <span class='ocr_line' id='line_1_48' title="bbox 231 4682 1833 4753; baseline -0.004 -7"><span class='ocrx_word' id='word_1_375' title='bbox 231 4693 383 4746; x_wconf 89' lang='lat' dir='ltr'><strong>furor</strong></span> <span class='ocrx_word' id='word_1_376' title='bbox 410 4698 467 4744; x_wconf 90' lang='lat' dir='ltr'><strong>et</strong></span> <span class='ocrx_word' id='word_1_377' title='bbox 497 4682 597 4753; x_wconf 73' lang='lat' dir='ltr'><strong>ira,</strong></span> <span class='ocrx_word' id='word_1_378' title='bbox 628 4686 916 4743; x_wconf 85' lang='lat' dir='ltr'><strong>recordare</strong></span> <span class='ocrx_word' id='word_1_379' title='bbox 944 4686 1373 4741; x_wconf 87' lang='lat' dir='ltr'><strong>mansuetudinis</strong></span> <span class='ocrx_word' id='word_1_380' title='bbox 1398 4686 1616 4751; x_wconf 76' lang='lat' dir='ltr'><strong>Christi,</strong></span> <span class='ocrx_word' id='word_1_381' title='bbox 1647 4695 1703 4740; x_wconf 92' lang='lat' dir='ltr'><strong>ct</strong></span> <span class='ocrx_word' id='word_1_382' title='bbox 1727 4697 1833 4740; x_wconf 85' lang='lat' dir='ltr'><strong>sta-</strong></span> 
     </span>
    </p>
   </div>
   <div class='ocr_carea' id='block_1_49' title="bbox 232 4774 1830 4838">
    <p class='ocr_par' dir='ltr' id='par_1_49' title="bbox 232 4774 1830 4838">
     <span class='ocr_line' id='line_1_49' title="bbox 232 4774 1830 4838; baseline -0.003 0"><span class='ocrx_word' id='word_1_383' title='bbox 232 4787 325 4838; x_wconf 90' lang='lat' dir='ltr'><strong>tim</strong></span> <span class='ocrx_word' id='word_1_384' title='bbox 370 4791 685 4837; x_wconf 88' lang='lat' dir='ltr'><strong>mansuetus</strong></span> <span class='ocrx_word' id='word_1_385' title='bbox 730 4780 840 4835; x_wconf 89' lang='lat' dir='ltr'><strong>eris</strong></span> <span class='ocrx_word' id='word_1_386' title='bbox 869 4794 933 4833; x_wconf 90' lang='lat' dir='ltr'><strong>ac</strong></span> <span class='ocrx_word' id='word_1_387' title='bbox 963 4779 1202 4833; x_wconf 90' lang='lat' dir='ltr'><strong>clemens</strong></span> <span class='ocrx_word' id='word_1_388' title='bbox 1233 4796 1245 4833; x_wconf 89' lang='lat'><strong>:</strong></span> <span class='ocrx_word' id='word_1_389' title='bbox 1278 4787 1333 4833; x_wconf 93' lang='lat' dir='ltr'><strong>et</strong></span> <span class='ocrx_word' id='word_1_390' title='bbox 1371 4795 1477 4833; x_wconf 93' lang='lat' dir='ltr'><strong>non</strong></span> <span class='ocrx_word' id='word_1_391' title='bbox 1511 4774 1694 4834; x_wconf 70' lang='lat' dir='ltr'><strong>&#39;solum</strong></span> <span class='ocrx_word' id='word_1_392' title='bbox 1738 4779 1830 4834; x_wconf 86' lang='lat' dir='ltr'><strong>tibi</strong></span> 
     </span>
    </p>
   </div>
   <div class='ocr_carea' id='block_1_50' title="bbox 231 4870 1833 4945">
    <p class='ocr_par' dir='ltr' id='par_1_50' title="bbox 231 4870 1833 4945">
     <span class='ocr_line' id='line_1_50' title="bbox 231 4870 1833 4945; baseline -0.004 -14"><span class='ocrx_word' id='word_1_393' title='bbox 231 4876 331 4945; x_wconf 89' lang='lat' dir='ltr'><strong>ipsi</strong></span> <span class='ocrx_word' id='word_1_394' title='bbox 372 4873 703 4943; x_wconf 89' lang='lat' dir='ltr'><strong>benignitate</strong></span> <span class='ocrx_word' id='word_1_395' title='bbox 743 4881 831 4925; x_wconf 91' lang='lat' dir='ltr'><strong>tua</strong></span> <span class='ocrx_word' id='word_1_396' title='bbox 883 4871 1171 4941; x_wconf 84' lang='lat' dir='ltr'><strong>plurimum</strong></span> <span class='ocrx_word' id='word_1_397' title='bbox 1217 4871 1349 4925; x_wconf 89' lang='lat' dir='ltr'><strong>lucri</strong></span> <span class='ocrx_word' id='word_1_398' title='bbox 1398 4870 1586 4935; x_wconf 82' lang='lat' dir='ltr'><strong>facies,</strong></span> <span class='ocrx_word' id='word_1_399' title='bbox 1637 4872 1731 4926; x_wconf 90' lang='lat' dir='ltr'><strong>sed</strong></span> <span class='ocrx_word' id='word_1_400' title='bbox 1776 4881 1833 4926; x_wconf 89' lang='lat' dir='ltr'><strong>et</strong></span> 
     </span>
    </p>
   </div>
   <div class='ocr_carea' id='block_1_51' title="bbox 232 4961 1830 5034">
    <p class='ocr_par' dir='ltr' id='par_1_51' title="bbox 232 4961 1830 5034">
     <span class='ocr_line' id='line_1_51' title="bbox 232 4961 1830 5034; baseline -0.004 -12"><span class='ocrx_word' id='word_1_401' title='bbox 232 4966 467 5023; x_wconf 89' lang='lat' dir='ltr'><strong>inimicis</strong></span> <span class='ocrx_word' id='word_1_402' title='bbox 516 4964 763 5034; x_wconf 86' lang='lat' dir='ltr'><strong>proderis</strong></span> <span class='ocrx_word' id='word_1_403' title='bbox 803 4962 1116 5031; x_wconf 89' lang='lat' dir='ltr'><strong>plurimum,</strong></span> <span class='ocrx_word' id='word_1_404' title='bbox 1166 4961 1423 5017; x_wconf 83' lang='lat' dir='ltr'><strong>erudiens</strong></span> <span class='ocrx_word' id='word_1_405' title='bbox 1466 4962 1589 5016; x_wconf 89' lang='lat' dir='ltr'><strong>illos</strong></span> <span class='ocrx_word' id='word_1_406' title='bbox 1635 4971 1694 5015; x_wconf 94' lang='lat' dir='ltr'><strong>ut</strong></span> <span class='ocrx_word' id='word_1_407' title='bbox 1732 4962 1830 5030; x_wconf 90' lang='lat' dir='ltr'><strong>ipsi</strong></span> 
     </span>
    </p>
   </div>
   <div class='ocr_carea' id='block_1_52' title="bbox 232 5053 1833 5128">
    <p class='ocr_par' dir='ltr' id='par_1_52' title="bbox 232 5053 1833 5128">
     <span class='ocr_line' id='line_1_52' title="bbox 232 5053 1833 5128; baseline -0.002 -15"><span class='ocrx_word' id='word_1_408' title='bbox 232 5058 449 5128; x_wconf 81' lang='lat' dir='ltr'><strong>benigni</strong></span> <span class='ocrx_word' id='word_1_409' title='bbox 479 5056 626 5110; x_wconf 89' lang='lat' dir='ltr'><strong>fiant.</strong></span> <span class='ocrx_word' id='word_1_410' title='bbox 658 5054 915 5110; x_wconf 85' lang='lat' dir='ltr'><strong>Videntes</strong></span> <span class='ocrx_word' id='word_1_411' title='bbox 941 5054 1083 5108; x_wconf 91' lang='lat' dir='ltr'><strong>enim</strong></span> <span class='ocrx_word' id='word_1_412' title='bbox 1119 5062 1169 5108; x_wconf 91' lang='lat' dir='ltr'><strong>te</strong></span> <span class='ocrx_word' id='word_1_413' title='bbox 1196 5063 1435 5108; x_wconf 84' lang='lat' dir='ltr'><strong>extrema</strong></span> <span class='ocrx_word' id='word_1_414' title='bbox 1459 5053 1745 5108; x_wconf 73' lang='lat' dir='ltr'><strong>&#39;sustinere</strong></span> <span class='ocrx_word' id='word_1_415' title='bbox 1778 5062 1833 5109; x_wconf 88' lang='lat' dir='ltr'><strong>ct</strong></span> 
     </span>
    </p>
   </div>
   <div class='ocr_carea' id='block_1_53' title="bbox 234 5144 1831 5215">
    <p class='ocr_par' dir='ltr' id='par_1_53' title="bbox 234 5144 1831 5215">
     <span class='ocr_line' id='line_1_53' title="bbox 234 5144 1831 5215; baseline -0.002 -11"><span class='ocrx_word' id='word_1_416' title='bbox 234 5152 366 5205; x_wconf 89' lang='lat' dir='ltr'><strong>iram</strong></span> <span class='ocrx_word' id='word_1_417' title='bbox 400 5155 683 5203; x_wconf 86' lang='lat' dir='ltr'><strong>mansuete</strong></span> <span class='ocrx_word' id='word_1_418' title='bbox 714 5146 877 5210; x_wconf 89' lang='lat' dir='ltr'><strong>ferre,</strong></span> <span class='ocrx_word' id='word_1_419' title='bbox 914 5147 1094 5200; x_wconf 87' lang='lat' dir='ltr'><strong>statim</strong></span> <span class='ocrx_word' id='word_1_420' title='bbox 1131 5146 1305 5215; x_wconf 91' lang='lat' dir='ltr'><strong>posito</strong></span> <span class='ocrx_word' id='word_1_421' title='bbox 1344 5144 1522 5200; x_wconf 89' lang='lat' dir='ltr'><strong>furore</strong></span> <span class='ocrx_word' id='word_1_422' title='bbox 1562 5148 1831 5201; x_wconf 89' lang='lat' dir='ltr'><strong>mansueti</strong></span> 
     </span>
    </p>
   </div>
   <div class='ocr_carea' id='block_1_54' title="bbox 232 5236 1833 5308">
    <p class='ocr_par' dir='ltr' id='par_1_54' title="bbox 232 5236 1833 5308">
     <span class='ocr_line' id='line_1_54' title="bbox 232 5236 1833 5308; baseline -0.002 -12"><span class='ocrx_word' id='word_1_423' title='bbox 232 5250 287 5296; x_wconf 89' lang='lat' dir='ltr'><strong>et</strong></span> <span class='ocrx_word' id='word_1_424' title='bbox 312 5242 464 5295; x_wconf 89' lang='lat' dir='ltr'><strong>lenes</strong></span> <span class='ocrx_word' id='word_1_425' title='bbox 496 5239 596 5308; x_wconf 88' lang='lat' dir='ltr'><strong>ipsi</strong></span> <span class='ocrx_word' id='word_1_426' title='bbox 643 5239 796 5304; x_wconf 88' lang='lat' dir='ltr'><strong>fient,</strong></span> <span class='ocrx_word' id='word_1_427' title='bbox 826 5238 1367 5306; x_wconf 90' lang='lat' dir='ltr'><strong>mansuetudinisque</strong></span> <span class='ocrx_word' id='word_1_428' title='bbox 1398 5246 1500 5290; x_wconf 70' lang='lat' dir='ltr'><strong>tua:</strong></span> <span class='ocrx_word' id='word_1_429' title='bbox 1532 5236 1833 5293; x_wconf 87' lang='lat' dir='ltr'><strong>imitatores</strong></span> 
     </span>
    </p>
   </div>
   <div class='ocr_carea' id='block_1_55' title="bbox 235 5326 1831 5399">
    <p class='ocr_par' dir='ltr' id='par_1_55' title="bbox 235 5326 1831 5399">
     <span class='ocr_line' id='line_1_55' title="bbox 235 5326 1831 5399; baseline -0.001 -14"><span class='ocrx_word' id='word_1_430' title='bbox 235 5348 353 5387; x_wconf 83' lang='lat' dir='ltr'><strong>csse</strong></span> <span class='ocrx_word' id='word_1_431' title='bbox 406 5332 641 5399; x_wconf 86' lang='lat' dir='ltr'><strong>cupient.</strong></span> <span class='ocrx_word' id='word_1_432' title='bbox 690 5327 923 5383; x_wconf 88' lang='lat' dir='ltr'><strong>Proinde</strong></span> <span class='ocrx_word' id='word_1_433' title='bbox 974 5328 1217 5397; x_wconf 90' lang='lat' dir='ltr'><strong>quisquis</strong></span> <span class='ocrx_word' id='word_1_434' title='bbox 1268 5326 1557 5382; x_wconf 79' lang='lat' dir='ltr'><strong>iracundos</strong></span> <span class='ocrx_word' id='word_1_435' title='bbox 1614 5328 1831 5383; x_wconf 85' lang='lat' dir='ltr'><strong>vincere</strong></span> 
     </span>
    </p>
   </div>
   <div class='ocr_carea' id='block_1_56' title="bbox 236 5418 1827 5489">
    <p class='ocr_par' dir='ltr' id='par_1_56' title="bbox 236 5418 1827 5489">
     <span class='ocr_line' id='line_1_56' title="bbox 236 5418 1827 5489; baseline -0.002 -14"><span class='ocrx_word' id='word_1_436' title='bbox 236 5422 486 5484; x_wconf 88' lang='lat' dir='ltr'><strong>voluerit,</strong></span> <span class='ocrx_word' id='word_1_437' title='bbox 518 5420 726 5475; x_wconf 87' lang='lat' dir='ltr'><strong>fortiter</strong></span> <span class='ocrx_word' id='word_1_438' title='bbox 758 5418 895 5473; x_wconf 89' lang='lat' dir='ltr'><strong>ferat</strong></span> <span class='ocrx_word' id='word_1_439' title='bbox 938 5419 1163 5488; x_wconf 81' lang='lat' dir='ltr'><strong>injurias</strong></span> <span class='ocrx_word' id='word_1_440' title='bbox 1193 5427 1247 5473; x_wconf 90' lang='lat' dir='ltr'><strong>et</strong></span> <span class='ocrx_word' id='word_1_441' title='bbox 1277 5418 1525 5483; x_wconf 89' lang='lat' dir='ltr'><strong>verbera,</strong></span> <span class='ocrx_word' id='word_1_442' title='bbox 1555 5434 1827 5489; x_wconf 86' lang='lat' dir='ltr'><strong>magnam-</strong></span> 
     </span>
    </p>
   </div>
   <div class='ocr_carea' id='block_1_57' title="bbox 235 5509 1831 5582">
    <p class='ocr_par' dir='ltr' id='par_1_57' title="bbox 235 5509 1831 5582">
     <span class='ocr_line' id='line_1_57' title="bbox 235 5509 1831 5582; baseline 0.001 -18"><span class='ocrx_word' id='word_1_443' title='bbox 235 5528 339 5581; x_wconf 86' lang='lat' dir='ltr'><strong>que</strong></span> <span class='ocrx_word' id='word_1_444' title='bbox 364 5513 483 5581; x_wconf 86' lang='lat' dir='ltr'><strong>ejns</strong></span> <span class='ocrx_word' id='word_1_445' title='bbox 512 5510 602 5582; x_wconf 91' lang='lat' dir='ltr'><strong>qui</strong></span> <span class='ocrx_word' id='word_1_446' title='bbox 634 5509 945 5566; x_wconf 77' lang='lat' dir='ltr'><strong>verberibus</strong></span> <span class='ocrx_word' id='word_1_447' title='bbox 974 5510 1025 5563; x_wconf 92' lang='lat' dir='ltr'><strong>in</strong></span> <span class='ocrx_word' id='word_1_448' title='bbox 1049 5524 1108 5564; x_wconf 89' lang='lat' dir='ltr'><strong>se</strong></span> <span class='ocrx_word' id='word_1_449' title='bbox 1137 5509 1394 5564; x_wconf 60' lang='lat' dir='ltr'><strong>saeviebat</strong></span> <span class='ocrx_word' id='word_1_450' title='bbox 1418 5511 1831 5565; x_wconf 80' lang='lat' dir='ltr'><strong>conversionem</strong></span> 
     </span>
    </p>
   </div>
   <div class='ocr_carea' id='block_1_58' title="bbox 236 5603 1838 5675">
    <p class='ocr_par' dir='ltr' id='par_1_58' title="bbox 236 5603 1838 5675">
     <span class='ocr_line' id='line_1_58' title="bbox 236 5603 1838 5675; baseline -0.001 -16"><span class='ocrx_word' id='word_1_451' title='bbox 236 5605 456 5661; x_wconf 83' lang='lat' dir='ltr'><strong>videbit.</strong></span> <span class='ocrx_word' id='word_1_452' title='bbox 491 5605 564 5659; x_wconf 82' lang='lat' dir='ltr'><strong>At</strong></span> <span class='ocrx_word' id='word_1_453' title='bbox 590 5604 634 5659; x_wconf 91' lang='lat' dir='ltr'><strong>si</strong></span> <span class='ocrx_word' id='word_1_454' title='bbox 660 5605 822 5659; x_wconf 88' lang='lat' dir='ltr'><strong>etiam</strong></span> <span class='ocrx_word' id='word_1_455' title='bbox 855 5604 971 5675; x_wconf 90' lang='lat' dir='ltr'><strong>ipse</strong></span> <span class='ocrx_word' id='word_1_456' title='bbox 1001 5604 1066 5657; x_wconf 88' lang='lat' dir='ltr'><strong>ab</strong></span> <span class='ocrx_word' id='word_1_457' title='bbox 1094 5604 1169 5657; x_wconf 89' lang='lat' dir='ltr'><strong>ira</strong></span> <span class='ocrx_word' id='word_1_458' title='bbox 1196 5603 1452 5669; x_wconf 89' lang='lat' dir='ltr'><strong>vinceris,</strong></span> <span class='ocrx_word' id='word_1_459' title='bbox 1481 5604 1706 5658; x_wconf 74' lang='lat' dir='ltr'><strong>eludens</strong></span> <span class='ocrx_word' id='word_1_460' title='bbox 1737 5607 1838 5659; x_wconf 71' lang='lat' dir='ltr'><strong>n.2-</strong></span> 
     </span>
    </p>
   </div>
   <div class='ocr_carea' id='block_1_59' title="bbox 236 5697 1831 5768">
    <p class='ocr_par' dir='ltr' id='par_1_59' title="bbox 236 5697 1831 5768">
     <span class='ocr_line' id='line_1_59' title="bbox 236 5697 1831 5768; baseline 0 -15"><span class='ocrx_word' id='word_1_461' title='bbox 236 5699 434 5753; x_wconf 89' lang='lat' dir='ltr'><strong>micum</strong></span> <span class='ocrx_word' id='word_1_462' title='bbox 465 5698 578 5768; x_wconf 90' lang='lat' dir='ltr'><strong>pari</strong></span> <span class='ocrx_word' id='word_1_463' title='bbox 610 5697 814 5752; x_wconf 89' lang='lat' dir='ltr'><strong>insania</strong></span> <span class='ocrx_word' id='word_1_464' title='bbox 860 5697 1064 5762; x_wconf 88' lang='lat' dir='ltr'><strong>ulcisci,</strong></span> <span class='ocrx_word' id='word_1_465' title='bbox 1114 5697 1292 5751; x_wconf 90' lang='lat' dir='ltr'><strong>nullus</strong></span> <span class='ocrx_word' id='word_1_466' title='bbox 1339 5712 1588 5767; x_wconf 69' lang='lat' dir='ltr'><strong>antiquam</strong></span> <span class='ocrx_word' id='word_1_467' title='bbox 1635 5698 1831 5754; x_wconf 89' lang='lat' dir='ltr'><strong>irarum</strong></span> 
     </span>
    </p>
   </div>
   <div class='ocr_carea' id='block_1_60' title="bbox 238 5788 1831 5863">
    <p class='ocr_par' dir='ltr' id='par_1_60' title="bbox 238 5788 1831 5863">
     <span class='ocr_line' id='line_1_60' title="bbox 238 5788 1831 5863; baseline 0.001 -16"><span class='ocrx_word' id='word_1_468' title='bbox 238 5802 293 5847; x_wconf 85' lang='lat' dir='ltr'><strong>et</strong></span> <span class='ocrx_word' id='word_1_469' title='bbox 334 5805 632 5863; x_wconf 75' lang='lat' dir='ltr'><strong>pugnarum</strong></span> <span class='ocrx_word' id='word_1_470' title='bbox 658 5788 766 5847; x_wconf 87' lang='lat' dir='ltr'><strong>erit</strong></span> <span class='ocrx_word' id='word_1_471' title='bbox 788 5790 909 5845; x_wconf 85' lang='lat' dir='ltr'><strong>finis</strong></span> <span class='ocrx_word' id='word_1_472' title='bbox 935 5807 949 5855; x_wconf 71' lang='grc' dir='ltr'>ι</span> <span class='ocrx_word' id='word_1_473' title='bbox 978 5790 1071 5846; x_wconf 87' lang='lat' dir='ltr'><strong>sed</strong></span> <span class='ocrx_word' id='word_1_474' title='bbox 1104 5805 1318 5859; x_wconf 89' lang='lat' dir='ltr'><strong>semper</strong></span> <span class='ocrx_word' id='word_1_475' title='bbox 1350 5790 1439 5861; x_wconf 88' lang='lat' dir='ltr'><strong>qui</strong></span> <span class='ocrx_word' id='word_1_476' title='bbox 1482 5792 1753 5847; x_wconf 84' lang='lat' dir='ltr'><strong>insaniunt</strong></span> <span class='ocrx_word' id='word_1_477' title='bbox 1781 5804 1831 5849; x_wconf 80' lang='lat' dir='ltr'><strong>et</strong></span> 
     </span>
    </p>
   </div>
   <div class='ocr_carea' id='block_1_61' title="bbox 1436 321 2391 388">
    <p class='ocr_par' dir='ltr' id='par_1_61' title="bbox 1436 321 2391 388">
     <span class='ocr_line' id='line_1_61' title="bbox 1436 321 2391 388; baseline -0.012 1"><span class='ocrx_word' id='word_1_478' title='bbox 1436 332 1525 388; x_wconf 86' lang='lat' dir='ltr'><strong>DE</strong></span> <span class='ocrx_word' id='word_1_479' title='bbox 1563 321 2102 386; x_wconf 72' lang='lat' dir='ltr'><strong>MANSUETUDINE</strong></span> <span class='ocrx_word' id='word_1_480' title='bbox 2142 321 2391 380; x_wconf 76' lang='lat' dir='ltr'><strong>SERMO.</strong></span> 
     </span>
    </p>
   </div>
   <div class='ocr_carea' id='block_1_62' title="bbox 3456 318 3565 376">
    <p class='ocr_par' dir='ltr' id='par_1_62' title="bbox 3456 318 3565 376">
     <span class='ocr_line' id='line_1_62' title="bbox 3456 318 3565 376; baseline -0.037 0"><span class='ocrx_word' id='word_1_481' title='bbox 3456 318 3565 376; x_wconf 59' lang='grc' dir='ltr'><strong>δεδι</strong></span> 
     </span>
    </p>
   </div>
   <div class='ocr_carea' id='block_1_63' title="bbox 1959 433 3563 505">
    <p class='ocr_par' dir='ltr' id='par_1_63' title="bbox 1959 433 3563 505">
     <span class='ocr_line' id='line_1_63' title="bbox 1959 433 3563 505; baseline 0 -13"><span class='ocrx_word' id='word_1_482' title='bbox 1959 438 2130 492; x_wconf 83' lang='lat' dir='ltr'><strong>rabidi</strong></span> <span class='ocrx_word' id='word_1_483' title='bbox 2165 448 2311 505; x_wconf 85' lang='lat' dir='ltr'><strong>sunt,</strong></span> <span class='ocrx_word' id='word_1_484' title='bbox 2354 448 2408 494; x_wconf 90' lang='lat' dir='ltr'><strong>et</strong></span> <span class='ocrx_word' id='word_1_485' title='bbox 2440 439 2655 494; x_wconf 89' lang='lat' dir='ltr'><strong>vincere</strong></span> <span class='ocrx_word' id='word_1_486' title='bbox 2681 438 2817 493; x_wconf 85' lang='lat' dir='ltr'><strong>alios</strong></span> <span class='ocrx_word' id='word_1_487' title='bbox 2853 435 3110 493; x_wconf 84' lang='lat' dir='ltr'><strong>conviciis</strong></span> <span class='ocrx_word' id='word_1_488' title='bbox 3149 445 3204 492; x_wconf 90' lang='lat' dir='ltr'><strong>ct</strong></span> <span class='ocrx_word' id='word_1_489' title='bbox 3247 433 3563 492; x_wconf 77' lang='lat' dir='ltr'><strong>verberibus</strong></span> 
     </span>
    </p>
   </div>
   <div class='ocr_carea' id='block_1_64' title="bbox 1957 530 3558 601">
    <p class='ocr_par' dir='ltr' id='par_1_64' title="bbox 1957 530 3558 601">
     <span class='ocr_line' id='line_1_64' title="bbox 1957 530 3558 601; baseline -0.001 -17"><span class='ocrx_word' id='word_1_490' title='bbox 1957 531 2215 599; x_wconf 84' lang='lat' dir='ltr'><strong>cogitant,</strong></span> <span class='ocrx_word' id='word_1_491' title='bbox 2250 532 2300 585; x_wconf 92' lang='lat' dir='ltr'><strong>in</strong></span> <span class='ocrx_word' id='word_1_492' title='bbox 2331 532 2654 586; x_wconf 90' lang='lat' dir='ltr'><strong>immensum</strong></span> <span class='ocrx_word' id='word_1_493' title='bbox 2686 530 2885 585; x_wconf 81' lang='lat' dir='ltr'><strong>bellum</strong></span> <span class='ocrx_word' id='word_1_494' title='bbox 2908 539 2964 585; x_wconf 90' lang='lat' dir='ltr'><strong>et</strong></span> <span class='ocrx_word' id='word_1_495' title='bbox 2995 545 3225 601; x_wconf 79' lang='lat' dir='ltr'><strong>pugnem</strong></span> <span class='ocrx_word' id='word_1_496' title='bbox 3246 540 3558 599; x_wconf 89' lang='lat' dir='ltr'><strong>erumpunt,</strong></span> 
     </span>
    </p>
   </div>
   <div class='ocr_carea' id='block_1_65' title="bbox 1955 623 3560 695">
    <p class='ocr_par' dir='ltr' id='par_1_65' title="bbox 1955 623 3560 695">
     <span class='ocr_line' id='line_1_65' title="bbox 1955 623 3560 695; baseline 0.001 -19"><span class='ocrx_word' id='word_1_497' title='bbox 1955 634 2144 677; x_wconf 89' lang='lat' dir='ltr'><strong>mutuo</strong></span> <span class='ocrx_word' id='word_1_498' title='bbox 2176 623 2521 688; x_wconf 87' lang='lat' dir='ltr'><strong>insidiantur,</strong></span> <span class='ocrx_word' id='word_1_499' title='bbox 2564 623 2869 685; x_wconf 85' lang='lat' dir='ltr'><strong>calumnias</strong></span> <span class='ocrx_word' id='word_1_500' title='bbox 2897 631 3134 689; x_wconf 83' lang='lat' dir='ltr'><strong>struunt,</strong></span> <span class='ocrx_word' id='word_1_501' title='bbox 3181 623 3425 695; x_wconf 71' lang='lat' dir='ltr'><strong>peierare</strong></span> <span class='ocrx_word' id='word_1_502' title='bbox 3464 636 3560 678; x_wconf 88' lang='lat' dir='ltr'><strong>au-</strong></span> 
     </span>
    </p>
   </div>
   <div class='ocr_carea' id='block_1_66' title="bbox 1953 712 3558 784">
    <p class='ocr_par' dir='ltr' id='par_1_66' title="bbox 1953 712 3558 784">
     <span class='ocr_line' id='line_1_66' title="bbox 1953 712 3558 784; baseline 0 -16"><span class='ocrx_word' id='word_1_503' title='bbox 1953 712 2104 780; x_wconf 89' lang='lat' dir='ltr'><strong>dent,</strong></span> <span class='ocrx_word' id='word_1_504' title='bbox 2137 724 2192 769; x_wconf 92' lang='lat' dir='ltr'><strong>et</strong></span> <span class='ocrx_word' id='word_1_505' title='bbox 2220 715 2595 771; x_wconf 83' lang='lat' dir='ltr'><strong>accusationes</strong></span> <span class='ocrx_word' id='word_1_506' title='bbox 2624 714 2956 771; x_wconf 87' lang='lat' dir='ltr'><strong>meditantur</strong></span> <span class='ocrx_word' id='word_1_507' title='bbox 2994 729 3185 771; x_wconf 86' lang='lat' dir='ltr'><strong>eorum</strong></span> <span class='ocrx_word' id='word_1_508' title='bbox 3224 728 3345 784; x_wconf 69' lang='lat' dir='ltr'><strong>qua!</strong></span> <span class='ocrx_word' id='word_1_509' title='bbox 3374 728 3558 784; x_wconf 88' lang='lat' dir='ltr'><strong>neque</strong></span> 
     </span>
    </p>
   </div>
   <div class='ocr_carea' id='block_1_67' title="bbox 1951 807 3558 880">
    <p class='ocr_par' dir='ltr' id='par_1_67' title="bbox 1951 807 3558 880">
     <span class='ocr_line' id='line_1_67' title="bbox 1951 807 3558 880; baseline 0.002 -20"><span class='ocrx_word' id='word_1_510' title='bbox 1951 807 2202 862; x_wconf 86' lang='lat' dir='ltr'><strong>viderunt</strong></span> <span class='ocrx_word' id='word_1_511' title='bbox 2227 824 2403 878; x_wconf 90' lang='lat' dir='ltr'><strong>neque</strong></span> <span class='ocrx_word' id='word_1_512' title='bbox 2430 810 2719 865; x_wconf 90' lang='lat' dir='ltr'><strong>audierunt</strong></span> <span class='ocrx_word' id='word_1_513' title='bbox 2745 828 2759 867; x_wconf 90' lang='lat'><strong>:</strong></span> <span class='ocrx_word' id='word_1_514' title='bbox 2792 809 2844 864; x_wconf 87' lang='lat' dir='ltr'><strong>in</strong></span> <span class='ocrx_word' id='word_1_515' title='bbox 2867 810 2954 866; x_wconf 91' lang='lat' dir='ltr'><strong>die</strong></span> <span class='ocrx_word' id='word_1_516' title='bbox 2975 809 3196 880; x_wconf 88' lang='lat' dir='ltr'><strong>quidem</strong></span> <span class='ocrx_word' id='word_1_517' title='bbox 3222 809 3364 864; x_wconf 80' lang='lat' dir='ltr'><strong>sicut</strong></span> <span class='ocrx_word' id='word_1_518' title='bbox 3387 822 3558 865; x_wconf 84' lang='lat' dir='ltr'><strong>canes</strong></span> 
     </span>
    </p>
   </div>
   <div class='ocr_carea' id='block_1_68' title="bbox 1951 900 3557 973">
    <p class='ocr_par' dir='ltr' id='par_1_68' title="bbox 1951 900 3557 973">
     <span class='ocr_line' id='line_1_68' title="bbox 1951 900 3557 973; baseline 0.002 -20"><span class='ocrx_word' id='word_1_519' title='bbox 1951 900 2121 955; x_wconf 86' lang='lat' dir='ltr'><strong>rabidi</strong></span> <span class='ocrx_word' id='word_1_520' title='bbox 2163 911 2217 957; x_wconf 92' lang='lat' dir='ltr'><strong>et</strong></span> <span class='ocrx_word' id='word_1_521' title='bbox 2262 912 2570 973; x_wconf 72' lang='lat' dir='ltr'><strong>qnazrentes</strong></span> <span class='ocrx_word' id='word_1_522' title='bbox 2612 904 2911 969; x_wconf 89' lang='lat' dir='ltr'><strong>inimicum,</strong></span> <span class='ocrx_word' id='word_1_523' title='bbox 2941 910 3159 958; x_wconf 85' lang='lat' dir='ltr'><strong>noctem</strong></span> <span class='ocrx_word' id='word_1_524' title='bbox 3197 912 3379 958; x_wconf 86' lang='lat' dir='ltr'><strong>autem</strong></span> <span class='ocrx_word' id='word_1_525' title='bbox 3409 903 3557 973; x_wconf 88' lang='lat' dir='ltr'><strong>cogi-</strong></span> 
     </span>
    </p>
   </div>
   <div class='ocr_carea' id='block_1_69' title="bbox 1953 992 3555 1067">
    <p class='ocr_par' dir='ltr' id='par_1_69' title="bbox 1953 992 3555 1067">
     <span class='ocr_line' id='line_1_69' title="bbox 1953 992 3555 1067; baseline 0.001 -22"><span class='ocrx_word' id='word_1_526' title='bbox 1953 993 2113 1047; x_wconf 87' lang='lat' dir='ltr'><strong>tando</strong></span> <span class='ocrx_word' id='word_1_527' title='bbox 2143 995 2497 1060; x_wconf 71' lang='lat' dir='ltr'><strong>insumentes,</strong></span> <span class='ocrx_word' id='word_1_528' title='bbox 2542 995 2818 1067; x_wconf 90' lang='lat' dir='ltr'><strong>quomodo</strong></span> <span class='ocrx_word' id='word_1_529' title='bbox 2854 994 3055 1050; x_wconf 90' lang='lat' dir='ltr'><strong>malum</strong></span> <span class='ocrx_word' id='word_1_530' title='bbox 3098 992 3315 1065; x_wconf 89' lang='lat' dir='ltr'><strong>aliquod</strong></span> <span class='ocrx_word' id='word_1_531' title='bbox 3343 992 3555 1049; x_wconf 76' lang='lat' dir='ltr'><strong>machi-</strong></span> 
     </span>
    </p>
   </div>
   <div class='ocr_carea' id='block_1_70' title="bbox 1950 1086 3556 1158">
    <p class='ocr_par' dir='ltr' id='par_1_70' title="bbox 1950 1086 3556 1158">
     <span class='ocr_line' id='line_1_70' title="bbox 1950 1086 3556 1158; baseline -0.001 -19"><span class='ocrx_word' id='word_1_532' title='bbox 1950 1095 2147 1139; x_wconf 89' lang='lat' dir='ltr'><strong>nentur</strong></span> <span class='ocrx_word' id='word_1_533' title='bbox 2192 1096 2247 1142; x_wconf 92' lang='lat' dir='ltr'><strong>et</strong></span> <span class='ocrx_word' id='word_1_534' title='bbox 2289 1086 2512 1144; x_wconf 86' lang='lat' dir='ltr'><strong>insidias</strong></span> <span class='ocrx_word' id='word_1_535' title='bbox 2566 1097 2774 1158; x_wconf 88' lang='lat' dir='ltr'><strong>parent.</strong></span> <span class='ocrx_word' id='word_1_536' title='bbox 2823 1086 3046 1143; x_wconf 83' lang='lat' dir='ltr'><strong>Talibus</strong></span> <span class='ocrx_word' id='word_1_537' title='bbox 3097 1100 3277 1155; x_wconf 89' lang='lat' dir='ltr'><strong>neque</strong></span> <span class='ocrx_word' id='word_1_538' title='bbox 3328 1098 3556 1140; x_wconf 87' lang='lat' dir='ltr'><strong>somnus</strong></span> 
     </span>
    </p>
   </div>
   <div class='ocr_carea' id='block_1_71' title="bbox 1948 1176 3556 1251">
    <p class='ocr_par' dir='ltr' id='par_1_71' title="bbox 1948 1176 3556 1251">
     <span class='ocr_line' id='line_1_71' title="bbox 1948 1176 3556 1251; baseline -0.001 -18"><span class='ocrx_word' id='word_1_539' title='bbox 1948 1179 2156 1234; x_wconf 90' lang='lat' dir='ltr'><strong>vitiosis</strong></span> <span class='ocrx_word' id='word_1_540' title='bbox 2181 1180 2462 1237; x_wconf 75' lang='lat' dir='ltr'><strong>affectibus</strong></span> <span class='ocrx_word' id='word_1_541' title='bbox 2496 1190 2671 1246; x_wconf 83' lang='lat' dir='ltr'><strong>vacat,</strong></span> <span class='ocrx_word' id='word_1_542' title='bbox 2701 1181 2797 1237; x_wconf 79' lang='lat' dir='ltr'><strong>sed</strong></span> <span class='ocrx_word' id='word_1_543' title='bbox 2826 1188 3017 1251; x_wconf 86' lang='lat' dir='ltr'><strong>putant</strong></span> <span class='ocrx_word' id='word_1_544' title='bbox 3039 1179 3185 1250; x_wconf 91' lang='lat' dir='ltr'><strong>quod</strong></span> <span class='ocrx_word' id='word_1_545' title='bbox 3216 1176 3393 1234; x_wconf 87' lang='lat' dir='ltr'><strong>adhuc</strong></span> <span class='ocrx_word' id='word_1_546' title='bbox 3412 1176 3556 1233; x_wconf 84' lang='lat' dir='ltr'><strong>adsit</strong></span> 
     </span>
    </p>
   </div>
   <div class='ocr_carea' id='block_1_72' title="bbox 1948 1268 3557 1343">
    <p class='ocr_par' dir='ltr' id='par_1_72' title="bbox 1948 1268 3557 1343">
     <span class='ocr_line' id='line_1_72' title="bbox 1948 1268 3557 1343; baseline -0.002 -19"><span class='ocrx_word' id='word_1_547' title='bbox 1948 1271 2199 1326; x_wconf 87' lang='lat' dir='ltr'><strong>inimicus</strong></span> <span class='ocrx_word' id='word_1_548' title='bbox 2228 1281 2284 1327; x_wconf 83' lang='lat' dir='ltr'><strong>et</strong></span> <span class='ocrx_word' id='word_1_549' title='bbox 2308 1272 2669 1329; x_wconf 88' lang='lat' dir='ltr'><strong>criminentur</strong></span> <span class='ocrx_word' id='word_1_550' title='bbox 2704 1282 2760 1328; x_wconf 91' lang='lat' dir='ltr'><strong>et</strong></span> <span class='ocrx_word' id='word_1_551' title='bbox 2788 1272 3131 1343; x_wconf 81' lang='lat' dir='ltr'><strong>percutiant;</strong></span> <span class='ocrx_word' id='word_1_552' title='bbox 3172 1280 3227 1328; x_wconf 90' lang='lat' dir='ltr'><strong>et</strong></span> <span class='ocrx_word' id='word_1_553' title='bbox 3272 1284 3304 1325; x_wconf 92' lang='lat' dir='ltr'><strong>e</strong></span> <span class='ocrx_word' id='word_1_554' title='bbox 3345 1268 3557 1325; x_wconf 85' lang='lat' dir='ltr'><strong>somnis</strong></span> 
     </span>
    </p>
   </div>
   <div class='ocr_carea' id='block_1_73' title="bbox 1947 1365 3549 1438">
    <p class='ocr_par' dir='ltr' id='par_1_73' title="bbox 1947 1365 3549 1438">
     <span class='ocr_line' id='line_1_73' title="bbox 1947 1365 3549 1438; baseline -0.001 -20"><span class='ocrx_word' id='word_1_555' title='bbox 1947 1374 2171 1435; x_wconf 85' lang='lat' dir='ltr'><strong>repente</strong></span> <span class='ocrx_word' id='word_1_556' title='bbox 2214 1365 2556 1438; x_wconf 85' lang='lat' dir='ltr'><strong>evigilantes,</strong></span> <span class='ocrx_word' id='word_1_557' title='bbox 2593 1367 2767 1437; x_wconf 85' lang='lat' dir='ltr'><strong>magis</strong></span> <span class='ocrx_word' id='word_1_558' title='bbox 2808 1365 3012 1422; x_wconf 74' lang='lat' dir='ltr'><strong>cmdem</strong></span> <span class='ocrx_word' id='word_1_559' title='bbox 3058 1372 3337 1430; x_wconf 90' lang='lat' dir='ltr'><strong>mutuam,</strong></span> <span class='ocrx_word' id='word_1_560' title='bbox 3385 1378 3549 1433; x_wconf 87' lang='lat' dir='ltr'><strong>quam</strong></span> 
     </span>
    </p>
   </div>
   <div class='ocr_carea' id='block_1_74' title="bbox 1947 1456 3546 1529">
    <p class='ocr_par' dir='ltr' id='par_1_74' title="bbox 1947 1456 3546 1529">
     <span class='ocr_line' id='line_1_74' title="bbox 1947 1456 3546 1529; baseline -0.003 -17"><span class='ocrx_word' id='word_1_561' title='bbox 1947 1458 2132 1527; x_wconf 83' lang='lat' dir='ltr'><strong>epulas</strong></span> <span class='ocrx_word' id='word_1_562' title='bbox 2180 1458 2429 1529; x_wconf 85' lang='lat' dir='ltr'><strong>diligunt.</strong></span> <span class='ocrx_word' id='word_1_563' title='bbox 2476 1460 2580 1513; x_wconf 74' lang='lat' dir='ltr'><strong>Alii</strong></span> <span class='ocrx_word' id='word_1_564' title='bbox 2629 1473 2755 1514; x_wconf 86' lang='lat' dir='ltr'><strong>vero</strong></span> <span class='ocrx_word' id='word_1_565' title='bbox 2802 1459 2881 1514; x_wconf 89' lang='lat' dir='ltr'><strong>ira</strong></span> <span class='ocrx_word' id='word_1_566' title='bbox 2940 1458 3076 1513; x_wconf 87' lang='lat' dir='ltr'><strong>ebrii</strong></span> <span class='ocrx_word' id='word_1_567' title='bbox 3123 1456 3546 1512; x_wconf 81' lang='lat' dir='ltr'><strong>calumniatores</strong></span> 
     </span>
    </p>
   </div>
   <div class='ocr_carea' id='block_1_75' title="bbox 1946 1549 3546 1621">
    <p class='ocr_par' dir='ltr' id='par_1_75' title="bbox 1946 1549 3546 1621">
     <span class='ocr_line' id='line_1_75' title="bbox 1946 1549 3546 1621; baseline -0.001 -17"><span class='ocrx_word' id='word_1_568' title='bbox 1946 1549 2196 1605; x_wconf 87' lang='lat' dir='ltr'><strong>mercede</strong></span> <span class='ocrx_word' id='word_1_569' title='bbox 2222 1550 2548 1615; x_wconf 82' lang='lat' dir='ltr'><strong>conducunt,</strong></span> <span class='ocrx_word' id='word_1_570' title='bbox 2577 1549 2897 1621; x_wconf 84' lang='lat' dir='ltr'><strong>infandaque</strong></span> <span class='ocrx_word' id='word_1_571' title='bbox 2915 1550 3060 1608; x_wconf 85' lang='lat' dir='ltr'><strong>inter</strong></span> <span class='ocrx_word' id='word_1_572' title='bbox 3073 1564 3133 1606; x_wconf 84' lang='lat' dir='ltr'><strong>se</strong></span> <span class='ocrx_word' id='word_1_573' title='bbox 3155 1559 3320 1619; x_wconf 87' lang='lat' dir='ltr'><strong>agunt</strong></span> <span class='ocrx_word' id='word_1_574' title='bbox 3340 1562 3503 1618; x_wconf 87' lang='lat' dir='ltr'><strong>opera</strong></span> <span class='ocrx_word' id='word_1_575' title='bbox 3531 1566 3546 1603; x_wconf 88' lang='lat'><strong>:</strong></span> 
     </span>
    </p>
   </div>
   <div class='ocr_carea' id='block_1_76' title="bbox 1947 1643 3549 1714">
    <p class='ocr_par' dir='ltr' id='par_1_76' title="bbox 1947 1643 3549 1714">
     <span class='ocr_line' id='line_1_76' title="bbox 1947 1643 3549 1714; baseline -0.001 -17"><span class='ocrx_word' id='word_1_576' title='bbox 1947 1651 2002 1698; x_wconf 88' lang='lat' dir='ltr'><strong>et</strong></span> <span class='ocrx_word' id='word_1_577' title='bbox 2029 1654 2232 1713; x_wconf 90' lang='lat' dir='ltr'><strong>quanto</strong></span> <span class='ocrx_word' id='word_1_578' title='bbox 2261 1644 2506 1714; x_wconf 86' lang='lat' dir='ltr'><strong>pluribus</strong></span> <span class='ocrx_word' id='word_1_579' title='bbox 2546 1644 2704 1699; x_wconf 89' lang='lat' dir='ltr'><strong>malls</strong></span> <span class='ocrx_word' id='word_1_580' title='bbox 2749 1656 2872 1699; x_wconf 89' lang='lat' dir='ltr'><strong>sese</strong></span> <span class='ocrx_word' id='word_1_581' title='bbox 2915 1643 3216 1705; x_wconf 87' lang='lat' dir='ltr'><strong>irritarunt.</strong></span> <span class='ocrx_word' id='word_1_582' title='bbox 3250 1652 3399 1698; x_wconf 86' lang='lat' dir='ltr'><strong>tanto</strong></span> <span class='ocrx_word' id='word_1_583' title='bbox 3429 1658 3549 1698; x_wconf 83' lang='lat' dir='ltr'><strong>ma-</strong></span> 
     </span>
    </p>
   </div>
   <div class='ocr_carea' id='block_1_77' title="bbox 1941 1734 3549 1809">
    <p class='ocr_par' dir='ltr' id='par_1_77' title="bbox 1941 1734 3549 1809">
     <span class='ocr_line' id='line_1_77' title="bbox 1941 1734 3549 1809; baseline 0.001 -21"><span class='ocrx_word' id='word_1_584' title='bbox 1941 1734 2061 1809; x_wconf 58' lang='lat' dir='ltr'><strong>jore</strong></span> <span class='ocrx_word' id='word_1_585' title='bbox 2088 1735 2296 1792; x_wconf 88' lang='lat' dir='ltr'><strong>insania</strong></span> <span class='ocrx_word' id='word_1_586' title='bbox 2342 1736 2544 1792; x_wconf 92' lang='lat' dir='ltr'><strong>furunt.</strong></span> <span class='ocrx_word' id='word_1_587' title='bbox 2588 1735 2724 1792; x_wconf 82' lang='lat' dir='ltr'><strong>Nam</strong></span> <span class='ocrx_word' id='word_1_588' title='bbox 2766 1735 2907 1807; x_wconf 90' lang='lat' dir='ltr'><strong>quod</strong></span> <span class='ocrx_word' id='word_1_589' title='bbox 2935 1736 3116 1791; x_wconf 89' lang='lat' dir='ltr'><strong>ebrios</strong></span> <span class='ocrx_word' id='word_1_590' title='bbox 3144 1734 3332 1790; x_wconf 89' lang='lat' dir='ltr'><strong>dicunt</strong></span> <span class='ocrx_word' id='word_1_591' title='bbox 3356 1734 3427 1790; x_wconf 90' lang='lat' dir='ltr'><strong>ob</strong></span> <span class='ocrx_word' id='word_1_592' title='bbox 3463 1734 3549 1789; x_wconf 85' lang='lat' dir='ltr'><strong>in-</strong></span> 
     </span>
    </p>
   </div>
   <div class='ocr_carea' id='block_1_78' title="bbox 1946 1826 3551 1893">
    <p class='ocr_par' dir='ltr' id='par_1_78' title="bbox 1946 1826 3551 1893">
     <span class='ocr_line' id='line_1_78' title="bbox 1946 1826 3551 1893; baseline -0.001 -11"><span class='ocrx_word' id='word_1_593' title='bbox 1946 1826 2247 1883; x_wconf 88' lang='lat' dir='ltr'><strong>satiabilem</strong></span> <span class='ocrx_word' id='word_1_594' title='bbox 2270 1829 2587 1886; x_wconf 89' lang='lat' dir='ltr'><strong>ebrietatem</strong></span> <span class='ocrx_word' id='word_1_595' title='bbox 2615 1828 2897 1886; x_wconf 87' lang='lat' dir='ltr'><strong>ardentius</strong></span> <span class='ocrx_word' id='word_1_596' title='bbox 2916 1828 3090 1893; x_wconf 90' lang='lat' dir='ltr'><strong>sitire,</strong></span> <span class='ocrx_word' id='word_1_597' title='bbox 3121 1828 3225 1883; x_wconf 88' lang='lat' dir='ltr'><strong>hoc</strong></span> <span class='ocrx_word' id='word_1_598' title='bbox 3251 1837 3306 1882; x_wconf 90' lang='lat' dir='ltr'><strong>et</strong></span> <span class='ocrx_word' id='word_1_599' title='bbox 3335 1828 3551 1883; x_wconf 83' lang='lat' dir='ltr'><strong>iracun-</strong></span> 
     </span>
    </p>
   </div>
   <div class='ocr_carea' id='block_1_79' title="bbox 1945 1918 3551 1992">
    <p class='ocr_par' dir='ltr' id='par_1_79' title="bbox 1945 1918 3551 1992">
     <span class='ocr_line' id='line_1_79' title="bbox 1945 1918 3551 1992; baseline 0.001 -17"><span class='ocrx_word' id='word_1_600' title='bbox 1945 1919 2030 1975; x_wconf 91' lang='lat' dir='ltr'><strong>dis</strong></span> <span class='ocrx_word' id='word_1_601' title='bbox 2058 1936 2168 1976; x_wconf 82' lang='lat' dir='ltr'><strong>usu-</strong></span> <span class='ocrx_word' id='word_1_602' title='bbox 2185 1925 2388 1989; x_wconf 86' lang='lat' dir='ltr'><strong>evenit,</strong></span> <span class='ocrx_word' id='word_1_603' title='bbox 2419 1921 2510 1991; x_wconf 91' lang='lat' dir='ltr'><strong>qui</strong></span> <span class='ocrx_word' id='word_1_604' title='bbox 2536 1921 2589 1976; x_wconf 93' lang='lat' dir='ltr'><strong>in</strong></span> <span class='ocrx_word' id='word_1_605' title='bbox 2616 1921 3063 1992; x_wconf 86' lang='lat' dir='ltr'><strong>perniciosiorem</strong></span> <span class='ocrx_word' id='word_1_606' title='bbox 3091 1929 3252 1975; x_wconf 83' lang='lat' dir='ltr'><strong>ruunt</strong></span> <span class='ocrx_word' id='word_1_607' title='bbox 3282 1918 3551 1977; x_wconf 84' lang='lat' dir='ltr'><strong>insaniam</strong></span> 
     </span>
    </p>
   </div>
   <div class='ocr_carea' id='block_1_80' title="bbox 1948 2011 3549 2083">
    <p class='ocr_par' dir='ltr' id='par_1_80' title="bbox 1948 2011 3549 2083">
     <span class='ocr_line' id='line_1_80' title="bbox 1948 2011 3549 2083; baseline 0 -16"><span class='ocrx_word' id='word_1_608' title='bbox 1948 2021 2169 2083; x_wconf 91' lang='lat' dir='ltr'><strong>propter</strong></span> <span class='ocrx_word' id='word_1_609' title='bbox 2215 2013 2597 2083; x_wconf 79' lang='lat' dir='ltr'><strong>inexplebilem</strong></span> <span class='ocrx_word' id='word_1_610' title='bbox 2663 2011 3030 2069; x_wconf 91' lang='lat' dir='ltr'><strong>contendendi</strong></span> <span class='ocrx_word' id='word_1_611' title='bbox 3080 2011 3387 2067; x_wconf 89' lang='lat' dir='ltr'><strong>libidinem.</strong></span> <span class='ocrx_word' id='word_1_612' title='bbox 3448 2011 3549 2067; x_wconf 73' lang='lat' dir='ltr'><strong>llic</strong></span> 
     </span>
    </p>
   </div>
   <div class='ocr_carea' id='block_1_81' title="bbox 1944 2105 3541 2176">
    <p class='ocr_par' dir='ltr' id='par_1_81' title="bbox 1944 2105 3541 2176">
     <span class='ocr_line' id='line_1_81' title="bbox 1944 2105 3541 2176; baseline -0.001 -16"><span class='ocrx_word' id='word_1_613' title='bbox 1944 2106 2153 2161; x_wconf 83' lang='lat' dir='ltr'><strong>vocavit</strong></span> <span class='ocrx_word' id='word_1_614' title='bbox 2182 2120 2423 2171; x_wconf 89' lang='lat' dir='ltr'><strong>servum,</strong></span> <span class='ocrx_word' id='word_1_615' title='bbox 2451 2107 2590 2163; x_wconf 88' lang='lat' dir='ltr'><strong>alius</strong></span> <span class='ocrx_word' id='word_1_616' title='bbox 2619 2106 2785 2162; x_wconf 88' lang='lat' dir='ltr'><strong>scorti</strong></span> <span class='ocrx_word' id='word_1_617' title='bbox 2814 2105 2980 2161; x_wconf 82' lang='lat' dir='ltr'><strong>lilium</strong></span> <span class='ocrx_word' id='word_1_618' title='bbox 3008 2122 3022 2170; x_wconf 90' lang='lat'><strong>;</strong></span> <span class='ocrx_word' id='word_1_619' title='bbox 3052 2106 3143 2161; x_wconf 92' lang='lat' dir='ltr'><strong>ille</strong></span> <span class='ocrx_word' id='word_1_620' title='bbox 3172 2105 3541 2176; x_wconf 86' lang='lat' dir='ltr'><strong>insipientem,</strong></span> 
     </span>
    </p>
   </div>
   <div class='ocr_carea' id='block_1_82' title="bbox 1945 2197 3546 2271">
    <p class='ocr_par' dir='ltr' id='par_1_82' title="bbox 1945 2197 3546 2271">
     <span class='ocr_line' id='line_1_82' title="bbox 1945 2197 3546 2271; baseline 0.001 -18"><span class='ocrx_word' id='word_1_621' title='bbox 1945 2197 2046 2255; x_wconf 91' lang='lat' dir='ltr'><strong>iste</strong></span> <span class='ocrx_word' id='word_1_622' title='bbox 2074 2200 2320 2255; x_wconf 89' lang='lat' dir='ltr'><strong>insanum</strong></span> <span class='ocrx_word' id='word_1_623' title='bbox 2353 2218 2367 2254; x_wconf 91' lang='lat'><strong>:</strong></span> <span class='ocrx_word' id='word_1_624' title='bbox 2399 2210 2482 2257; x_wconf 86' lang='lat' dir='ltr'><strong>est</strong></span> <span class='ocrx_word' id='word_1_625' title='bbox 2513 2202 2603 2271; x_wconf 91' lang='lat' dir='ltr'><strong>qui</strong></span> <span class='ocrx_word' id='word_1_626' title='bbox 2637 2200 2811 2256; x_wconf 90' lang='lat' dir='ltr'><strong>furem</strong></span> <span class='ocrx_word' id='word_1_627' title='bbox 2843 2210 2897 2256; x_wconf 92' lang='lat' dir='ltr'><strong>et</strong></span> <span class='ocrx_word' id='word_1_628' title='bbox 2928 2200 3210 2270; x_wconf 73' lang='lat' dir='ltr'><strong>iniustum,</strong></span> <span class='ocrx_word' id='word_1_629' title='bbox 3256 2200 3395 2255; x_wconf 88' lang='lat' dir='ltr'><strong>alius</strong></span> <span class='ocrx_word' id='word_1_630' title='bbox 3430 2199 3546 2271; x_wconf 86' lang='lat' dir='ltr'><strong>ple-</strong></span> 
     </span>
    </p>
   </div>
   <div class='ocr_carea' id='block_1_83' title="bbox 1945 2294 3547 2367">
    <p class='ocr_par' dir='ltr' id='par_1_83' title="bbox 1945 2294 3547 2367">
     <span class='ocr_line' id='line_1_83' title="bbox 1945 2294 3547 2367; baseline 0.002 -20"><span class='ocrx_word' id='word_1_631' title='bbox 1945 2308 2073 2348; x_wconf 91' lang='lat' dir='ltr'><strong>num</strong></span> <span class='ocrx_word' id='word_1_632' title='bbox 2101 2295 2248 2348; x_wconf 91' lang='lat' dir='ltr'><strong>omni</strong></span> <span class='ocrx_word' id='word_1_633' title='bbox 2293 2296 2453 2349; x_wconf 89' lang='lat' dir='ltr'><strong>malo.</strong></span> <span class='ocrx_word' id='word_1_634' title='bbox 2499 2296 2629 2349; x_wconf 88' lang='lat' dir='ltr'><strong>Dein</strong></span> <span class='ocrx_word' id='word_1_635' title='bbox 2674 2296 2749 2350; x_wconf 86' lang='lat' dir='ltr'><strong>ira</strong></span> <span class='ocrx_word' id='word_1_636' title='bbox 2779 2296 2913 2351; x_wconf 89' lang='lat' dir='ltr'><strong>ebrii</strong></span> <span class='ocrx_word' id='word_1_637' title='bbox 2952 2294 3249 2367; x_wconf 87' lang='lat' dir='ltr'><strong>confligunt</strong></span> <span class='ocrx_word' id='word_1_638' title='bbox 3291 2295 3429 2350; x_wconf 90' lang='lat' dir='ltr'><strong>inter</strong></span> <span class='ocrx_word' id='word_1_639' title='bbox 3464 2311 3547 2361; x_wconf 87' lang='lat' dir='ltr'><strong>se,</strong></span> 
     </span>
    </p>
   </div>
   <div class='ocr_carea' id='block_1_84' title="bbox 1944 2388 3548 2459">
    <p class='ocr_par' dir='ltr' id='par_1_84' title="bbox 1944 2388 3548 2459">
     <span class='ocr_line' id='line_1_84' title="bbox 1944 2388 3548 2459; baseline 0.001 -18"><span class='ocrx_word' id='word_1_640' title='bbox 1944 2394 1997 2441; x_wconf 90' lang='lat' dir='ltr'><strong>et</strong></span> <span class='ocrx_word' id='word_1_641' title='bbox 2023 2402 2216 2456; x_wconf 88' lang='lat' dir='ltr'><strong>parum</strong></span> <span class='ocrx_word' id='word_1_642' title='bbox 2248 2388 2402 2442; x_wconf 87' lang='lat' dir='ltr'><strong>abest</strong></span> <span class='ocrx_word' id='word_1_643' title='bbox 2427 2389 2554 2459; x_wconf 87' lang='lat' dir='ltr'><strong>quin</strong></span> <span class='ocrx_word' id='word_1_644' title='bbox 2579 2388 2872 2443; x_wconf 90' lang='lat' dir='ltr'><strong>bestiarum</strong></span> <span class='ocrx_word' id='word_1_645' title='bbox 2895 2404 3076 2444; x_wconf 87' lang='lat' dir='ltr'><strong>mores</strong></span> <span class='ocrx_word' id='word_1_646' title='bbox 3098 2388 3394 2454; x_wconf 90' lang='lat' dir='ltr'><strong>imitentur,</strong></span> <span class='ocrx_word' id='word_1_647' title='bbox 3420 2404 3548 2458; x_wconf 87' lang='lat' dir='ltr'><strong>per-</strong></span> 
     </span>
    </p>
   </div>
   <div class='ocr_carea' id='block_1_85' title="bbox 1943 2479 3546 2547">
    <p class='ocr_par' dir='ltr' id='par_1_85' title="bbox 1943 2479 3546 2547">
     <span class='ocr_line' id='line_1_85' title="bbox 1943 2479 3546 2547; baseline 0.001 -14"><span class='ocrx_word' id='word_1_648' title='bbox 1943 2480 2174 2545; x_wconf 89' lang='lat' dir='ltr'><strong>cutiunt,</strong></span> <span class='ocrx_word' id='word_1_649' title='bbox 2228 2479 2531 2544; x_wconf 89' lang='lat' dir='ltr'><strong>calcitraut,</strong></span> <span class='ocrx_word' id='word_1_650' title='bbox 2578 2482 2864 2547; x_wconf 88' lang='lat' dir='ltr'><strong>mordent,</strong></span> <span class='ocrx_word' id='word_1_651' title='bbox 2912 2479 3269 2536; x_wconf 89' lang='lat' dir='ltr'><strong>consciudunt</strong></span> <span class='ocrx_word' id='word_1_652' title='bbox 3316 2480 3546 2535; x_wconf 88' lang='lat' dir='ltr'><strong>invicem</strong></span> 
     </span>
    </p>
   </div>
   <div class='ocr_carea' id='block_1_86' title="bbox 1942 2571 3541 2643">
    <p class='ocr_par' dir='ltr' id='par_1_86' title="bbox 1942 2571 3541 2643">
     <span class='ocr_line' id='line_1_86' title="bbox 1942 2571 3541 2643; baseline 0 -18"><span class='ocrx_word' id='word_1_653' title='bbox 1942 2585 2194 2640; x_wconf 86' lang='lat' dir='ltr'><strong>corpora,</strong></span> <span class='ocrx_word' id='word_1_654' title='bbox 2226 2571 2357 2626; x_wconf 89' lang='lat' dir='ltr'><strong>nulli</strong></span> <span class='ocrx_word' id='word_1_655' title='bbox 2390 2572 2523 2643; x_wconf 89' lang='lat' dir='ltr'><strong>parti</strong></span> <span class='ocrx_word' id='word_1_656' title='bbox 2549 2584 2797 2642; x_wconf 90' lang='lat' dir='ltr'><strong>parcunt,</strong></span> <span class='ocrx_word' id='word_1_657' title='bbox 2823 2588 2930 2627; x_wconf 91' lang='lat' dir='ltr'><strong>non</strong></span> <span class='ocrx_word' id='word_1_658' title='bbox 2952 2573 3147 2637; x_wconf 78' lang='lat' dir='ltr'><strong>oculis,</strong></span> <span class='ocrx_word' id='word_1_659' title='bbox 3172 2588 3278 2627; x_wconf 90' lang='lat' dir='ltr'><strong>non</strong></span> <span class='ocrx_word' id='word_1_660' title='bbox 3302 2572 3541 2637; x_wconf 78' lang='lat' dir='ltr'><strong>auribus,</strong></span> 
     </span>
    </p>
   </div>
   <div class='ocr_carea' id='block_1_87' title="bbox 1943 2662 3544 2735">
    <p class='ocr_par' dir='ltr' id='par_1_87' title="bbox 1943 2662 3544 2735">
     <span class='ocr_line' id='line_1_87' title="bbox 1943 2662 3544 2735; baseline 0.002 -20"><span class='ocrx_word' id='word_1_661' title='bbox 1943 2677 2051 2717; x_wconf 91' lang='lat' dir='ltr'><strong>non</strong></span> <span class='ocrx_word' id='word_1_662' title='bbox 2084 2662 2327 2729; x_wconf 82' lang='lat' dir='ltr'><strong>naribus,</strong></span> <span class='ocrx_word' id='word_1_663' title='bbox 2373 2678 2480 2718; x_wconf 92' lang='lat' dir='ltr'><strong>non</strong></span> <span class='ocrx_word' id='word_1_664' title='bbox 2524 2663 2700 2727; x_wconf 90' lang='lat' dir='ltr'><strong>faciei,</strong></span> <span class='ocrx_word' id='word_1_665' title='bbox 2740 2680 2845 2720; x_wconf 90' lang='lat' dir='ltr'><strong>non</strong></span> <span class='ocrx_word' id='word_1_666' title='bbox 2887 2665 2977 2719; x_wconf 85' lang='lat' dir='ltr'><strong>alii</strong></span> <span class='ocrx_word' id='word_1_667' title='bbox 3006 2665 3242 2735; x_wconf 83' lang='lat' dir='ltr'><strong>cuipiam</strong></span> <span class='ocrx_word' id='word_1_668' title='bbox 3278 2665 3544 2730; x_wconf 89' lang='lat' dir='ltr'><strong>membro,</strong></span> 
     </span>
    </p>
   </div>
   <div class='ocr_carea' id='block_1_88' title="bbox 1944 2753 3547 2828">
    <p class='ocr_par' dir='ltr' id='par_1_88' title="bbox 1944 2753 3547 2828">
     <span class='ocr_line' id='line_1_88' title="bbox 1944 2753 3547 2828; baseline 0.002 -19"><span class='ocrx_word' id='word_1_669' title='bbox 1944 2753 2038 2809; x_wconf 89' lang='lat' dir='ltr'><strong>sed</strong></span> <span class='ocrx_word' id='word_1_670' title='bbox 2075 2754 2448 2810; x_wconf 84' lang='lat' dir='ltr'><strong>conflictantes</strong></span> <span class='ocrx_word' id='word_1_671' title='bbox 2486 2757 2627 2812; x_wconf 91' lang='lat' dir='ltr'><strong>inter</strong></span> <span class='ocrx_word' id='word_1_672' title='bbox 2671 2771 2731 2813; x_wconf 86' lang='lat' dir='ltr'><strong>sc</strong></span> <span class='ocrx_word' id='word_1_673' title='bbox 2758 2756 3054 2813; x_wconf 91' lang='lat' dir='ltr'><strong>concidunt</strong></span> <span class='ocrx_word' id='word_1_674' title='bbox 3086 2766 3141 2812; x_wconf 89' lang='lat' dir='ltr'><strong>et</strong></span> <span class='ocrx_word' id='word_1_675' title='bbox 3188 2757 3547 2828; x_wconf 81' lang='lat' dir='ltr'><strong>pessumdant</strong></span> 
     </span>
    </p>
   </div>
   <div class='ocr_carea' id='block_1_89' title="bbox 1943 2845 3546 2918">
    <p class='ocr_par' dir='ltr' id='par_1_89' title="bbox 1943 2845 3546 2918">
     <span class='ocr_line' id='line_1_89' title="bbox 1943 2845 3546 2918; baseline 0.003 -20"><span class='ocrx_word' id='word_1_676' title='bbox 1943 2845 2171 2900; x_wconf 83' lang='lat' dir='ltr'><strong>invicem</strong></span> <span class='ocrx_word' id='word_1_677' title='bbox 2195 2854 2278 2902; x_wconf 89' lang='lat' dir='ltr'><strong>:et</strong></span> <span class='ocrx_word' id='word_1_678' title='bbox 2305 2847 2449 2917; x_wconf 85' lang='lat' dir='ltr'><strong>quod</strong></span> <span class='ocrx_word' id='word_1_679' title='bbox 2478 2848 2678 2903; x_wconf 87' lang='lat' dir='ltr'><strong>malum</strong></span> <span class='ocrx_word' id='word_1_680' title='bbox 2702 2864 2807 2903; x_wconf 89' lang='lat' dir='ltr'><strong>non</strong></span> <span class='ocrx_word' id='word_1_681' title='bbox 2832 2848 3060 2903; x_wconf 79' lang='lat' dir='ltr'><strong>faciunt?</strong></span> <span class='ocrx_word' id='word_1_682' title='bbox 3084 2849 3351 2904; x_wconf 86' lang='lat' dir='ltr'><strong>secedunt</strong></span> <span class='ocrx_word' id='word_1_683' title='bbox 3381 2863 3408 2901; x_wconf 89' lang='lat' dir='ltr'><strong>a</strong></span> <span class='ocrx_word' id='word_1_684' title='bbox 3446 2864 3546 2918; x_wconf 85' lang='lat' dir='ltr'><strong>pu-</strong></span> 
     </span>
    </p>
   </div>
   <div class='ocr_carea' id='block_1_90' title="bbox 1940 2940 3546 3010">
    <p class='ocr_par' dir='ltr' id='par_1_90' title="bbox 1940 2940 3546 3010">
     <span class='ocr_line' id='line_1_90' title="bbox 1940 2940 3546 3010; baseline 0.002 -18"><span class='ocrx_word' id='word_1_685' title='bbox 1940 2954 2043 3009; x_wconf 86' lang='lat' dir='ltr'><strong>gna</strong></span> <span class='ocrx_word' id='word_1_686' title='bbox 2065 2982 2080 3006; x_wconf 90' lang='lat'><strong>,</strong></span> <span class='ocrx_word' id='word_1_687' title='bbox 2101 2940 2190 2996; x_wconf 88' lang='lat' dir='ltr'><strong>ille</strong></span> <span class='ocrx_word' id='word_1_688' title='bbox 2207 2942 2408 2997; x_wconf 89' lang='lat' dir='ltr'><strong>amisso</strong></span> <span class='ocrx_word' id='word_1_689' title='bbox 2424 2942 2604 3004; x_wconf 91' lang='lat' dir='ltr'><strong>oculo,</strong></span> <span class='ocrx_word' id='word_1_690' title='bbox 2632 2942 2721 2998; x_wconf 91' lang='lat' dir='ltr'><strong>ille</strong></span> <span class='ocrx_word' id='word_1_691' title='bbox 2744 2943 2985 3006; x_wconf 86' lang='lat' dir='ltr'><strong>auribus,</strong></span> <span class='ocrx_word' id='word_1_692' title='bbox 3011 2943 3106 2998; x_wconf 87' lang='lat' dir='ltr'><strong>ille</strong></span> <span class='ocrx_word' id='word_1_693' title='bbox 3138 2942 3314 3010; x_wconf 80' lang='lat' dir='ltr'><strong>labiis,</strong></span> <span class='ocrx_word' id='word_1_694' title='bbox 3331 2943 3420 2999; x_wconf 91' lang='lat' dir='ltr'><strong>ille</strong></span> <span class='ocrx_word' id='word_1_695' title='bbox 3441 2943 3546 2998; x_wconf 85' lang='lat' dir='ltr'><strong>alla</strong></span> 
     </span>
    </p>
   </div>
   <div class='ocr_carea' id='block_1_91' title="bbox 1940 3032 3547 3106">
    <p class='ocr_par' dir='ltr' id='par_1_91' title="bbox 1940 3032 3547 3106">
     <span class='ocr_line' id='line_1_91' title="bbox 1940 3032 3547 3106; baseline 0.004 -20"><span class='ocrx_word' id='word_1_696' title='bbox 1940 3032 2186 3100; x_wconf 92' lang='lat' dir='ltr'><strong>corporis</strong></span> <span class='ocrx_word' id='word_1_697' title='bbox 2227 3042 2396 3102; x_wconf 88' lang='lat' dir='ltr'><strong>parte,</strong></span> <span class='ocrx_word' id='word_1_698' title='bbox 2449 3034 2621 3104; x_wconf 83' lang='lat' dir='ltr'><strong>magis</strong></span> <span class='ocrx_word' id='word_1_699' title='bbox 2668 3042 2847 3090; x_wconf 91' lang='lat' dir='ltr'><strong>tamen</strong></span> <span class='ocrx_word' id='word_1_700' title='bbox 2893 3034 3073 3089; x_wconf 88' lang='lat' dir='ltr'><strong>anima</strong></span> <span class='ocrx_word' id='word_1_701' title='bbox 3113 3051 3275 3104; x_wconf 87' lang='lat' dir='ltr'><strong>quam</strong></span> <span class='ocrx_word' id='word_1_702' title='bbox 3316 3050 3547 3106; x_wconf 79' lang='lat' dir='ltr'><strong>corpore</strong></span> 
     </span>
    </p>
   </div>
   <div class='ocr_carea' id='block_1_92' title="bbox 1940 3123 3543 3196">
    <p class='ocr_par' dir='ltr' id='par_1_92' title="bbox 1940 3123 3543 3196">
     <span class='ocr_line' id='line_1_92' title="bbox 1940 3123 3543 3196; baseline 0.002 -20"><span class='ocrx_word' id='word_1_703' title='bbox 1940 3124 2199 3192; x_wconf 90' lang='lat' dir='ltr'><strong>corrupti,</strong></span> <span class='ocrx_word' id='word_1_704' title='bbox 2229 3123 2757 3190; x_wconf 87' lang='lat' dir='ltr'><strong>furibundi,&#39;insani,</strong></span> <span class='ocrx_word' id='word_1_705' title='bbox 2784 3125 2979 3192; x_wconf 89' lang='lat' dir='ltr'><strong>rabidi,</strong></span> <span class='ocrx_word' id='word_1_706' title='bbox 3024 3126 3334 3194; x_wconf 80' lang='lat' dir='ltr'><strong>ignorantes</strong></span> <span class='ocrx_word' id='word_1_707' title='bbox 3369 3126 3543 3196; x_wconf 86' lang='lat' dir='ltr'><strong>legem</strong></span> 
     </span>
    </p>
   </div>
   <div class='ocr_carea' id='block_1_93' title="bbox 1942 3214 3547 3287">
    <p class='ocr_par' dir='ltr' id='par_1_93' title="bbox 1942 3214 3547 3287">
     <span class='ocr_line' id='line_1_93' title="bbox 1942 3214 3547 3287; baseline 0.002 -19"><span class='ocrx_word' id='word_1_708' title='bbox 1942 3214 2154 3269; x_wconf 91' lang='lat' dir='ltr'><strong>Domini</strong></span> <span class='ocrx_word' id='word_1_709' title='bbox 2178 3224 2233 3270; x_wconf 89' lang='lat' dir='ltr'><strong>et</strong></span> <span class='ocrx_word' id='word_1_710' title='bbox 2260 3214 2577 3279; x_wconf 89' lang='lat' dir='ltr'><strong>Salvatoris,</strong></span> <span class='ocrx_word' id='word_1_711' title='bbox 2606 3216 2695 3286; x_wconf 86' lang='lat' dir='ltr'><strong>qui</strong></span> <span class='ocrx_word' id='word_1_712' title='bbox 2726 3216 2983 3286; x_wconf 69' lang='lat' dir='ltr'><strong>praecepit</strong></span> <span class='ocrx_word' id='word_1_713' title='bbox 3004 3226 3063 3269; x_wconf 94' lang='lat' dir='ltr'><strong>ut</strong></span> <span class='ocrx_word' id='word_1_714' title='bbox 3084 3215 3236 3287; x_wconf 88' lang='lat' dir='ltr'><strong>alapa</strong></span> <span class='ocrx_word' id='word_1_715' title='bbox 3258 3231 3547 3286; x_wconf 85' lang='lat' dir='ltr'><strong>percussus</strong></span> 
     </span>
    </p>
   </div>
   <div class='ocr_carea' id='block_1_94' title="bbox 1940 3306 3549 3378">
    <p class='ocr_par' dir='ltr' id='par_1_94' title="bbox 1940 3306 3549 3378">
     <span class='ocr_line' id='line_1_94' title="bbox 1940 3306 3549 3378; baseline 0.001 -16"><span class='ocrx_word' id='word_1_716' title='bbox 1940 3314 1996 3362; x_wconf 91' lang='lat' dir='ltr'><strong>et</strong></span> <span class='ocrx_word' id='word_1_717' title='bbox 2022 3306 2337 3363; x_wconf 89' lang='lat' dir='ltr'><strong>verberatus</strong></span> <span class='ocrx_word' id='word_1_718' title='bbox 2365 3317 2528 3377; x_wconf 89' lang='lat' dir='ltr'><strong>atque</strong></span> <span class='ocrx_word' id='word_1_719' title='bbox 2554 3308 2660 3362; x_wconf 88' lang='lat' dir='ltr'><strong>alia</strong></span> <span class='ocrx_word' id='word_1_720' title='bbox 2688 3323 2898 3377; x_wconf 86' lang='lat' dir='ltr'><strong>passus,</strong></span> <span class='ocrx_word' id='word_1_721' title='bbox 2924 3308 3135 3378; x_wconf 89' lang='lat' dir='ltr'><strong>placido</strong></span> <span class='ocrx_word' id='word_1_722' title='bbox 3174 3309 3357 3364; x_wconf 90' lang='lat' dir='ltr'><strong>animo</strong></span> <span class='ocrx_word' id='word_1_723' title='bbox 3392 3309 3549 3365; x_wconf 85' lang='lat' dir='ltr'><strong>forti—</strong></span> 
     </span>
    </p>
   </div>
   <div class='ocr_carea' id='block_1_95' title="bbox 1940 3397 3542 3469">
    <p class='ocr_par' dir='ltr' id='par_1_95' title="bbox 1940 3397 3542 3469">
     <span class='ocr_line' id='line_1_95' title="bbox 1940 3397 3542 3469; baseline 0.002 -17"><span class='ocrx_word' id='word_1_724' title='bbox 1940 3407 2021 3452; x_wconf 88' lang='lat' dir='ltr'><strong>ter</strong></span> <span class='ocrx_word' id='word_1_725' title='bbox 2061 3398 2242 3451; x_wconf 90' lang='lat' dir='ltr'><strong>omnia</strong></span> <span class='ocrx_word' id='word_1_726' title='bbox 2288 3397 2445 3463; x_wconf 89' lang='lat' dir='ltr'><strong>ferat,</strong></span> <span class='ocrx_word' id='word_1_727' title='bbox 2496 3398 2783 3469; x_wconf 87' lang='lat' dir='ltr'><strong>vincatque</strong></span> <span class='ocrx_word' id='word_1_728' title='bbox 2834 3400 3254 3456; x_wconf 86' lang='lat' dir='ltr'><strong>mansuetudine</strong></span> <span class='ocrx_word' id='word_1_729' title='bbox 3302 3399 3542 3456; x_wconf 89' lang='lat' dir='ltr'><strong>furorem</strong></span> 
     </span>
    </p>
   </div>
   <div class='ocr_carea' id='block_1_96' title="bbox 1940 3488 3547 3560">
    <p class='ocr_par' dir='ltr' id='par_1_96' title="bbox 1940 3488 3547 3560">
     <span class='ocr_line' id='line_1_96' title="bbox 1940 3488 3547 3560; baseline 0.002 -17"><span class='ocrx_word' id='word_1_730' title='bbox 1940 3489 2121 3559; x_wconf 91' lang='lat' dir='ltr'><strong>inique</strong></span> <span class='ocrx_word' id='word_1_731' title='bbox 2149 3488 2441 3559; x_wconf 83' lang='lat' dir='ltr'><strong>agentium.</strong></span> <span class='ocrx_word' id='word_1_732' title='bbox 2472 3488 2616 3544; x_wconf 90' lang='lat' dir='ltr'><strong>Sane</strong></span> <span class='ocrx_word' id='word_1_733' title='bbox 2645 3491 2736 3560; x_wconf 91' lang='lat' dir='ltr'><strong>qui</strong></span> <span class='ocrx_word' id='word_1_734' title='bbox 2770 3489 2872 3545; x_wconf 93' lang='lat' dir='ltr'><strong>hoc</strong></span> <span class='ocrx_word' id='word_1_735' title='bbox 2902 3488 3031 3544; x_wconf 89' lang='lat' dir='ltr'><strong>facit</strong></span> <span class='ocrx_word' id='word_1_736' title='bbox 3064 3489 3314 3546; x_wconf 88' lang='lat' dir='ltr'><strong>laudatur</strong></span> <span class='ocrx_word' id='word_1_737' title='bbox 3344 3492 3411 3547; x_wconf 91' lang='lat' dir='ltr'><strong>ab</strong></span> <span class='ocrx_word' id='word_1_738' title='bbox 3439 3491 3547 3547; x_wconf 87' lang='lat' dir='ltr'><strong>ho-</strong></span> 
     </span>
    </p>
   </div>
   <div class='ocr_carea' id='block_1_97' title="bbox 1941 3580 3549 3654">
    <p class='ocr_par' dir='ltr' id='par_1_97' title="bbox 1941 3580 3549 3654">
     <span class='ocr_line' id='line_1_97' title="bbox 1941 3580 3549 3654; baseline 0.002 -18"><span class='ocrx_word' id='word_1_739' title='bbox 1941 3581 2195 3646; x_wconf 90' lang='lat' dir='ltr'><strong>minibus,</strong></span> <span class='ocrx_word' id='word_1_740' title='bbox 2232 3591 2286 3636; x_wconf 93' lang='lat' dir='ltr'><strong>et</strong></span> <span class='ocrx_word' id='word_1_741' title='bbox 2315 3590 2608 3636; x_wconf 86' lang='lat' dir='ltr'><strong>coronatur</strong></span> <span class='ocrx_word' id='word_1_742' title='bbox 2635 3598 2664 3635; x_wconf 89' lang='lat' dir='ltr'><strong>a</strong></span> <span class='ocrx_word' id='word_1_743' title='bbox 2697 3583 2808 3636; x_wconf 85' lang='lat' dir='ltr'><strong>Deo</strong></span> <span class='ocrx_word' id='word_1_744' title='bbox 2859 3591 2913 3637; x_wconf 92' lang='lat' dir='ltr'><strong>et</strong></span> <span class='ocrx_word' id='word_1_745' title='bbox 2953 3580 3264 3638; x_wconf 88' lang='lat' dir='ltr'><strong>Servatore.</strong></span> <span class='ocrx_word' id='word_1_746' title='bbox 3310 3581 3378 3638; x_wconf 86' lang='lat' dir='ltr'><strong>Et</strong></span> <span class='ocrx_word' id='word_1_747' title='bbox 3416 3598 3549 3654; x_wconf 79' lang='lat' dir='ltr'><strong>pro-</strong></span> 
     </span>
    </p>
   </div>
   <div class='ocr_carea' id='block_1_98' title="bbox 1941 3671 3549 3744">
    <p class='ocr_par' dir='ltr' id='par_1_98' title="bbox 1941 3671 3549 3744">
     <span class='ocr_line' id='line_1_98' title="bbox 1941 3671 3549 3744; baseline 0.002 -18"><span class='ocrx_word' id='word_1_748' title='bbox 1941 3683 2126 3744; x_wconf 88' lang='lat' dir='ltr'><strong>pterea</strong></span> <span class='ocrx_word' id='word_1_749' title='bbox 2156 3672 2613 3743; x_wconf 88' lang='lat' dir='ltr'><strong>perseverandum</strong></span> <span class='ocrx_word' id='word_1_750' title='bbox 2647 3682 2749 3739; x_wconf 88' lang='lat' dir='ltr'><strong>est,</strong></span> <span class='ocrx_word' id='word_1_751' title='bbox 2782 3671 3011 3728; x_wconf 91' lang='lat' dir='ltr'><strong>ferendo</strong></span> <span class='ocrx_word' id='word_1_752' title='bbox 3040 3673 3235 3729; x_wconf 91' lang='lat' dir='ltr'><strong>leniter</strong></span> <span class='ocrx_word' id='word_1_753' title='bbox 3262 3674 3452 3742; x_wconf 90' lang='lat' dir='ltr'><strong>iratos,</strong></span> <span class='ocrx_word' id='word_1_754' title='bbox 3491 3685 3549 3731; x_wconf 89' lang='lat' dir='ltr'><strong>et</strong></span> 
     </span>
    </p>
   </div>
   <div class='ocr_carea' id='block_1_99' title="bbox 1940 3762 3547 3839">
    <p class='ocr_par' dir='ltr' id='par_1_99' title="bbox 1940 3762 3547 3839">
     <span class='ocr_line' id='line_1_99' title="bbox 1940 3762 3547 3839; baseline 0.002 -20"><span class='ocrx_word' id='word_1_755' title='bbox 1940 3762 2340 3839; x_wconf 84' lang='lat' dir='ltr'><strong>respiciendum</strong></span> <span class='ocrx_word' id='word_1_756' title='bbox 2386 3763 2454 3817; x_wconf 88' lang='lat' dir='ltr'><strong>ad</strong></span> <span class='ocrx_word' id='word_1_757' title='bbox 2506 3777 2767 3819; x_wconf 87' lang='lat' dir='ltr'><strong>coronam</strong></span> <span class='ocrx_word' id='word_1_758' title='bbox 2816 3779 2977 3834; x_wconf 90' lang='lat' dir='ltr'><strong>quam</strong></span> <span class='ocrx_word' id='word_1_759' title='bbox 3029 3766 3358 3836; x_wconf 65' lang='lat' dir='ltr'><strong>praeparavit</strong></span> <span class='ocrx_word' id='word_1_760' title='bbox 3399 3766 3547 3822; x_wconf 88' lang='lat' dir='ltr'><strong>Deus</strong></span> 
     </span>
    </p>
   </div>
   <div class='ocr_carea' id='block_1_100' title="bbox 1939 3854 3541 3926">
    <p class='ocr_par' dir='ltr' id='par_1_100' title="bbox 1939 3854 3541 3926">
     <span class='ocr_line' id='line_1_100' title="bbox 1939 3854 3541 3926; baseline 0.002 -16"><span class='ocrx_word' id='word_1_761' title='bbox 1939 3855 2236 3911; x_wconf 89' lang='lat' dir='ltr'><strong>mansuetis</strong></span> <span class='ocrx_word' id='word_1_762' title='bbox 2265 3864 2319 3910; x_wconf 89' lang='lat' dir='ltr'><strong>et</strong></span> <span class='ocrx_word' id='word_1_763' title='bbox 2350 3854 2591 3910; x_wconf 89' lang='lat' dir='ltr'><strong>mitibus.</strong></span> <span class='ocrx_word' id='word_1_764' title='bbox 2626 3855 2940 3911; x_wconf 87' lang='lat' dir='ltr'><strong>Absurdum</strong></span> <span class='ocrx_word' id='word_1_765' title='bbox 2970 3856 3117 3912; x_wconf 84' lang='lat' dir='ltr'><strong>enim</strong></span> <span class='ocrx_word' id='word_1_766' title='bbox 3146 3867 3249 3926; x_wconf 77' lang='lat' dir='ltr'><strong>eet,</strong></span> <span class='ocrx_word' id='word_1_767' title='bbox 3279 3866 3335 3912; x_wconf 91' lang='lat' dir='ltr'><strong>ut</strong></span> <span class='ocrx_word' id='word_1_768' title='bbox 3362 3857 3541 3914; x_wconf 84' lang='lat' dir='ltr'><strong>athle—</strong></span> 
     </span>
    </p>
   </div>
   <div class='ocr_carea' id='block_1_101' title="bbox 1940 3948 3550 4020">
    <p class='ocr_par' dir='ltr' id='par_1_101' title="bbox 1940 3948 3550 4020">
     <span class='ocr_line' id='line_1_101' title="bbox 1940 3948 3550 4020; baseline 0.001 -17"><span class='ocrx_word' id='word_1_769' title='bbox 1940 3958 2008 4003; x_wconf 69' lang='lat' dir='ltr'><strong>ta:</strong></span> <span class='ocrx_word' id='word_1_770' title='bbox 2040 3950 2091 4003; x_wconf 90' lang='lat' dir='ltr'><strong>in</strong></span> <span class='ocrx_word' id='word_1_771' title='bbox 2138 3948 2405 4020; x_wconf 87' lang='lat' dir='ltr'><strong>gymnicis</strong></span> <span class='ocrx_word' id='word_1_772' title='bbox 2434 3948 2702 4019; x_wconf 87' lang='lat' dir='ltr'><strong>agonibus</strong></span> <span class='ocrx_word' id='word_1_773' title='bbox 2744 3949 3045 4019; x_wconf 88' lang='lat' dir='ltr'><strong>pulverem,</strong></span> <span class='ocrx_word' id='word_1_774' title='bbox 3077 3950 3302 4005; x_wconf 88' lang='lat' dir='ltr'><strong>verbera</strong></span> <span class='ocrx_word' id='word_1_775' title='bbox 3344 3959 3401 4005; x_wconf 92' lang='lat' dir='ltr'><strong>et</strong></span> <span class='ocrx_word' id='word_1_776' title='bbox 3430 3951 3550 4004; x_wconf 83' lang='lat' dir='ltr'><strong>vul-</strong></span> 
     </span>
    </p>
   </div>
   <div class='ocr_carea' id='block_1_102' title="bbox 1939 4041 3547 4111">
    <p class='ocr_par' dir='ltr' id='par_1_102' title="bbox 1939 4041 3547 4111">
     <span class='ocr_line' id='line_1_102' title="bbox 1939 4041 3547 4111; baseline 0.001 -15"><span class='ocrx_word' id='word_1_777' title='bbox 1939 4057 2068 4097; x_wconf 89' lang='lat' dir='ltr'><strong>nera</strong></span> <span class='ocrx_word' id='word_1_778' title='bbox 2099 4041 2271 4096; x_wconf 86' lang='lat' dir='ltr'><strong>ferant</strong></span> <span class='ocrx_word' id='word_1_779' title='bbox 2302 4049 2525 4111; x_wconf 89' lang='lat' dir='ltr'><strong>propter</strong></span> <span class='ocrx_word' id='word_1_780' title='bbox 2552 4055 2744 4095; x_wconf 86' lang='lat' dir='ltr'><strong>vanam</strong></span> <span class='ocrx_word' id='word_1_781' title='bbox 2776 4041 3029 4111; x_wconf 84' lang='lat' dir='ltr'><strong>gloriam,</strong></span> <span class='ocrx_word' id='word_1_782' title='bbox 3055 4056 3312 4097; x_wconf 87' lang='lat' dir='ltr'><strong>coronam</strong></span> <span class='ocrx_word' id='word_1_783' title='bbox 3344 4043 3547 4099; x_wconf 88' lang='lat' dir='ltr'><strong>nullius</strong></span> 
     </span>
    </p>
   </div>
   <div class='ocr_carea' id='block_1_103' title="bbox 1938 4133 3543 4202">
    <p class='ocr_par' dir='ltr' id='par_1_103' title="bbox 1938 4133 3543 4202">
     <span class='ocr_line' id='line_1_103' title="bbox 1938 4133 3543 4202; baseline 0.001 -14"><span class='ocrx_word' id='word_1_784' title='bbox 1938 4134 2196 4189; x_wconf 88' lang='lat' dir='ltr'><strong>momenti</strong></span> <span class='ocrx_word' id='word_1_785' title='bbox 2219 4141 2529 4202; x_wconf 88' lang='lat' dir='ltr'><strong>spectantes</strong></span> <span class='ocrx_word' id='word_1_786' title='bbox 2553 4151 2566 4186; x_wconf 89' lang='lat'><strong>:</strong></span> <span class='ocrx_word' id='word_1_787' title='bbox 2601 4147 2701 4188; x_wconf 92' lang='lat' dir='ltr'><strong>nos</strong></span> <span class='ocrx_word' id='word_1_788' title='bbox 2728 4143 2908 4189; x_wconf 90' lang='lat' dir='ltr'><strong>autem</strong></span> <span class='ocrx_word' id='word_1_789' title='bbox 2930 4133 3230 4189; x_wconf 88' lang='lat' dir='ltr'><strong>coronandi</strong></span> <span class='ocrx_word' id='word_1_790' title='bbox 3250 4147 3283 4191; x_wconf 85' lang='lat' dir='ltr'><strong>a</strong></span> <span class='ocrx_word' id='word_1_791' title='bbox 3303 4134 3543 4201; x_wconf 88' lang='lat' dir='ltr'><strong>Christo,</strong></span> 
     </span>
    </p>
   </div>
   <div class='ocr_carea' id='block_1_104' title="bbox 1938 4224 3538 4294">
    <p class='ocr_par' dir='ltr' id='par_1_104' title="bbox 1938 4224 3538 4294">
     <span class='ocr_line' id='line_1_104' title="bbox 1938 4224 3538 4294; baseline 0.002 -14"><span class='ocrx_word' id='word_1_792' title='bbox 1938 4242 2043 4280; x_wconf 89' lang='lat' dir='ltr'><strong>non</strong></span> <span class='ocrx_word' id='word_1_793' title='bbox 2087 4228 2414 4294; x_wconf 88' lang='lat' dir='ltr'><strong>imperemus</strong></span> <span class='ocrx_word' id='word_1_794' title='bbox 2460 4226 2576 4292; x_wconf 71' lang='lat' dir='ltr'><strong>irae,</strong></span> <span class='ocrx_word' id='word_1_795' title='bbox 2618 4240 2726 4280; x_wconf 91' lang='lat' dir='ltr'><strong>nou</strong></span> <span class='ocrx_word' id='word_1_796' title='bbox 2758 4226 2939 4281; x_wconf 90' lang='lat' dir='ltr'><strong>omnia</strong></span> <span class='ocrx_word' id='word_1_797' title='bbox 2974 4224 3189 4281; x_wconf 90' lang='lat' dir='ltr'><strong>fortiter</strong></span> <span class='ocrx_word' id='word_1_798' title='bbox 3217 4224 3538 4290; x_wconf 80' lang='lat' dir='ltr'><strong>toleremus.</strong></span> 
     </span>
    </p>
   </div>
   <div class='ocr_carea' id='block_1_105' title="bbox 1938 4318 3542 4389">
    <p class='ocr_par' dir='ltr' id='par_1_105' title="bbox 1938 4318 3542 4389">
     <span class='ocr_line' id='line_1_105' title="bbox 1938 4318 3542 4389; baseline 0.002 -16"><span class='ocrx_word' id='word_1_799' title='bbox 1938 4319 2030 4373; x_wconf 85' lang='lat' dir='ltr'><strong>sed</strong></span> <span class='ocrx_word' id='word_1_800' title='bbox 2065 4319 2282 4374; x_wconf 90' lang='lat' dir='ltr'><strong>brevem</strong></span> <span class='ocrx_word' id='word_1_801' title='bbox 2308 4318 2639 4388; x_wconf 86' lang='lat' dir='ltr'><strong>voluptatem</strong></span> <span class='ocrx_word' id='word_1_802' title='bbox 2677 4328 2731 4373; x_wconf 92' lang='lat' dir='ltr'><strong>et</strong></span> <span class='ocrx_word' id='word_1_803' title='bbox 2762 4319 3021 4389; x_wconf 85' lang='lat' dir='ltr'><strong>iujustum</strong></span> <span class='ocrx_word' id='word_1_804' title='bbox 3056 4318 3292 4375; x_wconf 91' lang='lat' dir='ltr'><strong>furorem</strong></span> <span class='ocrx_word' id='word_1_805' title='bbox 3337 4323 3542 4377; x_wconf 64' lang='lat' dir='ltr'><strong>caelesti</strong></span> 
     </span>
    </p>
   </div>
   <div class='ocr_carea' id='block_1_106' title="bbox 1938 4408 3544 4479">
    <p class='ocr_par' dir='ltr' id='par_1_106' title="bbox 1938 4408 3544 4479">
     <span class='ocr_line' id='line_1_106' title="bbox 1938 4408 3544 4479; baseline 0.002 -17"><span class='ocrx_word' id='word_1_806' title='bbox 1938 4411 2132 4464; x_wconf 88' lang='lat' dir='ltr'><strong>honori</strong></span> <span class='ocrx_word' id='word_1_807' title='bbox 2161 4419 2215 4464; x_wconf 89' lang='lat' dir='ltr'><strong>et</strong></span> <span class='ocrx_word' id='word_1_808' title='bbox 2243 4408 2429 4478; x_wconf 64' lang='lat' dir='ltr'><strong>gloriae</strong></span> <span class='ocrx_word' id='word_1_809' title='bbox 2448 4409 2817 4479; x_wconf 69' lang='lat' dir='ltr'><strong>prazferamus.</strong></span> <span class='ocrx_word' id='word_1_810' title='bbox 2842 4409 3136 4467; x_wconf 79' lang='lat' dir='ltr'><strong>Enimvero</strong></span> <span class='ocrx_word' id='word_1_811' title='bbox 3167 4421 3220 4468; x_wconf 88' lang='lat' dir='ltr'><strong>et</strong></span> <span class='ocrx_word' id='word_1_812' title='bbox 3242 4413 3343 4467; x_wconf 88' lang='lat' dir='ltr'><strong>hoc</strong></span> <span class='ocrx_word' id='word_1_813' title='bbox 3368 4414 3544 4468; x_wconf 61' lang='lat' dir='ltr'><strong>mani.</strong></span> 
     </span>
    </p>
   </div>
   <div class='ocr_carea' id='block_1_107' title="bbox 1938 4500 3549 4575">
    <p class='ocr_par' dir='ltr' id='par_1_107' title="bbox 1938 4500 3549 4575">
     <span class='ocr_line' id='line_1_107' title="bbox 1938 4500 3549 4575; baseline 0.003 -20"><span class='ocrx_word' id='word_1_814' title='bbox 1938 4500 2157 4566; x_wconf 88' lang='lat' dir='ltr'><strong>festum,</strong></span> <span class='ocrx_word' id='word_1_815' title='bbox 2189 4501 2330 4570; x_wconf 91' lang='lat' dir='ltr'><strong>quod</strong></span> <span class='ocrx_word' id='word_1_816' title='bbox 2356 4516 2480 4556; x_wconf 91' lang='lat' dir='ltr'><strong>cum</strong></span> <span class='ocrx_word' id='word_1_817' title='bbox 2523 4502 2691 4557; x_wconf 91' lang='lat' dir='ltr'><strong>multa</strong></span> <span class='ocrx_word' id='word_1_818' title='bbox 2719 4517 3019 4574; x_wconf 87' lang='lat' dir='ltr'><strong>magnaque</strong></span> <span class='ocrx_word' id='word_1_819' title='bbox 3056 4504 3187 4568; x_wconf 89' lang='lat' dir='ltr'><strong>sint,</strong></span> <span class='ocrx_word' id='word_1_820' title='bbox 3228 4519 3348 4575; x_wconf 61' lang='lat' dir='ltr'><strong>quae</strong></span> <span class='ocrx_word' id='word_1_821' title='bbox 3372 4505 3549 4575; x_wconf 84' lang='lat' dir='ltr'><strong>justo-</strong></span> 
     </span>
    </p>
   </div>
   <div class='ocr_carea' id='block_1_108' title="bbox 1939 4592 3549 4665">
    <p class='ocr_par' dir='ltr' id='par_1_108' title="bbox 1939 4592 3549 4665">
     <span class='ocr_line' id='line_1_108' title="bbox 1939 4592 3549 4665; baseline 0.001 -16"><span class='ocrx_word' id='word_1_822' title='bbox 1939 4609 2058 4649; x_wconf 91' lang='lat' dir='ltr'><strong>rum</strong></span> <span class='ocrx_word' id='word_1_823' title='bbox 2088 4594 2248 4647; x_wconf 89' lang='lat' dir='ltr'><strong>vitam</strong></span> <span class='ocrx_word' id='word_1_824' title='bbox 2282 4602 2568 4659; x_wconf 83' lang='lat' dir='ltr'><strong>exornant,</strong></span> <span class='ocrx_word' id='word_1_825' title='bbox 2600 4592 2705 4648; x_wconf 85' lang='lat' dir='ltr'><strong>hoc</strong></span> <span class='ocrx_word' id='word_1_826' title='bbox 2750 4604 2926 4649; x_wconf 89' lang='lat' dir='ltr'><strong>tamen</strong></span> <span class='ocrx_word' id='word_1_827' title='bbox 2970 4609 3081 4665; x_wconf 75' lang='lat' dir='ltr'><strong>prte</strong></span> <span class='ocrx_word' id='word_1_828' title='bbox 3120 4596 3333 4652; x_wconf 71' lang='lat' dir='ltr'><strong>caneris</strong></span> <span class='ocrx_word' id='word_1_829' title='bbox 3377 4595 3549 4652; x_wconf 80' lang='lat' dir='ltr'><strong>efﬁcit</strong></span> 
     </span>
    </p>
   </div>
   <div class='ocr_carea' id='block_1_109' title="bbox 1939 4686 3544 4763">
    <p class='ocr_par' dir='ltr' id='par_1_109' title="bbox 1939 4686 3544 4763">
     <span class='ocr_line' id='line_1_109' title="bbox 1939 4686 3544 4763; baseline 0.004 -23"><span class='ocrx_word' id='word_1_830' title='bbox 1939 4696 1999 4740; x_wconf 92' lang='lat' dir='ltr'><strong>ut</strong></span> <span class='ocrx_word' id='word_1_831' title='bbox 2028 4686 2312 4741; x_wconf 88' lang='lat' dir='ltr'><strong>clarissimi</strong></span> <span class='ocrx_word' id='word_1_832' title='bbox 2357 4686 2605 4752; x_wconf 90' lang='lat' dir='ltr'><strong>evadant,</strong></span> <span class='ocrx_word' id='word_1_833' title='bbox 2658 4688 2703 4742; x_wconf 93' lang='lat' dir='ltr'><strong>si</strong></span> <span class='ocrx_word' id='word_1_834' title='bbox 2753 4690 3019 4743; x_wconf 90' lang='lat' dir='ltr'><strong>mansueti</strong></span> <span class='ocrx_word' id='word_1_835' title='bbox 3066 4690 3267 4756; x_wconf 79' lang='lat' dir='ltr'><strong>vivant,</strong></span> <span class='ocrx_word' id='word_1_836' title='bbox 3318 4701 3373 4747; x_wconf 88' lang='lat' dir='ltr'><strong>et</strong></span> <span class='ocrx_word' id='word_1_837' title='bbox 3417 4707 3544 4763; x_wconf 74' lang='lat' dir='ltr'><strong>erga</strong></span> 
     </span>
    </p>
   </div>
   <div class='ocr_carea' id='block_1_110' title="bbox 1940 4776 3545 4849">
    <p class='ocr_par' dir='ltr' id='par_1_110' title="bbox 1940 4776 3545 4849">
     <span class='ocr_line' id='line_1_110' title="bbox 1940 4776 3545 4849; baseline 0.006 -20"><span class='ocrx_word' id='word_1_838' title='bbox 1940 4776 2060 4831; x_wconf 88' lang='lat' dir='ltr'><strong>illos</strong></span> <span class='ocrx_word' id='word_1_839' title='bbox 2108 4776 2303 4846; x_wconf 87' lang='lat' dir='ltr'><strong>placidi</strong></span> <span class='ocrx_word' id='word_1_840' title='bbox 2349 4778 2459 4831; x_wconf 89' lang='lat' dir='ltr'><strong>sint</strong></span> <span class='ocrx_word' id='word_1_841' title='bbox 2501 4793 2529 4831; x_wconf 91' lang='lat' dir='ltr'><strong>a</strong></span> <span class='ocrx_word' id='word_1_842' title='bbox 2572 4778 2768 4848; x_wconf 90' lang='lat' dir='ltr'><strong>quibus</strong></span> <span class='ocrx_word' id='word_1_843' title='bbox 2816 4779 3027 4849; x_wconf 86' lang='lat' dir='ltr'><strong>injuriis</strong></span> <span class='ocrx_word' id='word_1_844' title='bbox 3063 4781 3391 4837; x_wconf 83' lang='lat' dir='ltr'><strong>afﬁciuntur.</strong></span> <span class='ocrx_word' id='word_1_845' title='bbox 3432 4784 3545 4839; x_wconf 89' lang='lat' dir='ltr'><strong>llac</strong></span> 
     </span>
    </p>
   </div>
   <div class='ocr_carea' id='block_1_111' title="bbox 1939 4867 3542 4932">
    <p class='ocr_par' dir='ltr' id='par_1_111' title="bbox 1939 4867 3542 4932">
     <span class='ocr_line' id='line_1_111' title="bbox 1939 4867 3542 4932; baseline 0.006 -10"><span class='ocrx_word' id='word_1_846' title='bbox 1939 4869 2083 4922; x_wconf 90' lang='lat' dir='ltr'><strong>enim</strong></span> <span class='ocrx_word' id='word_1_847' title='bbox 2124 4868 2323 4923; x_wconf 88' lang='lat' dir='ltr'><strong>virtute</strong></span> <span class='ocrx_word' id='word_1_848' title='bbox 2359 4868 2538 4923; x_wconf 85' lang='lat' dir='ltr'><strong>Moses</strong></span> <span class='ocrx_word' id='word_1_849' title='bbox 2585 4867 2897 4925; x_wconf 67' lang='lat' dir='ltr'><strong>Judazorum</strong></span> <span class='ocrx_word' id='word_1_850' title='bbox 2954 4871 3219 4927; x_wconf 88' lang='lat' dir='ltr'><strong>insaniam</strong></span> <span class='ocrx_word' id='word_1_851' title='bbox 3266 4874 3542 4932; x_wconf 84' lang='lat' dir='ltr'><strong>moderate</strong></span> 
     </span>
    </p>
   </div>
   <div class='ocr_carea' id='block_1_112' title="bbox 1940 4958 3546 5027">
    <p class='ocr_par' dir='ltr' id='par_1_112' title="bbox 1940 4958 3546 5027">
     <span class='ocr_line' id='line_1_112' title="bbox 1940 4958 3546 5027; baseline 0.004 -14"><span class='ocrx_word' id='word_1_852' title='bbox 1940 4958 2143 5024; x_wconf 87' lang='lat' dir='ltr'><strong>ferens,</strong></span> <span class='ocrx_word' id='word_1_853' title='bbox 2189 4966 2243 5014; x_wconf 88' lang='lat' dir='ltr'><strong>et</strong></span> <span class='ocrx_word' id='word_1_854' title='bbox 2288 4959 2539 5026; x_wconf 90' lang='lat' dir='ltr'><strong>precibus</strong></span> <span class='ocrx_word' id='word_1_855' title='bbox 2589 4960 2805 5014; x_wconf 84' lang='lat' dir='ltr'><strong>salvans</strong></span> <span class='ocrx_word' id='word_1_856' title='bbox 2852 4961 3120 5027; x_wconf 87' lang='lat' dir='ltr'><strong>inimicos,</strong></span> <span class='ocrx_word' id='word_1_857' title='bbox 3176 4965 3437 5020; x_wconf 90' lang='lat' dir='ltr'><strong>honorem</strong></span> <span class='ocrx_word' id='word_1_858' title='bbox 3490 4978 3546 5022; x_wconf 91' lang='lat' dir='ltr'><strong>et</strong></span> 
     </span>
    </p>
   </div>
   <div class='ocr_carea' id='block_1_113' title="bbox 1939 5050 3544 5125">
    <p class='ocr_par' dir='ltr' id='par_1_113' title="bbox 1939 5050 3544 5125">
     <span class='ocr_line' id='line_1_113' title="bbox 1939 5050 3544 5125; baseline 0.004 -20"><span class='ocrx_word' id='word_1_859' title='bbox 1939 5051 2163 5121; x_wconf 89' lang='lat' dir='ltr'><strong>gloriam</strong></span> <span class='ocrx_word' id='word_1_860' title='bbox 2210 5050 2483 5104; x_wconf 69' lang='lat' dir='ltr'><strong>czclestem</strong></span> <span class='ocrx_word' id='word_1_861' title='bbox 2524 5065 2635 5119; x_wconf 67' lang='lat' dir='ltr'><strong>prae</strong></span> <span class='ocrx_word' id='word_1_862' title='bbox 2660 5050 2783 5105; x_wconf 90' lang='lat' dir='ltr'><strong>aliis</strong></span> <span class='ocrx_word' id='word_1_863' title='bbox 2822 5052 3072 5118; x_wconf 83' lang='lat' dir='ltr'><strong>obtinuit,</strong></span> <span class='ocrx_word' id='word_1_864' title='bbox 3107 5053 3310 5125; x_wconf 83' lang='lat' dir='ltr'><strong>Deique</strong></span> <span class='ocrx_word' id='word_1_865' title='bbox 3339 5057 3544 5111; x_wconf 89' lang='lat' dir='ltr'><strong>amicus</strong></span> 
     </span>
    </p>
   </div>
   <div class='ocr_carea' id='block_1_114' title="bbox 1940 5140 3545 5217">
    <p class='ocr_par' dir='ltr' id='par_1_114' title="bbox 1940 5140 3545 5217">
     <span class='ocr_line' id='line_1_114' title="bbox 1940 5140 3545 5217; baseline 0.005 -22"><span class='ocrx_word' id='word_1_866' title='bbox 1940 5151 2162 5197; x_wconf 74' lang='lat' dir='ltr'><strong>VuCﬂlUS</strong></span> <span class='ocrx_word' id='word_1_867' title='bbox 2194 5150 2298 5195; x_wconf 87' lang='lat' dir='ltr'><strong>est.</strong></span> <span class='ocrx_word' id='word_1_868' title='bbox 2336 5140 2447 5196; x_wconf 76' lang='lat' dir='ltr'><strong>[lac</strong></span> <span class='ocrx_word' id='word_1_869' title='bbox 2480 5154 2694 5211; x_wconf 85' lang='lat' dir='ltr'><strong>quoque</strong></span> <span class='ocrx_word' id='word_1_870' title='bbox 2744 5143 2943 5199; x_wconf 84' lang='lat' dir='ltr'><strong>virtute</strong></span> <span class='ocrx_word' id='word_1_871' title='bbox 2978 5152 3032 5198; x_wconf 92' lang='lat' dir='ltr'><strong>et</strong></span> <span class='ocrx_word' id='word_1_872' title='bbox 3082 5144 3270 5209; x_wconf 86' lang='lat' dir='ltr'><strong>David,</strong></span> <span class='ocrx_word' id='word_1_873' title='bbox 3316 5162 3545 5217; x_wconf 89' lang='lat' dir='ltr'><strong>parcens</strong></span> 
     </span>
    </p>
   </div>
   <div class='ocr_carea' id='block_1_115' title="bbox 1940 5229 3545 5298">
    <p class='ocr_par' dir='ltr' id='par_1_115' title="bbox 1940 5229 3545 5298">
     <span class='ocr_line' id='line_1_115' title="bbox 1940 5229 3545 5298; baseline 0.002 -9"><span class='ocrx_word' id='word_1_874' title='bbox 1940 5233 2175 5289; x_wconf 89' lang='lat' dir='ltr'><strong>inimicis</strong></span> <span class='ocrx_word' id='word_1_875' title='bbox 2204 5241 2259 5289; x_wconf 89' lang='lat' dir='ltr'><strong>et</strong></span> <span class='ocrx_word' id='word_1_876' title='bbox 2284 5229 2551 5298; x_wconf 87' lang='lat' dir='ltr'><strong>hostibus,</strong></span> <span class='ocrx_word' id='word_1_877' title='bbox 2588 5232 2756 5287; x_wconf 90' lang='lat' dir='ltr'><strong>Deum</strong></span> <span class='ocrx_word' id='word_1_878' title='bbox 2799 5233 2902 5289; x_wconf 87' lang='lat' dir='ltr'><strong>sibi</strong></span> <span class='ocrx_word' id='word_1_879' title='bbox 2948 5235 3183 5290; x_wconf 88' lang='lat' dir='ltr'><strong>amicum</strong></span> <span class='ocrx_word' id='word_1_880' title='bbox 3224 5246 3277 5292; x_wconf 93' lang='lat' dir='ltr'><strong>et</strong></span> <span class='ocrx_word' id='word_1_881' title='bbox 3309 5237 3545 5293; x_wconf 85' lang='lat' dir='ltr'><strong>benevo-</strong></span> 
     </span>
    </p>
   </div>
   <div class='ocr_carea' id='block_1_116' title="bbox 1942 5323 3547 5385">
    <p class='ocr_par' dir='ltr' id='par_1_116' title="bbox 1942 5323 3547 5385">
     <span class='ocr_line' id='line_1_116' title="bbox 1942 5323 3547 5385; baseline 0.002 -4"><span class='ocrx_word' id='word_1_882' title='bbox 1942 5328 2050 5381; x_wconf 93' lang='lat' dir='ltr'><strong>lnm</strong></span> <span class='ocrx_word' id='word_1_883' title='bbox 2098 5323 2297 5380; x_wconf 77' lang='lat' dir='ltr'><strong>effecit.</strong></span> <span class='ocrx_word' id='word_1_884' title='bbox 2335 5323 2461 5380; x_wconf 70' lang='lat' dir='ltr'><strong>Haec</strong></span> <span class='ocrx_word' id='word_1_885' title='bbox 2496 5325 2641 5379; x_wconf 88' lang='lat' dir='ltr'><strong>enim</strong></span> <span class='ocrx_word' id='word_1_886' title='bbox 2679 5339 2802 5379; x_wconf 91' lang='lat' dir='ltr'><strong>cum</strong></span> <span class='ocrx_word' id='word_1_887' title='bbox 2835 5341 3026 5381; x_wconf 84' lang='lat' dir='ltr'><strong>omnes</strong></span> <span class='ocrx_word' id='word_1_888' title='bbox 3066 5325 3316 5384; x_wconf 86' lang='lat' dir='ltr'><strong>homines</strong></span> <span class='ocrx_word' id='word_1_889' title='bbox 3347 5344 3547 5385; x_wconf 87' lang='lat' dir='ltr'><strong>ornare</strong></span> 
     </span>
    </p>
   </div>
   <div class='ocr_carea' id='block_1_117' title="bbox 1940 5417 3547 5490">
    <p class='ocr_par' dir='ltr' id='par_1_117' title="bbox 1940 5417 3547 5490">
     <span class='ocr_line' id='line_1_117' title="bbox 1940 5417 3547 5490; baseline 0.002 -16"><span class='ocrx_word' id='word_1_890' title='bbox 1940 5421 2138 5485; x_wconf 87' lang='lat' dir='ltr'><strong>valeat,</strong></span> <span class='ocrx_word' id='word_1_891' title='bbox 2164 5418 2215 5472; x_wconf 92' lang='lat' dir='ltr'><strong>in</strong></span> <span class='ocrx_word' id='word_1_892' title='bbox 2245 5417 2435 5489; x_wconf 89' lang='lat' dir='ltr'><strong>primis</strong></span> <span class='ocrx_word' id='word_1_893' title='bbox 2457 5426 2639 5471; x_wconf 84' lang='lat' dir='ltr'><strong>tamen</strong></span> <span class='ocrx_word' id='word_1_894' title='bbox 2662 5432 2757 5472; x_wconf 89' lang='lat' dir='ltr'><strong>eos</strong></span> <span class='ocrx_word' id='word_1_895' title='bbox 2778 5418 2870 5489; x_wconf 92' lang='lat' dir='ltr'><strong>qui</strong></span> <span class='ocrx_word' id='word_1_896' title='bbox 2897 5419 2948 5473; x_wconf 89' lang='lat' dir='ltr'><strong>in</strong></span> <span class='ocrx_word' id='word_1_897' title='bbox 2979 5420 3335 5490; x_wconf 87' lang='lat' dir='ltr'><strong>potestatibus</strong></span> <span class='ocrx_word' id='word_1_898' title='bbox 3356 5433 3547 5490; x_wconf 78' lang='lat' dir='ltr'><strong>agunt.</strong></span> 
     </span>
    </p>
   </div>
   <div class='ocr_carea' id='block_1_118' title="bbox 1942 5513 3548 5588">
    <p class='ocr_par' dir='ltr' id='par_1_118' title="bbox 1942 5513 3548 5588">
     <span class='ocr_line' id='line_1_118' title="bbox 1942 5513 3548 5588; baseline 0.004 -20"><span class='ocrx_word' id='word_1_899' title='bbox 1942 5514 2075 5568; x_wconf 80' lang='lat' dir='ltr'><strong>Nam</strong></span> <span class='ocrx_word' id='word_1_900' title='bbox 2101 5529 2224 5569; x_wconf 89' lang='lat' dir='ltr'><strong>cum</strong></span> <span class='ocrx_word' id='word_1_901' title='bbox 2256 5513 2587 5583; x_wconf 87' lang='lat' dir='ltr'><strong>principibus</strong></span> <span class='ocrx_word' id='word_1_902' title='bbox 2613 5513 2793 5569; x_wconf 88' lang='lat' dir='ltr'><strong>omnia</strong></span> <span class='ocrx_word' id='word_1_903' title='bbox 2824 5516 3223 5584; x_wconf 88' lang='lat' dir='ltr'><strong>permittantur,</strong></span> <span class='ocrx_word' id='word_1_904' title='bbox 3261 5517 3305 5571; x_wconf 90' lang='lat' dir='ltr'><strong>si</strong></span> <span class='ocrx_word' id='word_1_905' title='bbox 3337 5519 3548 5588; x_wconf 86' lang='lat' dir='ltr'><strong>scipsos</strong></span> 
     </span>
    </p>
   </div>
   <div class='ocr_carea' id='block_1_119' title="bbox 1942 5606 3557 5681">
    <p class='ocr_par' dir='ltr' id='par_1_119' title="bbox 1942 5606 3557 5681">
     <span class='ocr_line' id='line_1_119' title="bbox 1942 5606 3557 5681; baseline 0.002 -21"><span class='ocrx_word' id='word_1_906' title='bbox 1942 5607 2241 5670; x_wconf 86' lang='lat' dir='ltr'><strong>continent,</strong></span> <span class='ocrx_word' id='word_1_907' title='bbox 2282 5612 2336 5658; x_wconf 91' lang='lat' dir='ltr'><strong>et</strong></span> <span class='ocrx_word' id='word_1_908' title='bbox 2363 5618 2582 5657; x_wconf 89' lang='lat' dir='ltr'><strong>suorum</strong></span> <span class='ocrx_word' id='word_1_909' title='bbox 2632 5619 2855 5674; x_wconf 89' lang='lat' dir='ltr'><strong>operum</strong></span> <span class='ocrx_word' id='word_1_910' title='bbox 2901 5608 3091 5662; x_wconf 88' lang='lat' dir='ltr'><strong>ducem</strong></span> <span class='ocrx_word' id='word_1_911' title='bbox 3141 5606 3338 5663; x_wconf 77' lang='lat' dir='ltr'><strong>habent</strong></span> <span class='ocrx_word' id='word_1_912' title='bbox 3367 5610 3557 5681; x_wconf 83' lang='lat' dir='ltr'><strong>legem-</strong></span> 
     </span>
    </p>
   </div>
   <div class='ocr_carea' id='block_1_120' title="bbox 1945 5695 3549 5772">
    <p class='ocr_par' dir='ltr' id='par_1_120' title="bbox 1945 5695 3549 5772">
     <span class='ocr_line' id='line_1_120' title="bbox 1945 5695 3549 5772; baseline 0.001 -18"><span class='ocrx_word' id='word_1_913' title='bbox 1945 5699 2061 5764; x_wconf 93' lang='lat' dir='ltr'><strong>Dei,</strong></span> <span class='ocrx_word' id='word_1_914' title='bbox 2114 5713 2219 5753; x_wconf 90' lang='lat' dir='ltr'><strong>non</strong></span> <span class='ocrx_word' id='word_1_915' title='bbox 2270 5710 2464 5766; x_wconf 88' lang='lat' dir='ltr'><strong>parum</strong></span> <span class='ocrx_word' id='word_1_916' title='bbox 2510 5695 2636 5752; x_wconf 86' lang='lat' dir='ltr'><strong>inde</strong></span> <span class='ocrx_word' id='word_1_917' title='bbox 2677 5712 2865 5752; x_wconf 91' lang='lat' dir='ltr'><strong>eorum</strong></span> <span class='ocrx_word' id='word_1_918' title='bbox 2918 5699 3223 5754; x_wconf 86' lang='lat' dir='ltr'><strong>celebritati</strong></span> <span class='ocrx_word' id='word_1_919' title='bbox 3265 5710 3321 5756; x_wconf 92' lang='lat' dir='ltr'><strong>et</strong></span> <span class='ocrx_word' id='word_1_920' title='bbox 3355 5696 3549 5772; x_wconf 78' lang='lat' dir='ltr'><strong>gloriae</strong></span> 
     </span>
    </p>
   </div>
   <div class='ocr_carea' id='block_1_121' title="bbox 1945 5786 3549 5862">
    <p class='ocr_par' dir='ltr' id='par_1_121' title="bbox 1945 5786 3549 5862">
     <span class='ocr_line' id='line_1_121' title="bbox 1945 5786 3549 5862; baseline 0.002 -15"><span class='ocrx_word' id='word_1_921' title='bbox 1945 5790 2226 5849; x_wconf 77' lang='lat' dir='ltr'><strong>accrescit.</strong></span> <span class='ocrx_word' id='word_1_922' title='bbox 2273 5787 2564 5845; x_wconf 81' lang='lat' dir='ltr'><strong>Enimvero</strong></span> <span class='ocrx_word' id='word_1_923' title='bbox 2597 5786 2793 5845; x_wconf 83' lang='lat' dir='ltr'><strong>Paulus</strong></span> <span class='ocrx_word' id='word_1_924' title='bbox 2818 5799 2873 5847; x_wconf 87' lang='lat' dir='ltr'><strong>et</strong></span> <span class='ocrx_word' id='word_1_925' title='bbox 2906 5791 3114 5859; x_wconf 81' lang='lat' dir='ltr'><strong>Petrus,</strong></span> <span class='ocrx_word' id='word_1_926' title='bbox 3153 5790 3243 5862; x_wconf 88' lang='lat' dir='ltr'><strong>qui</strong></span> <span class='ocrx_word' id='word_1_927' title='bbox 3274 5792 3549 5850; x_wconf 71' lang='lat' dir='ltr'><strong>cmlestsm</strong></span> 
     </span>
    </p>
   </div>
  </div>
