4034 6410
533 278 641 335 555

530 387 1089 461 tangebantapsidem
1126 396 1360 459 propter
1380 388 1640 443 virtutem
1672 401 1781 457 qua
1811 384 2100 457 conspicui

522 490 705 547 erant,
740 479 1091 534 humanitate
1135 488 1320 536 tamen
1349 486 1406 532 et
1437 476 1865 532 mansuetudine
1894 476 2096 548 magis,

516 588 685 643 quam
719 571 846 627 aliis
869 571 1053 638 bonis,
1079 571 1436 628 claruerunt:
1462 570 1595 642 quia
1642 570 1913 625 honorem
1943 569 2100 624 exhi-

518 663 760 719 buerunt
798 662 866 718 iis
907 664 1005 735 qui
1052 680 1114 720 se
1157 662 1425 719 conviciis
1454 663 1826 727 incessebant,
1856 662 2100 716 inimicis

511 756 933 824 benefecerunt,
952 766 1010 814 et
1024 773 1168 829 saepe
1184 758 1493 829 lapidantes
1514 755 1775 828 precibus
1790 754 2093 811 salvarunt:

514 850 765 907 sciebant
790 852 938 907 enim
966 852 1082 907 haec
1111 852 1346 907 maxime
1370 860 1526 923 grata
1556 850 1691 917 Deo,
1732 858 1789 910 et
1818 865 1931 921 pra:
1972 848 2098 905 aliis

510 941 674 996 bonis
696 942 753 996 in
777 942 909 998 caelo
928 942 1275 999 admirabilia
1291 958 1411 999 esse
1439 961 1453 997 :
1479 952 1536 998 et
1558 942 1768 1000 idcirco
1792 944 1897 1015 ipsi
1926 942 2096 998 vitam

510 1048 666 1096 suam
708 1034 766 1089 in
803 1035 1229 1091 mansuetudine
1268 1036 1714 1101 transmiserunt,
1743 1036 1992 1107 aliosque
2025 1036 2096 1092 ad

507 1126 937 1181 illam’allexere.
963 1126 1110 1194 Quin
1127 1135 1185 1184 et
1204 1128 1543 1199 Stephanum
1570 1130 1976 1202 periclitantem
1992 1145 2094 1200 pro

507 1213 714 1286 pietate
736 1217 867 1272 dum
888 1216 1143 1274 Videmus
1161 1234 1263 1289 pro
1283 1219 1527 1276 inimicis
1546 1234 1706 1277 orare
1735 1220 1870 1290 (Act.
1898 1223 1950 1276 7.
1978 1220 2091 1290 59),

508 1315 565 1362 et
586 1308 1069 1366 mansuetudinem
1091 1312 1213 1383 ejus
1231 1319 1288 1368 et
1309 1313 1614 1369 certamina
1634 1313 1841 1385 pariter
1859 1313 2095 1371 admira-

504 1415 648 1455 mur.
674 1400 970 1475 Reliquum
997 1413 1104 1471 est,
1130 1404 1261 1475 quia
1288 1412 1470 1461 tantos
1499 1422 1565 1462 ac
1593 1407 1731 1463 tales
1748 1406 1921 1463 duces
1939 1423 2094 1463 man-

503 1492 816 1549 suetudinis
836 1496 1020 1551 sortiti
1046 1513 1260 1564 sumus,
1284 1498 1647 1556 adhortemur
1664 1515 1769 1556 nos
1789 1510 2004 1568 mutuo,
2031 1508 2093 1557 ut

502 1584 731 1640 illorum
758 1588 992 1659 vestigia
1020 1604 1336 1660 sequamur,
1363 1600 1421 1647 et
1447 1592 1503 1647 in
1523 1593 1949 1650 mansuetudine
1976 1594 2091 1651 Deo

502 1676 886 1734 ministremus
904 1696 917 1733 :
938 1681 1389 1753 quandoquidem
1411 1684 1783 1740 ministerium
1800 1685 1945 1742 istud
1967 1687 2093 1744 aliis

502 1768 805 1824 virtutibus
856 1778 943 1825 est
1003 1772 1056 1827 ei
1098 1772 1262 1843 longe
1317 1775 1550 1846 gratius.
1593 1776 1664 1832 Et
1710 1777 2089 1836 divinissimus

500 1858 707 1915 Paulus
737 1860 1002 1917 virtutem
1026 1866 1265 1934 apostoli
1297 1876 1854 1939 commonstraturus,
1879 1869 2087 1929 Christi

500 1951 820 2008 ministrum
888 1959 1320 2016 mansuetudine
1374 1963 1728 2032 potissimum
1781 1966 2088 2023 clarescere

496 2038 681 2096 voluit
706 2042 783 2113 (Ι.
824 2041 958 2099 Tim.
989 2043 1043 2099 5.
1073 2046 1128 2101 3.
1163 2046 1263 2103 Tit.
1296 2050 1351 2105 5.
1394 2050 1449 2120 2)
1487 2069 1501 2106 :
1532 2060 1589 2107 et
1633 2054 1887 2123 quamvis
1915 2056 2088 2112 multa

498 2127 777 2196 potuisset
805 2130 1012 2199 dicere,
1045 2134 1093 2189 si
1125 2135 1349 2205 quidem
1387 2139 1677 2206 voluisset,
1710 2156 1833 2212 qua:
1863 2152 2088 2213 aposto-

500 2216 614 2271 lum
638 2230 922 2287 ornarent,
951 2238 1150 2294 nempe
1173 2224 1486 2284 daemonum
1507 2228 1714 2301 fugam,
1738 2240 2086 2290 mortuorum

499 2309 999 2376 resurrectionem,
1038 2321 1203 2383 atque
1249 2316 1392 2383 alia;
1444 2318 1705 2375 omnibus
1745 2328 1930 2376 tamen
1970 2322 2082 2378 illis

500 2394 817 2463 praeteritis,
842 2398 1269 2467 aequabilitatem
1301 2419 1519 2461 morum
1547 2406 1632 2460 vel
1660 2422 1792 2479 erga
1824 2408 2084 2467 inimicos

498 2494 720 2568 sursum
748 2497 813 2537 ac
837 2483 1097 2542 deorsum
1124 2498 1309 2546 versat
1335 2506 1401 2547 ac
1432 2500 1633 2548 tractat
1661 2514 1674 2550 ε
1708 2511 1821 2565 quo
1849 2512 2082 2568 persua-

495 2563 652 2658 deret
674 2570 859 2638 nobis,
891 2584 952 2629 ut
982 2589 1081 2629 sua
1124 2578 1352 2649 vestigia
1396 2563 2082 2658 sequamuribenignique

495 2654 672 2713 simus
703 2674 768 2716 ac
797 2661 979 2719 mites.
1004 2662 1225 2721 Iustum
1258 2678 1343 2725 est
1372 2669 1543 2740 igitur
1562 2681 1783 2729 sanctos
1807 2654 1932 2731 illos
1960 2654 2085 2732 imi—

1229 276 1286 334 S.
1326 276 1612 335 JOANNIS
1647 275 2135 353 CHRYSOSTQMI
2175 274 2495 333 ARClllEP.
2532 274 3086 334 CONSTANTlNOP.

2203 402 2325 457 τητι
2356 384 2688 459 κοσμοῦντες
2718 388 2997 460 ἐφάνησαν
3018 430 3035 456 ,
3070 389 3165 444 καὶ
3192 390 3316 457 τοὺς
3348 390 3541 455 ἄλλους
3580 391 3801 461 ἀνθρὼ-

2204 493 2341 542 πους
2371 479 2465 532 ἐπὶ
2498 478 2703 551 ταύτην
2733 480 3205 551 παρακαλοῦντες.
3240 482 3396 535 Ἐπεὶ
3432 483 3528 535 καὶ
3552 483 3646 537 τήν
3673 484 3801 537 Στέ-

2201 588 2369 641 φανον
2418 573 2477 626 ἐν
2511 575 2624 636 τοῖς
2674 574 2816 646 ὑπὲρ
2864 574 2965 645 τῆς
3011 576 3295 643 εὐσεσείας
3339 576 3610 641 κινδύνοις
3652 579 3798 651 ὑπὲρ

2200 662 2309 717 τῶν
2346 662 2560 733 ἐχθρῶν
2603 664 2840 735 ὁρῶντες
2886 666 3216 737 εὐχόμενον,
3258 669 3458 740 ὁμοίως
3491 669 3585 723 ἐπί
3618 686 3679 723 τε
3726 672 3797 741 τῇ

2199 754 2467 826 πραότητι
2492 755 2589 809 καὶ
2616 758 2731 820 τοῖς
2753 755 2933 825 ἀγῶσι
2954 758 3057 811 θαυ
3068 758 3335 831 μάξομεν.
3367 760 3587 831 Ἐπειδὴ
3606 762 3798 814 τοίνυν

2199 846 2485 911 τοσούτους
2510 848 2605 903 καὶ
2636 848 2912 915 τοιούτους
2938 852 3216 923 ἡγεμόνας
3237 854 3543 917 ἐπιεικείας
3568 855 3794 925 ἔχομεν,

2202 940 2675 1011 παρακαλέσωμεν
2702 942 2929 1007 ἑαυτοὺς
2968 944 3066 997 καὶ
3106 943 3373 1016 ἀλλήλους
3416 948 3531 1010 τοῖς
3562 946 3796 1001 ἐκείνων

2202 1032 2407 1103 ῐχνεσιν
2435 1032 2683 1097 ἔπεσθαι,
2718 1034 2814 1087 καὶ
2841 1033 2928 1088 διὰ
2957 1036 3263 1107 πραότητος
3294 1036 3373 1108 τῷ
3391 1037 3512 1108 Θεῷ
3544 1039 3797 1111 λειτουρ-

2198 1125 2357 1190 γεῖν,
2395 1124 2473 1189 ὡς
2524 1122 2730 1196 ταύτην
2782 1125 2983 1196 μᾶλλον
3035 1126 3293 1197 ἀσμένως
3351 1128 3634 1200 δεχομένῳ
3688 1130 3795 1201 τὴν

2195 1212 2561 1287 λειτουργίαν,
2610 1215 2643 1287 ἢ
2682 1216 2783 1278 τὰς
2816 1216 2983 1281 ἀλλας
3014 1216 3233 1283 ἁπάσας
3267 1219 3493 1289 ἀρετάς.
3538 1221 3652 1275 Καὶ
3675 1222 3793 1292 γὰρ

2196 1306 2226 1359 ό
2256 1305 2531 1371 θειότατος
2561 1306 2774 1371 Παῦλος
2806 1308 3011 1381 ἀρετὴν
3048 1310 3351 1364 ἀποστόλου
3381 1310 3552 1377 δεῖξαι
3594 1310 3790 1382 βουλό-

2198 1417 2380 1471 μενος,
2418 1402 2483 1455 ἐκ
2511 1391 2610 1473 τῆς
2642 1402 2985 1475 ἡμερότητος
3018 1402 3255 1475 μάλιστα
3285 1402 3532 1473 βούλεται
3569 1404 3661 1457 τὸν
3687 1404 3789 1458 τοῦ

2192 1489 2433 1561 Χριστοῦ
2492 1490 2735 1545 διάκονον
2783 1492 3072 1561 φαίνεσθαι
3106 1509 3121 1523 ·
3174 1492 3354 1547 καίτοι
3402 1492 3579 1546 πολλά
3635 1487 3791 1563 εἶχεν

2195 1581 2390 1649 εἰπεῖν,
2425 1582 2479 1636 εί
2494 1599 2561 1653 γε
2594 1582 2775 1653 λέγειν
2806 1585 3058 1643 ἐϐούλετο
3078 1586 3148 1641 τά
3174 1586 3487 1659 κοσμοῦντα
3508 1586 3607 1665 τὸν
3642 1586 3789 1641 ἀπό-

2200 1674 2407 1741 στολον,
2443 1675 2713 1746 δαιμόνων
2766 1677 2971 1744 ἔλασιν,
3022 1678 3237 1751 νεκρῶν
3290 1678 3590 1733 ἀνάστασιν
3616 1695 3636 1712 ο
3664 1678 3789 1733 ἀλλ’

2197 1766 2347 1837 ὅμως
2394 1766 2573 1823 πάντα
2617 1769 2862 1840 ὑπερδίὶς
2912 1772 3136 1837 ἐκεῖνα,
3176 1771 3286 1842 ’τὴν
3332 1772 3392 1824 ἐν
3435 1771 3550 1834 τοῖς
3590 1770 3789 1841 ἤθεσιν

2196 1856 2497 1913 ἐπιείκειαν
2526 1859 2640 1915 ἀνω
2668 1861 2762 1914 καὶ
2785 1863 2934 1919 κάτω
2977 1861 3336 1933 διεξέρχεται,
3377 1862 3524 1925 ὅπως
3554 1860 3789 1933 ἡμέρως

2191 1951 2621 2021 προσενήνεκται
2662 1954 2778 2016 τοῖς
2817 1953 3032 2025 ἐχθροῖς
3076 1951 3288 2019 διεξιών
3334 1970 3397 2007 τε
3434 1953 3531 2009 καὶ
3578 1950 3783 2021 λέγων,

2193 2040 2281 2096 ῐνα
2311 2044 2475 2115 πείσῃ
2522 2046 2619 2100 καὶ
2657 2046 2805 2116 ἡμᾶς
2848 2050 2963 2111 τοῖς
3008 2047 3232 2111 οἰκείοις
3266 2045 3472 2118 ἴχνεσιν
3522 2045 3781 2111 ῑπεσθαι,

2191 2135 2287 2189 καὶ
2325 2138 2596 2208 χρηστοὺς
2644 2133 2784 2191 εἶναι
2832 2140 2928 2193 καὶ
2974 2138 3204 2211 πράους.
3254 2139 3475 2193 Δίκαιον
3521 2133 3615 2192 οὖν
3661 2139 3786 2204 τοῖς

2190 2227 2369 2295 ἁγίοις
2411 2228 2641 2293 ἐκείνοις
2675 2228 3011 2295 ἀκολουθεῖν,
3050 2229 3343 2295 κάκείνους
3369 2229 3643 2284 ποιεῖσθαι
3680 2227 3782 2283 τοῦ

2194 2318 2313 2390 βίου
2345 2320 2720 2392 παράδειγμα,
2740 2322 2827 2375 ῐνα
2857 2323 2993 2376 πᾶσι
3024 2324 3137 2387 τοῖς
3166 2322 3351 2385 καλοῖς
3377 2322 3779 2391 ἐκλάμποντες,

2189 2410 2301 2465 τῶν
2329 2412 2754 2483 ἐπηγγελμένων
2775 2412 3030 2485 τύχωμεν
3050 2412 3273 2483 ἀγαθῶν
3298 2412 3451 2484 παρά
3479 2412 3573 2466 τοῦ
3604 2411 3781 2483 μεγά-

2188 2500 2283 2553 λου
2312 2500 2449 2556 Θεοῦ
2476 2504 2567 2557 καὶ
2598 2503 2855 2575 Σωτῆρος
2894 2508 2926 2576 ἡ
2937 2504 3075 2575 μῶν,
3100 2505 3169 2559 δι’
3210 2499 3271 2560 οὗ
3319 2506 3415 2559 καὶ
3453 2504 3573 2575 μεθ’
3601 2500 3663 2559 οὗ
3696 2501 3780 2573 τῷ

2190 2590 2367 2664 Πατρὶ
2413 2592 2510 2646 σὺν
2539 2592 2619 2664 τῷ
2648 2592 2926 2664 Πνεύματι
2958 2594 3099 2666 ἀγίῳ
3132 2596 3282 2649 πᾶσα
3308 2594 3458 2661 δόξα,
3489 2596 3649 2665 τιμὴ,
3679 2592 3779 2646 καὶ

2191 2680 2393 2752 κράτος
2422 2684 2507 2745 είς
2531 2683 2661 2748 τοὺς
2690 2683 2894 2749 αἰῶνας
2922 2684 3031 2741 τῶν
3062 2685 3296 2740 αίώνων.
3324 2685 3549 2757 ’Δμὴν.’

497 2746 626 2852 tari,
648 2758 705 2807 et
727 2754 783 2811 in
818 2757 1101 2827 exemplar
1133 2759 1259 2816 vitae
1296 2777 1608 2834 proponere
1642 2781 1655 2819 :
1683 2776 1746 2821 ut
1767 2766 1931 2823 bonis
1962 2746 2609 2846 omnibus-refulgentes,
2641 2746 2927 2847 promissa
2951 2779 3100 2835 bona
3131 2746 3494 2852 assequamur
3516 2794 3548 2834 a
3573 2792 3777 2849 magno

496 2842 614 2948 lleo
663 2856 721 2948 et
759 2847 1041 2907 Salvatore
1080 2863 1291 2943 nostro,
1321 2870 1625 2929 pergquem
1670 2868 1728 2917 et
1766 2876 1893 2918 cum
1919 2879 2031 2934 quo
2069 2864 2223 2922 Patri
2252 2842 2617 2926 cumvsancto
2652 2842 2861 2939 spiritu
2895 2874 2968 2929 sit
3003 2875 3187 2933 omnis
3229 2842 3427 2948 gloria,
3466 2842 3694 2939 honor:
3716 2882 3777 2929 et

502 2940 797 3010 imperium
825 2944 881 3001 in
920 2948 1119 3005 sucula
1149 2940 1498 3009 saeculorum.
1531 2953 1726 3011 Amen.
