  <div class='ocr_page' id='page_1' title='image "/cluster/home/n/w/nwhite01/storage/ocr_20150623/63/ien.35556001660919/452.png"; bbox 0 0 4034 6426; ppageno 0'>
   <div class='ocr_carea' id='block_1_1' title="bbox 244 308 3550 359">
    <p class='ocr_par' dir='ltr' id='par_1_1' title="bbox 244 308 3550 359">
     <span class='ocr_line' id='line_1_1' title="bbox 244 308 3550 359; baseline -0.002 -1"><span class='ocrx_word' id='word_1_1' title='bbox 244 308 3550 359; x_wconf 56' lang='lat' dir='ltr'><em>W</em></span> 
     </span>
    </p>
   </div>
   <div class='ocr_carea' id='block_1_2' title="bbox 1403 747 2383 881">
    <p class='ocr_par' dir='ltr' id='par_1_2' title="bbox 1403 747 2383 881">
     <span class='ocr_line' id='line_1_2' title="bbox 1403 747 2383 881; baseline 0.003 -4"><span class='ocrx_word' id='word_1_2' title='bbox 1403 747 2383 881; x_wconf 63' lang='lat' dir='ltr'><strong>PRZEFATIO</strong></span> 
     </span>
    </p>
   </div>
   <div class='ocr_carea' id='block_1_3' title="bbox 750 1096 3030 1238">
    <p class='ocr_par' dir='ltr' id='par_1_3' title="bbox 750 1096 3030 1238">
     <span class='ocr_line' id='line_1_3' title="bbox 750 1096 3030 1238; baseline -0.003 -11"><span class='ocrx_word' id='word_1_3' title='bbox 750 1150 859 1231; x_wconf 85' lang='lat' dir='ltr'><strong>lN</strong></span> <span class='ocrx_word' id='word_1_4' title='bbox 942 1149 1401 1229; x_wconf 81' lang='lat' dir='ltr'><strong>ECLOGAS</strong></span> <span class='ocrx_word' id='word_1_5' title='bbox 1482 1147 1615 1225; x_wconf 85' lang='lat' dir='ltr'><strong>ET</strong></span> <span class='ocrx_word' id='word_1_6' title='bbox 1694 1147 2328 1233; x_wconf 78' lang='lat' dir='ltr'><strong>FLOBILEGIA</strong></span> <span class='ocrx_word' id='word_1_7' title='bbox 2405 1139 3030 1238; x_wconf 79' lang='lat' dir='ltr'><strong>SEQUENTIA.</strong></span> 
     </span>
    </p>
   </div>
   <div class='ocr_carea' id='block_1_4' title="bbox 1691 1501 2131 1530">
    <p class='ocr_par' dir='ltr' id='par_1_4' title="bbox 1691 1501 2131 1530">
     <span class='ocr_line' id='line_1_4' title="bbox 1691 1501 2131 1530; baseline 0 -3"><span class='ocrx_word' id='word_1_8' title='bbox 1691 1501 2131 1530; x_wconf 45' lang='grc' dir='ltr'><strong>κω..-</strong></span> 
     </span>
    </p>
   </div>
   <div class='ocr_carea' id='block_1_5' title="bbox 303 1842 3547 1948">
    <p class='ocr_par' dir='ltr' id='par_1_5' title="bbox 303 1842 3547 1948">
     <span class='ocr_line' id='line_1_5' title="bbox 303 1842 3547 1948; baseline -0.003 -18"><span class='ocrx_word' id='word_1_9' title='bbox 303 1870 459 1948; x_wconf 71' lang='grc'><strong>[428]</strong></span> <span class='ocrx_word' id='word_1_10' title='bbox 488 1874 646 1944; x_wconf 69' lang='lat' dir='ltr'><strong>Szpe</strong></span> <span class='ocrx_word' id='word_1_11' title='bbox 682 1869 928 1927; x_wconf 84' lang='lat' dir='ltr'><strong>vidimus</strong></span> <span class='ocrx_word' id='word_1_12' title='bbox 970 1870 1227 1926; x_wconf 86' lang='lat' dir='ltr'><strong>orantem</strong></span> <span class='ocrx_word' id='word_1_13' title='bbox 1268 1868 1754 1941; x_wconf 83' lang='lat' dir='ltr'><strong>Chrysostomum,</strong></span> <span class='ocrx_word' id='word_1_14' title='bbox 1792 1876 1945 1940; x_wconf 87' lang='lat' dir='ltr'><strong>grata</strong></span> <span class='ocrx_word' id='word_1_15' title='bbox 1974 1866 2264 1923; x_wconf 91' lang='lat' dir='ltr'><strong>concionis</strong></span> <span class='ocrx_word' id='word_1_16' title='bbox 2297 1864 2812 1920; x_wconf 79' lang='lat' dir='ltr'><strong>admurmuratione</strong></span> <span class='ocrx_word' id='word_1_17' title='bbox 2846 1871 3141 1936; x_wconf 83' lang='lat' dir='ltr'><strong>exceptum</strong></span> <span class='ocrx_word' id='word_1_18' title='bbox 3175 1842 3232 1920; x_wconf 54' lang='lat' dir='ltr'><strong>e‘t</strong></span> <span class='ocrx_word' id='word_1_19' title='bbox 3265 1863 3547 1935; x_wconf 88' lang='lat' dir='ltr'><strong>frequenti</strong></span> 
     </span>
    </p>
   </div>
   <div class='ocr_carea' id='block_1_6' title="bbox 229 1958 3550 2044">
    <p class='ocr_par' dir='ltr' id='par_1_6' title="bbox 229 1958 3550 2044">
     <span class='ocr_line' id='line_1_6' title="bbox 229 1958 3550 2044; baseline -0.004 -18"><span class='ocrx_word' id='word_1_20' title='bbox 229 1972 452 2044; x_wconf 82' lang='lat' dir='ltr'><strong>plausu,</strong></span> <span class='ocrx_word' id='word_1_21' title='bbox 482 1984 612 2026; x_wconf 88' lang='lat' dir='ltr'><strong>cum</strong></span> <span class='ocrx_word' id='word_1_22' title='bbox 642 1968 882 2023; x_wconf 77' lang='lat' dir='ltr'><strong>maxime</strong></span> <span class='ocrx_word' id='word_1_23' title='bbox 907 1966 1119 2038; x_wconf 83' lang='lat' dir='ltr'><strong>aliquid</strong></span> <span class='ocrx_word' id='word_1_24' title='bbox 1150 1966 1519 2037; x_wconf 80' lang='lat' dir='ltr'><strong>improvisum</strong></span> <span class='ocrx_word' id='word_1_25' title='bbox 1549 1976 1609 2022; x_wconf 91' lang='lat' dir='ltr'><strong>et</strong></span> <span class='ocrx_word' id='word_1_26' title='bbox 1639 1964 1989 2035; x_wconf 87' lang='lat' dir='ltr'><strong>inopinatum</strong></span> <span class='ocrx_word' id='word_1_27' title='bbox 2020 1963 2089 2019; x_wconf 92' lang='lat' dir='ltr'><strong>ad</strong></span> <span class='ocrx_word' id='word_1_28' title='bbox 2116 1978 2300 2019; x_wconf 92' lang='lat' dir='ltr'><strong>mores</strong></span> <span class='ocrx_word' id='word_1_29' title='bbox 2330 1960 2711 2016; x_wconf 88' lang='lat' dir='ltr'><strong>instituendos</strong></span> <span class='ocrx_word' id='word_1_30' title='bbox 2738 1959 3045 2030; x_wconf 77' lang='lat' dir='ltr'><strong>proferret.</strong></span> <span class='ocrx_word' id='word_1_31' title='bbox 3077 1959 3193 2015; x_wconf 86' lang='lat' dir='ltr'><strong>Nec</strong></span> <span class='ocrx_word' id='word_1_32' title='bbox 3225 1959 3411 2015; x_wconf 85' lang='lat' dir='ltr'><strong>minus</strong></span> <span class='ocrx_word' id='word_1_33' title='bbox 3432 1958 3550 2030; x_wconf 90' lang='lat' dir='ltr'><strong>pla-</strong></span> 
     </span>
    </p>
   </div>
   <div class='ocr_carea' id='block_1_7' title="bbox 228 2048 3548 2135">
    <p class='ocr_par' dir='ltr' id='par_1_7' title="bbox 228 2048 3548 2135">
     <span class='ocr_line' id='line_1_7' title="bbox 228 2048 3548 2135; baseline -0.005 -15"><span class='ocrx_word' id='word_1_34' title='bbox 228 2064 359 2120; x_wconf 78' lang='lat' dir='ltr'><strong>cuit</strong></span> <span class='ocrx_word' id='word_1_35' title='bbox 382 2072 508 2135; x_wconf 89' lang='lat' dir='ltr'><strong>post</strong></span> <span class='ocrx_word' id='word_1_36' title='bbox 538 2063 719 2118; x_wconf 83' lang='lat' dir='ltr'><strong>sancti</strong></span> <span class='ocrx_word' id='word_1_37' title='bbox 770 2061 877 2116; x_wconf 83' lang='lat' dir='ltr'><strong>viri</strong></span> <span class='ocrx_word' id='word_1_38' title='bbox 924 2060 1139 2116; x_wconf 92' lang='lat' dir='ltr'><strong>obitum</strong></span> <span class='ocrx_word' id='word_1_39' title='bbox 1190 2058 1469 2131; x_wconf 85' lang='lat' dir='ltr'><strong>ejusmodi</strong></span> <span class='ocrx_word' id='word_1_40' title='bbox 1514 2056 1813 2127; x_wconf 73' lang='lat' dir='ltr'><strong>disciplina</strong></span> <span class='ocrx_word' id='word_1_41' title='bbox 1863 2054 2200 2127; x_wconf 72' lang='lat' dir='ltr'><strong>legentibus,</strong></span> <span class='ocrx_word' id='word_1_42' title='bbox 2241 2054 2599 2122; x_wconf 74' lang='lat' dir='ltr'><strong>maximeque</strong></span> <span class='ocrx_word' id='word_1_43' title='bbox 2654 2051 2725 2106; x_wconf 90' lang='lat' dir='ltr'><strong>iis</strong></span> <span class='ocrx_word' id='word_1_44' title='bbox 2765 2050 2864 2121; x_wconf 86' lang='lat' dir='ltr'><strong>qui</strong></span> <span class='ocrx_word' id='word_1_45' title='bbox 2897 2048 3271 2106; x_wconf 78' lang='lat' dir='ltr'><strong>concionandi</strong></span> <span class='ocrx_word' id='word_1_46' title='bbox 3312 2065 3548 2107; x_wconf 88' lang='lat' dir='ltr'><strong>munere</strong></span> 
     </span>
    </p>
   </div>
   <div class='ocr_carea' id='block_1_8' title="bbox 230 2147 3547 2231">
    <p class='ocr_par' dir='ltr' id='par_1_8' title="bbox 230 2147 3547 2231">
     <span class='ocr_line' id='line_1_8' title="bbox 230 2147 3547 2231; baseline -0.003 -17"><span class='ocrx_word' id='word_1_47' title='bbox 230 2157 631 2231; x_wconf 72' lang='lat' dir='ltr'><strong>fungebantur.</strong></span> <span class='ocrx_word' id='word_1_48' title='bbox 672 2157 919 2228; x_wconf 80' lang='lat' dir='ltr'><strong>Indeque</strong></span> <span class='ocrx_word' id='word_1_49' title='bbox 953 2156 1189 2221; x_wconf 83' lang='lat' dir='ltr'><strong>factum,</strong></span> <span class='ocrx_word' id='word_1_50' title='bbox 1223 2164 1284 2211; x_wconf 91' lang='lat' dir='ltr'><strong>ut</strong></span> <span class='ocrx_word' id='word_1_51' title='bbox 1321 2154 1549 2227; x_wconf 86' lang='lat' dir='ltr'><strong>quidam</strong></span> <span class='ocrx_word' id='word_1_52' title='bbox 1580 2169 1770 2225; x_wconf 85' lang='lat' dir='ltr'><strong>sparsa</strong></span> <span class='ocrx_word' id='word_1_53' title='bbox 1798 2153 1855 2207; x_wconf 92' lang='lat' dir='ltr'><strong>in</strong></span> <span class='ocrx_word' id='word_1_54' title='bbox 1884 2152 2126 2209; x_wconf 83' lang='lat' dir='ltr'><strong>diversis</strong></span> <span class='ocrx_word' id='word_1_55' title='bbox 2145 2150 2396 2206; x_wconf 86' lang='lat' dir='ltr'><strong>homiliis</strong></span> <span class='ocrx_word' id='word_1_56' title='bbox 2422 2150 2566 2215; x_wconf 86' lang='lat' dir='ltr'><strong>loca,</strong></span> <span class='ocrx_word' id='word_1_57' title='bbox 2604 2148 2753 2205; x_wconf 89' lang='lat' dir='ltr'><strong>idem</strong></span> <span class='ocrx_word' id='word_1_58' title='bbox 2794 2154 3187 2220; x_wconf 74' lang='lat' dir='ltr'><strong>argumentum</strong></span> <span class='ocrx_word' id='word_1_59' title='bbox 3215 2147 3547 2220; x_wconf 77' lang='lat' dir='ltr'><strong>spectantia,</strong></span> 
     </span>
    </p>
   </div>
   <div class='ocr_carea' id='block_1_9' title="bbox 229 2243 3550 2326">
    <p class='ocr_par' dir='ltr' id='par_1_9' title="bbox 229 2243 3550 2326">
     <span class='ocr_line' id='line_1_9' title="bbox 229 2243 3550 2326; baseline -0.003 -17"><span class='ocrx_word' id='word_1_60' title='bbox 229 2254 291 2310; x_wconf 90' lang='lat' dir='ltr'><strong>in</strong></span> <span class='ocrx_word' id='word_1_61' title='bbox 325 2269 498 2309; x_wconf 88' lang='lat' dir='ltr'><strong>unum</strong></span> <span class='ocrx_word' id='word_1_62' title='bbox 534 2254 884 2326; x_wconf 89' lang='lat' dir='ltr'><strong>colligerent,</strong></span> <span class='ocrx_word' id='word_1_63' title='bbox 922 2263 978 2311; x_wconf 90' lang='lat' dir='ltr'><strong>et</strong></span> <span class='ocrx_word' id='word_1_64' title='bbox 1011 2268 1113 2324; x_wconf 90' lang='lat' dir='ltr'><strong>pro</strong></span> <span class='ocrx_word' id='word_1_65' title='bbox 1142 2253 1361 2308; x_wconf 80' lang='lat' dir='ltr'><strong>ratione</strong></span> <span class='ocrx_word' id='word_1_66' title='bbox 1396 2252 1646 2308; x_wconf 65' lang='lat' dir='ltr'><strong>materia:</strong></span> <span class='ocrx_word' id='word_1_67' title='bbox 1686 2250 1947 2306; x_wconf 87' lang='lat' dir='ltr'><strong>homilias</strong></span> <span class='ocrx_word' id='word_1_68' title='bbox 1991 2250 2217 2313; x_wconf 88' lang='lat' dir='ltr'><strong>multas,</strong></span> <span class='ocrx_word' id='word_1_69' title='bbox 2252 2263 2409 2318; x_wconf 82' lang='lat' dir='ltr'><strong>quas</strong></span> <span class='ocrx_word' id='word_1_70' title='bbox 2430 2244 2664 2308; x_wconf 78' lang='grc' dir='ltr'><strong>ἐκλογὰς</strong></span> <span class='ocrx_word' id='word_1_71' title='bbox 2700 2244 3002 2311; x_wconf 88' lang='lat' dir='ltr'><strong>vocabant,</strong></span> <span class='ocrx_word' id='word_1_72' title='bbox 3046 2243 3453 2301; x_wconf 84' lang='lat' dir='ltr'><strong>concinnarent</strong></span> <span class='ocrx_word' id='word_1_73' title='bbox 3482 2258 3550 2299; x_wconf 76' lang='lat' dir='ltr'><strong>ac</strong></span> 
     </span>
    </p>
   </div>
   <div class='ocr_carea' id='block_1_10' title="bbox 227 2335 3548 2417">
    <p class='ocr_par' dir='ltr' id='par_1_10' title="bbox 227 2335 3548 2417">
     <span class='ocr_line' id='line_1_10' title="bbox 227 2335 3548 2417; baseline -0.004 -14"><span class='ocrx_word' id='word_1_74' title='bbox 227 2346 637 2404; x_wconf 78' lang='lat' dir='ltr'><strong>describerent.</strong></span> <span class='ocrx_word' id='word_1_75' title='bbox 662 2346 721 2402; x_wconf 85' lang='lat' dir='ltr'><strong>Id</strong></span> <span class='ocrx_word' id='word_1_76' title='bbox 747 2355 901 2402; x_wconf 89' lang='lat' dir='ltr'><strong>certe</strong></span> <span class='ocrx_word' id='word_1_77' title='bbox 929 2345 1104 2417; x_wconf 90' lang='lat' dir='ltr'><strong>probe</strong></span> <span class='ocrx_word' id='word_1_78' title='bbox 1122 2345 1351 2409; x_wconf 89' lang='lat' dir='ltr'><strong>scimus,</strong></span> <span class='ocrx_word' id='word_1_79' title='bbox 1382 2358 1496 2399; x_wconf 88' lang='lat' dir='ltr'><strong>rem</strong></span> <span class='ocrx_word' id='word_1_80' title='bbox 1522 2358 1723 2413; x_wconf 87' lang='lat' dir='ltr'><strong>nempe</strong></span> <span class='ocrx_word' id='word_1_81' title='bbox 1746 2342 1824 2398; x_wconf 91' lang='lat' dir='ltr'><strong>ita</strong></span> <span class='ocrx_word' id='word_1_82' title='bbox 1842 2339 2051 2398; x_wconf 72' lang='lat' dir='ltr'><strong>Graecis</strong></span> <span class='ocrx_word' id='word_1_83' title='bbox 2071 2340 2365 2412; x_wconf 84' lang='lat' dir='ltr'><strong>probatam</strong></span> <span class='ocrx_word' id='word_1_84' title='bbox 2385 2338 2582 2404; x_wconf 87' lang='lat' dir='ltr'><strong>fuisse,</strong></span> <span class='ocrx_word' id='word_1_85' title='bbox 2606 2346 2669 2392; x_wconf 89' lang='lat' dir='ltr'><strong>ut</strong></span> <span class='ocrx_word' id='word_1_86' title='bbox 2688 2336 2987 2392; x_wconf 86' lang='lat' dir='ltr'><strong>innumera</strong></span> <span class='ocrx_word' id='word_1_87' title='bbox 3009 2335 3332 2407; x_wconf 78' lang='lat' dir='ltr'><strong>eclogarum</strong></span> <span class='ocrx_word' id='word_1_88' title='bbox 3354 2349 3548 2391; x_wconf 84' lang='lat' dir='ltr'><strong>exem-</strong></span> 
     </span>
    </p>
   </div>
   <div class='ocr_carea' id='block_1_11' title="bbox 224 2430 3548 2511">
    <p class='ocr_par' dir='ltr' id='par_1_11' title="bbox 224 2430 3548 2511">
     <span class='ocr_line' id='line_1_11' title="bbox 224 2430 3548 2511; baseline -0.002 -16"><span class='ocrx_word' id='word_1_89' title='bbox 224 2440 406 2511; x_wconf 87' lang='lat' dir='ltr'><strong>plaria</strong></span> <span class='ocrx_word' id='word_1_90' title='bbox 437 2439 869 2506; x_wconf 85' lang='lat' dir='ltr'><strong>adornarentur,</strong></span> <span class='ocrx_word' id='word_1_91' title='bbox 903 2448 961 2495; x_wconf 92' lang='lat' dir='ltr'><strong>et</strong></span> <span class='ocrx_word' id='word_1_92' title='bbox 990 2440 1046 2495; x_wconf 88' lang='lat' dir='ltr'><strong>in</strong></span> <span class='ocrx_word' id='word_1_93' title='bbox 1079 2440 1206 2495; x_wconf 83' lang='lat' dir='ltr'><strong>aula</strong></span> <span class='ocrx_word' id='word_1_94' title='bbox 1238 2453 1463 2511; x_wconf 89' lang='lat' dir='ltr'><strong>quoque</strong></span> <span class='ocrx_word' id='word_1_95' title='bbox 1495 2438 1903 2508; x_wconf 87' lang='lat' dir='ltr'><strong>imperatorum</strong></span> <span class='ocrx_word' id='word_1_96' title='bbox 1938 2436 1995 2491; x_wconf 91' lang='lat' dir='ltr'><strong>in</strong></span> <span class='ocrx_word' id='word_1_97' title='bbox 2025 2435 2211 2506; x_wconf 92' lang='lat' dir='ltr'><strong>pretio</strong></span> <span class='ocrx_word' id='word_1_98' title='bbox 2244 2434 2615 2491; x_wconf 90' lang='lat' dir='ltr'><strong>haberentur.</strong></span> <span class='ocrx_word' id='word_1_99' title='bbox 2655 2430 2873 2488; x_wconf 78' lang='lat' dir='ltr'><strong>Visitur</strong></span> <span class='ocrx_word' id='word_1_100' title='bbox 2900 2433 3053 2487; x_wconf 89' lang='lat' dir='ltr'><strong>enim</strong></span> <span class='ocrx_word' id='word_1_101' title='bbox 3103 2430 3162 2487; x_wconf 92' lang='lat' dir='ltr'><strong>in</strong></span> <span class='ocrx_word' id='word_1_102' title='bbox 3206 2430 3548 2487; x_wconf 82' lang='lat' dir='ltr'><strong>bibliotheca</strong></span> 
     </span>
    </p>
   </div>
   <div class='ocr_carea' id='block_1_12' title="bbox 223 2529 3545 2610">
    <p class='ocr_par' dir='ltr' id='par_1_12' title="bbox 223 2529 3545 2610">
     <span class='ocr_line' id='line_1_12' title="bbox 223 2529 3545 2610; baseline -0.003 -17"><span class='ocrx_word' id='word_1_103' title='bbox 223 2534 571 2593; x_wconf 81' lang='lat' dir='ltr'><strong>Coisliniana</strong></span> <span class='ocrx_word' id='word_1_104' title='bbox 616 2538 790 2593; x_wconf 85' lang='lat' dir='ltr'><strong>codex</strong></span> <span class='ocrx_word' id='word_1_105' title='bbox 830 2537 1304 2610; x_wconf 89' lang='lat' dir='ltr'><strong>elegantissimus,</strong></span> <span class='ocrx_word' id='word_1_106' title='bbox 1349 2550 1509 2590; x_wconf 91' lang='lat' dir='ltr'><strong>num.</strong></span> <span class='ocrx_word' id='word_1_107' title='bbox 1541 2534 1784 2598; x_wconf 78' lang='lat' dir='ltr'><strong>LXXIX,</strong></span> <span class='ocrx_word' id='word_1_108' title='bbox 1822 2535 1984 2606; x_wconf 87' lang='lat' dir='ltr'><strong>cujus</strong></span> <span class='ocrx_word' id='word_1_109' title='bbox 2012 2542 2070 2589; x_wconf 92' lang='lat' dir='ltr'><strong>et</strong></span> <span class='ocrx_word' id='word_1_110' title='bbox 2105 2532 2507 2603; x_wconf 87' lang='lat' dir='ltr'><strong>inscriptiones</strong></span> <span class='ocrx_word' id='word_1_111' title='bbox 2548 2538 2608 2587; x_wconf 87' lang='lat' dir='ltr'><strong>et</strong></span> <span class='ocrx_word' id='word_1_112' title='bbox 2644 2530 2893 2586; x_wconf 85' lang='lat' dir='ltr'><strong>initiales</strong></span> <span class='ocrx_word' id='word_1_113' title='bbox 2917 2529 3121 2585; x_wconf 75' lang='lat' dir='ltr'><strong>littera:</strong></span> <span class='ocrx_word' id='word_1_114' title='bbox 3154 2542 3341 2593; x_wconf 65' lang='lat' dir='ltr'><strong>aureae</strong></span> <span class='ocrx_word' id='word_1_115' title='bbox 3372 2538 3545 2584; x_wconf 88' lang='lat' dir='ltr'><strong>sunt:</strong></span> 
     </span>
    </p>
   </div>
   <div class='ocr_carea' id='block_1_13' title="bbox 225 2623 3549 2703">
    <p class='ocr_par' dir='ltr' id='par_1_13' title="bbox 225 2623 3549 2703">
     <span class='ocr_line' id='line_1_13' title="bbox 225 2623 3549 2703; baseline -0.004 -13"><span class='ocrx_word' id='word_1_116' title='bbox 225 2634 274 2690; x_wconf 86' lang='lat' dir='ltr'><strong>is</strong></span> <span class='ocrx_word' id='word_1_117' title='bbox 299 2646 491 2691; x_wconf 86' lang='lat' dir='ltr'><strong>autem</strong></span> <span class='ocrx_word' id='word_1_118' title='bbox 530 2635 829 2691; x_wconf 90' lang='lat' dir='ltr'><strong>undecimo</strong></span> <span class='ocrx_word' id='word_1_119' title='bbox 858 2634 1062 2691; x_wconf 60' lang='lat' dir='ltr'><strong>saeculo</strong></span> <span class='ocrx_word' id='word_1_120' title='bbox 1104 2640 1385 2699; x_wconf 86' lang='lat' dir='ltr'><strong>exaratus,</strong></span> <span class='ocrx_word' id='word_1_121' title='bbox 1416 2632 1474 2687; x_wconf 90' lang='lat' dir='ltr'><strong>in</strong></span> <span class='ocrx_word' id='word_1_122' title='bbox 1500 2648 1604 2687; x_wconf 92' lang='lat' dir='ltr'><strong>usu</strong></span> <span class='ocrx_word' id='word_1_123' title='bbox 1635 2629 2089 2703; x_wconf 77' lang='lat' dir='ltr'><strong>fuit-Nicephor’o</strong></span> <span class='ocrx_word' id='word_1_124' title='bbox 2110 2628 2419 2685; x_wconf 66' lang='lat' dir='ltr'><strong>Botaniataz</strong></span> <span class='ocrx_word' id='word_1_125' title='bbox 2438 2627 2789 2699; x_wconf 87' lang='lat' dir='ltr'><strong>imperatori,</strong></span> <span class='ocrx_word' id='word_1_126' title='bbox 2826 2626 2925 2697; x_wconf 89' lang='lat' dir='ltr'><strong>qui</strong></span> <span class='ocrx_word' id='word_1_127' title='bbox 2953 2626 3011 2682; x_wconf 88' lang='lat' dir='ltr'><strong>in</strong></span> <span class='ocrx_word' id='word_1_128' title='bbox 3040 2631 3283 2696; x_wconf 85' lang='lat' dir='ltr'><strong>quatuor</strong></span> <span class='ocrx_word' id='word_1_129' title='bbox 3312 2623 3549 2695; x_wconf 82' lang='lat' dir='ltr'><strong>depictis</strong></span> 
     </span>
    </p>
   </div>
   <div class='ocr_carea' id='block_1_14' title="bbox 224 2729 1125 2803">
    <p class='ocr_par' dir='ltr' id='par_1_14' title="bbox 224 2729 1125 2803">
     <span class='ocr_line' id='line_1_14' title="bbox 224 2729 1125 2803; baseline 0.001 -18"><span class='ocrx_word' id='word_1_130' title='bbox 224 2729 433 2787; x_wconf 86' lang='lat' dir='ltr'><strong>tabulis</strong></span> <span class='ocrx_word' id='word_1_131' title='bbox 470 2740 900 2803; x_wconf 63' lang='lat' dir='ltr'><strong>repraesentantur</strong></span> <span class='ocrx_word' id='word_1_132' title='bbox 944 2731 1125 2786; x_wconf 89' lang='lat' dir='ltr'><strong>initio.</strong></span> 
     </span>
    </p>
   </div>
   <div class='ocr_carea' id='block_1_15' title="bbox 295 2839 3546 2922">
    <p class='ocr_par' dir='ltr' id='par_1_15' title="bbox 295 2839 3546 2922">
     <span class='ocr_line' id='line_1_15' title="bbox 295 2839 3546 2922; baseline -0.003 -15"><span class='ocrx_word' id='word_1_133' title='bbox 295 2852 357 2907; x_wconf 81' lang='lat' dir='ltr'><strong>In</strong></span> <span class='ocrx_word' id='word_1_134' title='bbox 388 2852 566 2921; x_wconf 91' lang='lat' dir='ltr'><strong>prima</strong></span> <span class='ocrx_word' id='word_1_135' title='bbox 602 2852 790 2908; x_wconf 87' lang='lat' dir='ltr'><strong>tabula</strong></span> <span class='ocrx_word' id='word_1_136' title='bbox 830 2853 1137 2922; x_wconf 83' lang='lat' dir='ltr'><strong>imperator</strong></span> <span class='ocrx_word' id='word_1_137' title='bbox 1166 2858 1471 2907; x_wconf 91' lang='lat' dir='ltr'><strong>coronatus</strong></span> <span class='ocrx_word' id='word_1_138' title='bbox 1496 2858 1555 2906; x_wconf 89' lang='lat' dir='ltr'><strong>et</strong></span> <span class='ocrx_word' id='word_1_139' title='bbox 1584 2850 1639 2905; x_wconf 92' lang='lat' dir='ltr'><strong>in</strong></span> <span class='ocrx_word' id='word_1_140' title='bbox 1681 2849 1823 2905; x_wconf 88' lang='lat' dir='ltr'><strong>solio</strong></span> <span class='ocrx_word' id='word_1_141' title='bbox 1871 2848 2096 2915; x_wconf 86' lang='lat' dir='ltr'><strong>sedens,</strong></span> <span class='ocrx_word' id='word_1_142' title='bbox 2126 2846 2333 2904; x_wconf 86' lang='lat' dir='ltr'><strong>Saham</strong></span> <span class='ocrx_word' id='word_1_143' title='bbox 2368 2846 2706 2902; x_wconf 87' lang='lat' dir='ltr'><strong>monachum</strong></span> <span class='ocrx_word' id='word_1_144' title='bbox 2748 2844 3023 2901; x_wconf 88' lang='lat' dir='ltr'><strong>lectorem</strong></span> <span class='ocrx_word' id='word_1_145' title='bbox 3050 2841 3230 2908; x_wconf 83' lang='lat' dir='ltr'><strong>audit,</strong></span> <span class='ocrx_word' id='word_1_146' title='bbox 3267 2841 3364 2913; x_wconf 81' lang='lat' dir='ltr'><strong>qui</strong></span> <span class='ocrx_word' id='word_1_147' title='bbox 3394 2839 3546 2897; x_wconf 88' lang='lat' dir='ltr'><strong>haud</strong></span> 
     </span>
    </p>
   </div>
   <div class='ocr_carea' id='block_1_16' title="bbox 220 2942 3544 3021">
    <p class='ocr_par' dir='ltr' id='par_1_16' title="bbox 220 2942 3544 3021">
     <span class='ocr_line' id='line_1_16' title="bbox 220 2942 3544 3021; baseline -0.005 -18"><span class='ocrx_word' id='word_1_148' title='bbox 220 2947 395 3005; x_wconf 87' lang='lat' dir='ltr'><strong>dubie</strong></span> <span class='ocrx_word' id='word_1_149' title='bbox 430 2950 533 3006; x_wconf 89' lang='lat' dir='ltr'><strong>has</strong></span> <span class='ocrx_word' id='word_1_150' title='bbox 564 2964 634 3004; x_wconf 88' lang='lat' dir='ltr'><strong>ex</strong></span> <span class='ocrx_word' id='word_1_151' title='bbox 664 2948 1066 3021; x_wconf 88' lang='lat' dir='ltr'><strong>Chrysostomo</strong></span> <span class='ocrx_word' id='word_1_152' title='bbox 1090 2956 1385 3019; x_wconf 81' lang='lat' dir='ltr'><strong>excerptas</strong></span> <span class='ocrx_word' id='word_1_153' title='bbox 1420 2947 1639 3017; x_wconf 82' lang='lat' dir='ltr'><strong>eclogas</strong></span> <span class='ocrx_word' id='word_1_154' title='bbox 1662 2946 1820 3017; x_wconf 90' lang='lat' dir='ltr'><strong>legit.</strong></span> <span class='ocrx_word' id='word_1_155' title='bbox 1864 2944 1925 3001; x_wconf 83' lang='lat' dir='ltr'><strong>In</strong></span> <span class='ocrx_word' id='word_1_156' title='bbox 1961 2944 2209 3001; x_wconf 89' lang='lat' dir='ltr'><strong>secunda</strong></span> <span class='ocrx_word' id='word_1_157' title='bbox 2235 2943 2425 2999; x_wconf 91' lang='lat' dir='ltr'><strong>tabula</strong></span> <span class='ocrx_word' id='word_1_158' title='bbox 2451 2942 2759 3013; x_wconf 82' lang='lat' dir='ltr'><strong>imperator</strong></span> <span class='ocrx_word' id='word_1_159' title='bbox 2787 2948 3092 2996; x_wconf 90' lang='lat' dir='ltr'><strong>coronatus</strong></span> <span class='ocrx_word' id='word_1_160' title='bbox 3122 2944 3233 2994; x_wconf 87' lang='lat' dir='ltr'><strong>stat</strong></span> <span class='ocrx_word' id='word_1_161' title='bbox 3256 2944 3544 3007; x_wconf 86' lang='lat' dir='ltr'><strong>sceptrum</strong></span> 
     </span>
    </p>
   </div>
   <div class='ocr_carea' id='block_1_17' title="bbox 222 3031 3547 3113">
    <p class='ocr_par' dir='ltr' id='par_1_17' title="bbox 222 3031 3547 3113">
     <span class='ocr_line' id='line_1_17' title="bbox 222 3031 3547 3113; baseline -0.005 -16"><span class='ocrx_word' id='word_1_162' title='bbox 222 3048 446 3107; x_wconf 86' lang='lat' dir='ltr'><strong>tenens,</strong></span> <span class='ocrx_word' id='word_1_163' title='bbox 482 3052 540 3097; x_wconf 89' lang='lat' dir='ltr'><strong>et</strong></span> <span class='ocrx_word' id='word_1_164' title='bbox 575 3059 607 3097; x_wconf 89' lang='lat' dir='ltr'><strong>a</strong></span> <span class='ocrx_word' id='word_1_165' title='bbox 655 3042 901 3099; x_wconf 83' lang='lat' dir='ltr'><strong>sinistris</strong></span> <span class='ocrx_word' id='word_1_166' title='bbox 934 3043 1054 3113; x_wconf 86' lang='lat' dir='ltr'><strong>ejus</strong></span> <span class='ocrx_word' id='word_1_167' title='bbox 1086 3041 1256 3097; x_wconf 78' lang='lat' dir='ltr'><strong>Maria</strong></span> <span class='ocrx_word' id='word_1_168' title='bbox 1282 3039 1609 3111; x_wconf 90' lang='lat' dir='ltr'><strong>imperatrix</strong></span> <span class='ocrx_word' id='word_1_169' title='bbox 1628 3046 1757 3105; x_wconf 88' lang='lat' dir='ltr'><strong>stat,</strong></span> <span class='ocrx_word' id='word_1_170' title='bbox 1795 3046 1853 3093; x_wconf 89' lang='lat' dir='ltr'><strong>et</strong></span> <span class='ocrx_word' id='word_1_171' title='bbox 1881 3037 1997 3108; x_wconf 90' lang='lat' dir='ltr'><strong>ipsa</strong></span> <span class='ocrx_word' id='word_1_172' title='bbox 2029 3047 2314 3102; x_wconf 89' lang='lat' dir='ltr'><strong>coronata,</strong></span> <span class='ocrx_word' id='word_1_173' title='bbox 2351 3044 2750 3106; x_wconf 89' lang='lat' dir='ltr'><strong>sceptrumque</strong></span> <span class='ocrx_word' id='word_1_174' title='bbox 2787 3042 2965 3101; x_wconf 86' lang='lat' dir='ltr'><strong>tenet;</strong></span> <span class='ocrx_word' id='word_1_175' title='bbox 2990 3031 3255 3088; x_wconf 86' lang='lat' dir='ltr'><strong>Christus</strong></span> <span class='ocrx_word' id='word_1_176' title='bbox 3288 3044 3421 3085; x_wconf 70' lang='lat' dir='ltr'><strong>vero</strong></span> <span class='ocrx_word' id='word_1_177' title='bbox 3452 3043 3547 3083; x_wconf 85' lang='lat' dir='ltr'><strong>su-</strong></span> 
     </span>
    </p>
   </div>
   <div class='ocr_carea' id='block_1_18' title="bbox 218 3126 3545 3207">
    <p class='ocr_par' dir='ltr' id='par_1_18' title="bbox 218 3126 3545 3207">
     <span class='ocr_line' id='line_1_18' title="bbox 218 3126 3545 3207; baseline -0.004 -18"><span class='ocrx_word' id='word_1_178' title='bbox 218 3149 395 3205; x_wconf 86' lang='lat' dir='ltr'><strong>perne</strong></span> <span class='ocrx_word' id='word_1_179' title='bbox 440 3135 725 3190; x_wconf 77' lang='lat' dir='ltr'><strong>dexteram</strong></span> <span class='ocrx_word' id='word_1_180' title='bbox 757 3136 997 3205; x_wconf 91' lang='lat' dir='ltr'><strong>imponit</strong></span> <span class='ocrx_word' id='word_1_181' title='bbox 1040 3134 1209 3206; x_wconf 87' lang='lat' dir='ltr'><strong>capiti</strong></span> <span class='ocrx_word' id='word_1_182' title='bbox 1256 3135 1634 3207; x_wconf 85' lang='lat' dir='ltr'><strong>imperatoris,</strong></span> <span class='ocrx_word' id='word_1_183' title='bbox 1679 3134 2059 3190; x_wconf 86' lang='lat' dir='ltr'><strong>etsinistram</strong></span> <span class='ocrx_word' id='word_1_184' title='bbox 2103 3133 2272 3203; x_wconf 88' lang='lat' dir='ltr'><strong>capiti</strong></span> <span class='ocrx_word' id='word_1_185' title='bbox 2314 3130 2715 3206; x_wconf 85' lang='lat' dir='ltr'><strong>imperatricis,</strong></span> <span class='ocrx_word' id='word_1_186' title='bbox 2767 3127 2963 3185; x_wconf 90' lang='lat' dir='ltr'><strong>ambos</strong></span> <span class='ocrx_word' id='word_1_187' title='bbox 2993 3143 3054 3184; x_wconf 88' lang='lat' dir='ltr'><strong>se</strong></span> <span class='ocrx_word' id='word_1_188' title='bbox 3090 3126 3407 3199; x_wconf 90' lang='lat' dir='ltr'><strong>patrocinio</strong></span> <span class='ocrx_word' id='word_1_189' title='bbox 3441 3137 3545 3178; x_wconf 86' lang='lat' dir='ltr'><strong>suo</strong></span> 
     </span>
    </p>
   </div>
   <div class='ocr_carea' id='block_1_19' title="bbox 217 3220 3545 3303">
    <p class='ocr_par' dir='ltr' id='par_1_19' title="bbox 217 3220 3545 3303">
     <span class='ocr_line' id='line_1_19' title="bbox 217 3220 3545 3303; baseline -0.004 -20"><span class='ocrx_word' id='word_1_190' title='bbox 217 3237 407 3301; x_wconf 84' lang='lat' dir='ltr'><strong>tegere</strong></span> <span class='ocrx_word' id='word_1_191' title='bbox 438 3230 780 3301; x_wconf 80' lang='lat' dir='ltr'><strong>signiﬁcans.</strong></span> <span class='ocrx_word' id='word_1_192' title='bbox 831 3231 893 3287; x_wconf 85' lang='lat' dir='ltr'><strong>In</strong></span> <span class='ocrx_word' id='word_1_193' title='bbox 938 3232 1104 3288; x_wconf 87' lang='lat' dir='ltr'><strong>tertia</strong></span> <span class='ocrx_word' id='word_1_194' title='bbox 1148 3232 1457 3303; x_wconf 89' lang='lat' dir='ltr'><strong>imperator</strong></span> <span class='ocrx_word' id='word_1_195' title='bbox 1486 3232 1544 3287; x_wconf 88' lang='lat' dir='ltr'><strong>in</strong></span> <span class='ocrx_word' id='word_1_196' title='bbox 1584 3232 1727 3286; x_wconf 89' lang='lat' dir='ltr'><strong>solio</strong></span> <span class='ocrx_word' id='word_1_197' title='bbox 1770 3231 1992 3296; x_wconf 89' lang='lat' dir='ltr'><strong>sedens,</strong></span> <span class='ocrx_word' id='word_1_198' title='bbox 2022 3228 2326 3285; x_wconf 85' lang='lat' dir='ltr'><strong>Veritatem</strong></span> <span class='ocrx_word' id='word_1_199' title='bbox 2362 3244 2394 3282; x_wconf 92' lang='lat' dir='ltr'><strong>a</strong></span> <span class='ocrx_word' id='word_1_200' title='bbox 2421 3227 2657 3293; x_wconf 85' lang='lat' dir='ltr'><strong>dextris,</strong></span> <span class='ocrx_word' id='word_1_201' title='bbox 2688 3224 2969 3280; x_wconf 81' lang='lat' dir='ltr'><strong>Justitiam</strong></span> <span class='ocrx_word' id='word_1_202' title='bbox 3003 3238 3033 3277; x_wconf 87' lang='lat' dir='ltr'><strong>a</strong></span> <span class='ocrx_word' id='word_1_203' title='bbox 3064 3220 3333 3285; x_wconf 87' lang='lat' dir='ltr'><strong>sinistris,</strong></span> <span class='ocrx_word' id='word_1_204' title='bbox 3374 3230 3545 3286; x_wconf 84' lang='lat' dir='ltr'><strong>supra</strong></span> 
     </span>
    </p>
   </div>
   <div class='ocr_carea' id='block_1_20' title="bbox 213 3313 3545 3398">
    <p class='ocr_par' dir='ltr' id='par_1_20' title="bbox 213 3313 3545 3398">
     <span class='ocr_line' id='line_1_20' title="bbox 213 3313 3545 3398; baseline -0.003 -20"><span class='ocrx_word' id='word_1_205' title='bbox 213 3323 422 3378; x_wconf 81' lang='lat' dir='ltr'><strong>solium</strong></span> <span class='ocrx_word' id='word_1_206' title='bbox 461 3335 848 3397; x_wconf 82' lang='lat' dir='ltr'><strong>exsurgentes,</strong></span> <span class='ocrx_word' id='word_1_207' title='bbox 886 3326 1056 3382; x_wconf 90' lang='lat' dir='ltr'><strong>habet</strong></span> <span class='ocrx_word' id='word_1_208' title='bbox 1082 3346 1095 3381; x_wconf 90' lang='lat'><strong>:</strong></span> <span class='ocrx_word' id='word_1_209' title='bbox 1124 3326 1361 3382; x_wconf 90' lang='lat' dir='ltr'><strong>inferius</strong></span> <span class='ocrx_word' id='word_1_210' title='bbox 1398 3342 1531 3382; x_wconf 84' lang='lat' dir='ltr'><strong>vero</strong></span> <span class='ocrx_word' id='word_1_211' title='bbox 1560 3328 1775 3398; x_wconf 87' lang='lat' dir='ltr'><strong>positos</strong></span> <span class='ocrx_word' id='word_1_212' title='bbox 1810 3336 2052 3397; x_wconf 88' lang='lat' dir='ltr'><strong>quatuor</strong></span> <span class='ocrx_word' id='word_1_213' title='bbox 2075 3342 2144 3383; x_wconf 81' lang='lat' dir='ltr'><strong>ex</strong></span> <span class='ocrx_word' id='word_1_214' title='bbox 2178 3324 2479 3397; x_wconf 67' lang='lat' dir='ltr'><strong>praecipuis</strong></span> <span class='ocrx_word' id='word_1_215' title='bbox 2503 3323 2646 3379; x_wconf 67' lang='lat' dir='ltr'><strong>aulae</strong></span> <span class='ocrx_word' id='word_1_216' title='bbox 2677 3319 3053 3393; x_wconf 76' lang='lat' dir='ltr'><strong>imperatoria:</strong></span> <span class='ocrx_word' id='word_1_217' title='bbox 3082 3313 3390 3383; x_wconf 82' lang='lat' dir='ltr'><strong>ministris;</strong></span> <span class='ocrx_word' id='word_1_218' title='bbox 3419 3328 3545 3386; x_wconf 73' lang='lat' dir='ltr'><strong>qua:</strong></span> 
     </span>
    </p>
   </div>
   <div class='ocr_carea' id='block_1_21' title="bbox 214 3418 3541 3495">
    <p class='ocr_par' dir='ltr' id='par_1_21' title="bbox 214 3418 3541 3495">
     <span class='ocr_line' id='line_1_21' title="bbox 214 3418 3541 3495; baseline -0.002 -20"><span class='ocrx_word' id='word_1_219' title='bbox 214 3423 404 3477; x_wconf 81' lang='lat' dir='ltr'><strong>omnia</strong></span> <span class='ocrx_word' id='word_1_220' title='bbox 430 3421 689 3493; x_wconf 91' lang='lat' dir='ltr'><strong>pluribus</strong></span> <span class='ocrx_word' id='word_1_221' title='bbox 712 3423 1067 3493; x_wconf 84' lang='lat' dir='ltr'><strong>explicantur</strong></span> <span class='ocrx_word' id='word_1_222' title='bbox 1091 3424 1149 3479; x_wconf 92' lang='lat' dir='ltr'><strong>in</strong></span> <span class='ocrx_word' id='word_1_223' title='bbox 1183 3421 1510 3477; x_wconf 79' lang='lat' dir='ltr'><strong>Bibliotheca</strong></span> <span class='ocrx_word' id='word_1_224' title='bbox 1536 3421 1870 3478; x_wconf 76' lang='lat' dir='ltr'><strong>Coislt&#39;niana</strong></span> <span class='ocrx_word' id='word_1_225' title='bbox 1900 3424 2043 3495; x_wconf 89' lang='lat' dir='ltr'><strong>typis</strong></span> <span class='ocrx_word' id='word_1_226' title='bbox 2070 3422 2219 3477; x_wconf 86' lang='lat' dir='ltr'><strong>data.</strong></span> <span class='ocrx_word' id='word_1_227' title='bbox 2246 3421 2307 3476; x_wconf 86' lang='lat' dir='ltr'><strong>In</strong></span> <span class='ocrx_word' id='word_1_228' title='bbox 2332 3431 2533 3491; x_wconf 90' lang='lat' dir='ltr'><strong>quarta</strong></span> <span class='ocrx_word' id='word_1_229' title='bbox 2563 3418 2750 3475; x_wconf 84' lang='lat' dir='ltr'><strong>tabula</strong></span> <span class='ocrx_word' id='word_1_230' title='bbox 2769 3420 3076 3488; x_wconf 88' lang='lat' dir='ltr'><strong>imperator</strong></span> <span class='ocrx_word' id='word_1_231' title='bbox 3102 3420 3541 3485; x_wconf 70' lang='lat' dir='ltr'><strong>repraesentatur</strong></span> 
     </span>
    </p>
   </div>
   <div class='ocr_carea' id='block_1_22' title="bbox 214 3508 3540 3588">
    <p class='ocr_par' dir='ltr' id='par_1_22' title="bbox 214 3508 3540 3588">
     <span class='ocr_line' id='line_1_22' title="bbox 214 3508 3540 3588; baseline -0.002 -19"><span class='ocrx_word' id='word_1_232' title='bbox 214 3514 367 3569; x_wconf 89' lang='lat' dir='ltr'><strong>hunc</strong></span> <span class='ocrx_word' id='word_1_233' title='bbox 393 3513 607 3569; x_wconf 88' lang='lat' dir='ltr'><strong>librum</strong></span> <span class='ocrx_word' id='word_1_234' title='bbox 648 3524 866 3582; x_wconf 88' lang='lat' dir='ltr'><strong>tenens,</strong></span> <span class='ocrx_word' id='word_1_235' title='bbox 895 3514 1358 3588; x_wconf 78' lang='lat' dir='ltr'><strong>Chrysostomum</strong></span> <span class='ocrx_word' id='word_1_236' title='bbox 1386 3514 1598 3571; x_wconf 89' lang='lat' dir='ltr'><strong>habens</strong></span> <span class='ocrx_word' id='word_1_237' title='bbox 1621 3530 1650 3570; x_wconf 89' lang='lat' dir='ltr'><strong>a</strong></span> <span class='ocrx_word' id='word_1_238' title='bbox 1677 3514 1911 3584; x_wconf 85' lang='lat' dir='ltr'><strong>dextris,</strong></span> <span class='ocrx_word' id='word_1_239' title='bbox 1935 3514 2196 3571; x_wconf 89' lang='lat' dir='ltr'><strong>eumdem</strong></span> <span class='ocrx_word' id='word_1_240' title='bbox 2222 3512 2427 3569; x_wconf 91' lang='lat' dir='ltr'><strong>librum</strong></span> <span class='ocrx_word' id='word_1_241' title='bbox 2463 3519 2803 3585; x_wconf 89' lang='lat' dir='ltr'><strong>tangentem,</strong></span> <span class='ocrx_word' id='word_1_242' title='bbox 2831 3519 2888 3567; x_wconf 92' lang='lat' dir='ltr'><strong>et</strong></span> <span class='ocrx_word' id='word_1_243' title='bbox 2909 3516 3167 3567; x_wconf 86' lang='lat' dir='ltr'><strong>sanctum</strong></span> <span class='ocrx_word' id='word_1_244' title='bbox 3212 3508 3540 3565; x_wconf 80' lang='lat' dir='ltr'><strong>Michaelern</strong></span> 
     </span>
    </p>
   </div>
   <div class='ocr_carea' id='block_1_23' title="bbox 213 3608 931 3666">
    <p class='ocr_par' dir='ltr' id='par_1_23' title="bbox 213 3608 931 3666">
     <span class='ocr_line' id='line_1_23' title="bbox 213 3608 931 3666; baseline -0.004 0"><span class='ocrx_word' id='word_1_245' title='bbox 213 3608 549 3666; x_wconf 88' lang='lat' dir='ltr'><strong>Choniatem</strong></span> <span class='ocrx_word' id='word_1_246' title='bbox 586 3625 620 3664; x_wconf 82' lang='lat' dir='ltr'><strong>a</strong></span> <span class='ocrx_word' id='word_1_247' title='bbox 661 3608 931 3665; x_wconf 90' lang='lat' dir='ltr'><strong>sinistris.</strong></span> 
     </span>
    </p>
   </div>
   <div class='ocr_carea' id='block_1_24' title="bbox 282 3724 3538 3797">
    <p class='ocr_par' dir='ltr' id='par_1_24' title="bbox 282 3724 3538 3797">
     <span class='ocr_line' id='line_1_24' title="bbox 282 3724 3538 3797; baseline -0.001 -14"><span class='ocrx_word' id='word_1_248' title='bbox 282 3726 471 3784; x_wconf 88' lang='lat' dir='ltr'><strong>Codex</strong></span> <span class='ocrx_word' id='word_1_249' title='bbox 520 3736 605 3783; x_wconf 88' lang='lat' dir='ltr'><strong>est</strong></span> <span class='ocrx_word' id='word_1_250' title='bbox 636 3727 920 3782; x_wconf 89' lang='lat' dir='ltr'><strong>undecimi</strong></span> <span class='ocrx_word' id='word_1_251' title='bbox 952 3726 1162 3791; x_wconf 70' lang='lat' dir='ltr'><strong>saeculi,</strong></span> <span class='ocrx_word' id='word_1_252' title='bbox 1200 3735 1261 3783; x_wconf 93' lang='lat' dir='ltr'><strong>ut</strong></span> <span class='ocrx_word' id='word_1_253' title='bbox 1289 3741 1358 3782; x_wconf 87' lang='lat' dir='ltr'><strong>ex</strong></span> <span class='ocrx_word' id='word_1_254' title='bbox 1405 3726 1735 3783; x_wconf 84' lang='lat' dir='ltr'><strong>charactere</strong></span> <span class='ocrx_word' id='word_1_255' title='bbox 1768 3727 2046 3797; x_wconf 89' lang='lat' dir='ltr'><strong>arguitur.</strong></span> <span class='ocrx_word' id='word_1_256' title='bbox 2092 3726 2286 3797; x_wconf 85' lang='lat' dir='ltr'><strong>Neque</strong></span> <span class='ocrx_word' id='word_1_257' title='bbox 2323 3735 2511 3781; x_wconf 88' lang='lat' dir='ltr'><strong>tamen</strong></span> <span class='ocrx_word' id='word_1_258' title='bbox 2552 3726 2875 3797; x_wconf 82' lang='lat' dir='ltr'><strong>Nicephoro</strong></span> <span class='ocrx_word' id='word_1_259' title='bbox 2919 3724 3229 3782; x_wconf 67' lang='lat' dir='ltr'><strong>Botaniatae</strong></span> <span class='ocrx_word' id='word_1_260' title='bbox 3274 3733 3538 3780; x_wconf 80' lang='lat' dir='ltr'><strong>exaratus</strong></span> 
     </span>
    </p>
   </div>
   <div class='ocr_carea' id='block_1_25' title="bbox 209 3819 3536 3893">
    <p class='ocr_par' dir='ltr' id='par_1_25' title="bbox 209 3819 3536 3893">
     <span class='ocr_line' id='line_1_25' title="bbox 209 3819 3536 3893; baseline -0.001 -15"><span class='ocrx_word' id='word_1_261' title='bbox 209 3822 339 3889; x_wconf 80' lang='lat' dir='ltr'><strong>fuit,</strong></span> <span class='ocrx_word' id='word_1_262' title='bbox 381 3823 479 3879; x_wconf 88' lang='lat' dir='ltr'><strong>sed</strong></span> <span class='ocrx_word' id='word_1_263' title='bbox 512 3822 696 3887; x_wconf 90' lang='lat' dir='ltr'><strong>alteri,</strong></span> <span class='ocrx_word' id='word_1_264' title='bbox 732 3821 829 3892; x_wconf 91' lang='lat' dir='ltr'><strong>qui</strong></span> <span class='ocrx_word' id='word_1_265' title='bbox 865 3821 1050 3892; x_wconf 87' lang='lat' dir='ltr'><strong>ipsum</strong></span> <span class='ocrx_word' id='word_1_266' title='bbox 1077 3828 1461 3892; x_wconf 65' lang='lat' dir='ltr'><strong>praecesserat,</strong></span> <span class='ocrx_word' id='word_1_267' title='bbox 1495 3821 1838 3893; x_wconf 88' lang='lat' dir='ltr'><strong>imperatori.</strong></span> <span class='ocrx_word' id='word_1_268' title='bbox 1875 3821 2012 3875; x_wconf 88' lang='lat' dir='ltr'><strong>Nam</strong></span> <span class='ocrx_word' id='word_1_269' title='bbox 2047 3821 2280 3891; x_wconf 70' lang='lat' dir='ltr'><strong>picturae</strong></span> <span class='ocrx_word' id='word_1_270' title='bbox 2311 3820 2551 3892; x_wconf 81' lang='lat' dir='ltr'><strong>priOres,</strong></span> <span class='ocrx_word' id='word_1_271' title='bbox 2583 3836 2710 3891; x_wconf 65' lang='lat' dir='ltr'><strong>quae</strong></span> <span class='ocrx_word' id='word_1_272' title='bbox 2738 3820 2793 3874; x_wconf 91' lang='lat' dir='ltr'><strong>in</strong></span> <span class='ocrx_word' id='word_1_273' title='bbox 2820 3819 3044 3876; x_wconf 84' lang='lat' dir='ltr'><strong>duobus</strong></span> <span class='ocrx_word' id='word_1_274' title='bbox 3085 3821 3238 3877; x_wconf 85' lang='lat' dir='ltr'><strong>foliis</strong></span> <span class='ocrx_word' id='word_1_275' title='bbox 3273 3836 3344 3877; x_wconf 82' lang='lat' dir='ltr'><strong>ex</strong></span> <span class='ocrx_word' id='word_1_276' title='bbox 3377 3829 3536 3877; x_wconf 87' lang='lat' dir='ltr'><strong>utra-</strong></span> 
     </span>
    </p>
   </div>
   <div class='ocr_carea' id='block_1_26' title="bbox 210 3914 3532 3987">
    <p class='ocr_par' dir='ltr' id='par_1_26' title="bbox 210 3914 3532 3987">
     <span class='ocr_line' id='line_1_26' title="bbox 210 3914 3532 3987; baseline 0 -16"><span class='ocrx_word' id='word_1_277' title='bbox 210 3930 320 3987; x_wconf 86' lang='lat' dir='ltr'><strong>que</strong></span> <span class='ocrx_word' id='word_1_278' title='bbox 356 3914 499 3973; x_wconf 85' lang='lat' dir='ltr'><strong>facie</strong></span> <span class='ocrx_word' id='word_1_279' title='bbox 529 3916 769 3987; x_wconf 89' lang='lat' dir='ltr'><strong>depictis</strong></span> <span class='ocrx_word' id='word_1_280' title='bbox 807 3922 988 3980; x_wconf 88' lang='lat' dir='ltr'><strong>erant,</strong></span> <span class='ocrx_word' id='word_1_281' title='bbox 1016 3916 1218 3970; x_wconf 80' lang='lat' dir='ltr'><strong>excisae</strong></span> <span class='ocrx_word' id='word_1_282' title='bbox 1249 3914 1407 3970; x_wconf 87' lang='lat' dir='ltr'><strong>fuere</strong></span> <span class='ocrx_word' id='word_1_283' title='bbox 1446 3933 1460 3968; x_wconf 91' lang='lat'><strong>:</strong></span> <span class='ocrx_word' id='word_1_284' title='bbox 1500 3914 1576 3969; x_wconf 88' lang='lat' dir='ltr'><strong>ita</strong></span> <span class='ocrx_word' id='word_1_285' title='bbox 1609 3924 1670 3970; x_wconf 89' lang='lat' dir='ltr'><strong>ut</strong></span> <span class='ocrx_word' id='word_1_286' title='bbox 1710 3915 1921 3970; x_wconf 88' lang='lat' dir='ltr'><strong>limbus</strong></span> <span class='ocrx_word' id='word_1_287' title='bbox 1957 3922 2111 3970; x_wconf 91' lang='lat' dir='ltr'><strong>totus</strong></span> <span class='ocrx_word' id='word_1_288' title='bbox 2140 3914 2343 3986; x_wconf 90' lang='lat' dir='ltr'><strong>prioris</strong></span> <span class='ocrx_word' id='word_1_289' title='bbox 2381 3914 2614 3985; x_wconf 67' lang='lat' dir='ltr'><strong>picturae</strong></span> <span class='ocrx_word' id='word_1_290' title='bbox 2645 3915 3001 3981; x_wconf 89' lang='lat' dir='ltr'><strong>remanserit,</strong></span> <span class='ocrx_word' id='word_1_291' title='bbox 3039 3922 3097 3971; x_wconf 91' lang='lat' dir='ltr'><strong>et</strong></span> <span class='ocrx_word' id='word_1_292' title='bbox 3126 3916 3251 3971; x_wconf 90' lang='lat' dir='ltr'><strong>loco</strong></span> <span class='ocrx_word' id='word_1_293' title='bbox 3279 3916 3532 3987; x_wconf 88' lang='lat' dir='ltr'><strong>priorum</strong></span> 
     </span>
    </p>
   </div>
   <div class='ocr_carea' id='block_1_27' title="bbox 208 4006 3529 4082">
    <p class='ocr_par' dir='ltr' id='par_1_27' title="bbox 208 4006 3529 4082">
     <span class='ocr_line' id='line_1_27' title="bbox 208 4006 3529 4082; baseline -0 -15"><span class='ocrx_word' id='word_1_294' title='bbox 208 4006 569 4074; x_wconf 79' lang='lat' dir='ltr'><strong>tabellarum,</strong></span> <span class='ocrx_word' id='word_1_295' title='bbox 607 4024 733 4080; x_wconf 69' lang='lat' dir='ltr'><strong>qua</strong></span> <span class='ocrx_word' id='word_1_296' title='bbox 770 4008 943 4065; x_wconf 87' lang='lat' dir='ltr'><strong>alium</strong></span> <span class='ocrx_word' id='word_1_297' title='bbox 985 4009 1381 4079; x_wconf 87' lang='lat' dir='ltr'><strong>imperatorem</strong></span> <span class='ocrx_word' id='word_1_298' title='bbox 1430 4008 1795 4076; x_wconf 79' lang='lat' dir='ltr'><strong>exhibebant,</strong></span> <span class='ocrx_word' id='word_1_299' title='bbox 1848 4009 1935 4064; x_wconf 63' lang='lat' dir='ltr'><strong>hae</strong></span> <span class='ocrx_word' id='word_1_300' title='bbox 1976 4025 2137 4065; x_wconf 74' lang='lat' dir='ltr'><strong>nova:</strong></span> <span class='ocrx_word' id='word_1_301' title='bbox 2174 4008 2478 4079; x_wconf 79' lang='lat' dir='ltr'><strong>Nicephori</strong></span> <span class='ocrx_word' id='word_1_302' title='bbox 2511 4008 2816 4065; x_wconf 79' lang='lat' dir='ltr'><strong>Botaniatte</strong></span> <span class='ocrx_word' id='word_1_303' title='bbox 2867 4010 3379 4082; x_wconf 86' lang='lat' dir='ltr'><strong>agglutinarentur.</strong></span> <span class='ocrx_word' id='word_1_304' title='bbox 3423 4009 3529 4079; x_wconf 87' lang='lat' dir='ltr'><strong>Qui</strong></span> 
     </span>
    </p>
   </div>
   <div class='ocr_carea' id='block_1_28' title="bbox 204 4100 3533 4175">
    <p class='ocr_par' dir='ltr' id='par_1_28' title="bbox 204 4100 3533 4175">
     <span class='ocr_line' id='line_1_28' title="bbox 204 4100 3533 4175; baseline 0.001 -18"><span class='ocrx_word' id='word_1_305' title='bbox 204 4100 562 4171; x_wconf 82' lang='lat' dir='ltr'><strong>Nicephorus</strong></span> <span class='ocrx_word' id='word_1_306' title='bbox 596 4117 709 4158; x_wconf 90' lang='lat' dir='ltr'><strong>non</strong></span> <span class='ocrx_word' id='word_1_307' title='bbox 747 4101 845 4157; x_wconf 88' lang='lat' dir='ltr'><strong>diu</strong></span> <span class='ocrx_word' id='word_1_308' title='bbox 887 4102 1184 4172; x_wconf 86' lang='lat' dir='ltr'><strong>imperium</strong></span> <span class='ocrx_word' id='word_1_309' title='bbox 1221 4104 1440 4170; x_wconf 91' lang='lat' dir='ltr'><strong>tenuit;</strong></span> <span class='ocrx_word' id='word_1_310' title='bbox 1492 4118 1621 4157; x_wconf 86' lang='lat' dir='ltr'><strong>nam</strong></span> <span class='ocrx_word' id='word_1_311' title='bbox 1659 4118 1810 4159; x_wconf 88' lang='lat' dir='ltr'><strong>anno</strong></span> <span class='ocrx_word' id='word_1_312' title='bbox 1838 4103 2331 4170; x_wconf 71' lang='lat' dir='ltr'><strong>1078&#39;coronatus,</strong></span> <span class='ocrx_word' id='word_1_313' title='bbox 2375 4119 2523 4158; x_wconf 84' lang='lat' dir='ltr'><strong>anno</strong></span> <span class='ocrx_word' id='word_1_314' title='bbox 2569 4103 2703 4158; x_wconf 70' lang='lat'><strong>408&#39;!</strong></span> <span class='ocrx_word' id='word_1_315' title='bbox 2744 4103 3032 4175; x_wconf 75' lang='lat' dir='ltr'><strong>depositus</strong></span> <span class='ocrx_word' id='word_1_316' title='bbox 3059 4106 3205 4160; x_wconf 86' lang='lat' dir='ltr'><strong>etin</strong></span> <span class='ocrx_word' id='word_1_317' title='bbox 3231 4106 3533 4161; x_wconf 84' lang='lat' dir='ltr'><strong>monacho-</strong></span> 
     </span>
    </p>
   </div>
   <div class='ocr_carea' id='block_1_29' title="bbox 203 4197 1074 4255">
    <p class='ocr_par' dir='ltr' id='par_1_29' title="bbox 203 4197 1074 4255">
     <span class='ocr_line' id='line_1_29' title="bbox 203 4197 1074 4255; baseline 0.003 -4"><span class='ocrx_word' id='word_1_318' title='bbox 203 4213 329 4253; x_wconf 87' lang='lat' dir='ltr'><strong>rum</strong></span> <span class='ocrx_word' id='word_1_319' title='bbox 365 4197 625 4253; x_wconf 90' lang='lat' dir='ltr'><strong>ordinem</strong></span> <span class='ocrx_word' id='word_1_320' title='bbox 662 4198 924 4255; x_wconf 84' lang='lat' dir='ltr'><strong>redactus</strong></span> <span class='ocrx_word' id='word_1_321' title='bbox 968 4210 1074 4254; x_wconf 84' lang='lat' dir='ltr'><strong>est.</strong></span> 
     </span>
    </p>
   </div>
   <div class='ocr_carea' id='block_1_30' title="bbox 273 4318 3531 4392">
    <p class='ocr_par' dir='ltr' id='par_1_30' title="bbox 273 4318 3531 4392">
     <span class='ocr_line' id='line_1_30' title="bbox 273 4318 3531 4392; baseline -0.001 -18"><span class='ocrx_word' id='word_1_322' title='bbox 273 4318 420 4374; x_wconf 79' lang='lat' dir='ltr'><strong>Hinc</strong></span> <span class='ocrx_word' id='word_1_323' title='bbox 463 4318 657 4374; x_wconf 86' lang='lat' dir='ltr'><strong>videas</strong></span> <span class='ocrx_word' id='word_1_324' title='bbox 706 4328 919 4389; x_wconf 90' lang='lat' dir='ltr'><strong>quanto</strong></span> <span class='ocrx_word' id='word_1_325' title='bbox 958 4320 1018 4374; x_wconf 89' lang='lat' dir='ltr'><strong>in</strong></span> <span class='ocrx_word' id='word_1_326' title='bbox 1066 4319 1249 4390; x_wconf 89' lang='lat' dir='ltr'><strong>pretio</strong></span> <span class='ocrx_word' id='word_1_327' title='bbox 1278 4319 1482 4391; x_wconf 82' lang='lat' dir='ltr'><strong>eclogas</strong></span> <span class='ocrx_word' id='word_1_328' title='bbox 1528 4321 1646 4376; x_wconf 73' lang='lat' dir='ltr'><strong>istae</strong></span> <span class='ocrx_word' id='word_1_329' title='bbox 1680 4320 1827 4392; x_wconf 88' lang='lat' dir='ltr'><strong>apud</strong></span> <span class='ocrx_word' id='word_1_330' title='bbox 1870 4318 2093 4376; x_wconf 66' lang='lat' dir='ltr'><strong>Graecos</strong></span> <span class='ocrx_word' id='word_1_331' title='bbox 2128 4320 2340 4376; x_wconf 69' lang='lat' dir='ltr'><strong>habitae</strong></span> <span class='ocrx_word' id='word_1_332' title='bbox 2369 4320 2601 4376; x_wconf 85' lang='lat' dir='ltr'><strong>fuerint.</strong></span> <span class='ocrx_word' id='word_1_333' title='bbox 2649 4318 2947 4385; x_wconf 61' lang='lat' dir='ltr'><strong>Caeterum,</strong></span> <span class='ocrx_word' id='word_1_334' title='bbox 2987 4326 3282 4389; x_wconf 89' lang='lat' dir='ltr'><strong>postquam</strong></span> <span class='ocrx_word' id='word_1_335' title='bbox 3314 4318 3531 4389; x_wconf 81' lang='lat' dir='ltr'><strong>priores</strong></span> 
     </span>
    </p>
   </div>
   <div class='ocr_carea' id='block_1_31' title="bbox 200 4414 3526 4487">
    <p class='ocr_par' dir='ltr' id='par_1_31' title="bbox 200 4414 3526 4487">
     <span class='ocr_line' id='line_1_31' title="bbox 200 4414 3526 4487; baseline -0.001 -14"><span class='ocrx_word' id='word_1_336' title='bbox 200 4418 420 4473; x_wconf 69' lang='lat' dir='ltr'><strong>emissa:</strong></span> <span class='ocrx_word' id='word_1_337' title='bbox 451 4416 693 4482; x_wconf 85' lang='lat' dir='ltr'><strong>fuerant,</strong></span> <span class='ocrx_word' id='word_1_338' title='bbox 735 4416 859 4471; x_wconf 77' lang='lat' dir='ltr'><strong>alia:</strong></span> <span class='ocrx_word' id='word_1_339' title='bbox 894 4432 926 4471; x_wconf 92' lang='lat' dir='ltr'><strong>a</strong></span> <span class='ocrx_word' id='word_1_340' title='bbox 970 4415 1209 4471; x_wconf 81' lang='lat' dir='ltr'><strong>diversis</strong></span> <span class='ocrx_word' id='word_1_341' title='bbox 1248 4416 1499 4486; x_wconf 64' lang='lat' dir='ltr'><strong>adjectae,</strong></span> <span class='ocrx_word' id='word_1_342' title='bbox 1542 4425 1599 4472; x_wconf 93' lang='lat' dir='ltr'><strong>et</strong></span> <span class='ocrx_word' id='word_1_343' title='bbox 1647 4417 1847 4487; x_wconf 64' lang='lat' dir='ltr'><strong>prisca:</strong></span> <span class='ocrx_word' id='word_1_344' title='bbox 1881 4418 1990 4473; x_wconf 68' lang='lat' dir='ltr'><strong>illae</strong></span> <span class='ocrx_word' id='word_1_345' title='bbox 2018 4417 2326 4471; x_wconf 68' lang='lat' dir='ltr'><strong>immutata:</strong></span> <span class='ocrx_word' id='word_1_346' title='bbox 2358 4431 2505 4487; x_wconf 66' lang='lat' dir='ltr'><strong>saepe</strong></span> <span class='ocrx_word' id='word_1_347' title='bbox 2532 4417 2711 4480; x_wconf 83' lang='lat' dir='ltr'><strong>fuere,</strong></span> <span class='ocrx_word' id='word_1_348' title='bbox 2750 4424 2926 4472; x_wconf 66' lang='lat' dir='ltr'><strong>aucta:</strong></span> <span class='ocrx_word' id='word_1_349' title='bbox 2964 4416 3245 4487; x_wconf 88' lang='lat' dir='ltr'><strong>pluribus,</strong></span> <span class='ocrx_word' id='word_1_350' title='bbox 3282 4414 3526 4486; x_wconf 82' lang='lat' dir='ltr'><strong>hincque</strong></span> 
     </span>
    </p>
   </div>
   <div class='ocr_carea' id='block_1_32' title="bbox 202 4510 3529 4586">
    <p class='ocr_par' dir='ltr' id='par_1_32' title="bbox 202 4510 3529 4586">
     <span class='ocr_line' id='line_1_32' title="bbox 202 4510 3529 4586; baseline 0.001 -21"><span class='ocrx_word' id='word_1_351' title='bbox 202 4526 401 4583; x_wconf 79' lang='lat' dir='ltr'><strong>magna</strong></span> <span class='ocrx_word' id='word_1_352' title='bbox 436 4510 494 4566; x_wconf 93' lang='lat' dir='ltr'><strong>in</strong></span> <span class='ocrx_word' id='word_1_353' title='bbox 528 4510 820 4567; x_wconf 89' lang='lat' dir='ltr'><strong>codicibus</strong></span> <span class='ocrx_word' id='word_1_354' title='bbox 853 4511 1098 4566; x_wconf 85' lang='lat' dir='ltr'><strong>varietas</strong></span> <span class='ocrx_word' id='word_1_355' title='bbox 1130 4512 1394 4567; x_wconf 91' lang='lat' dir='ltr'><strong>occurrit.</strong></span> <span class='ocrx_word' id='word_1_356' title='bbox 1442 4512 1562 4568; x_wconf 83' lang='lat' dir='ltr'><strong>Non</strong></span> <span class='ocrx_word' id='word_1_357' title='bbox 1595 4529 1663 4569; x_wconf 80' lang='lat' dir='ltr'><strong>ex</strong></span> <span class='ocrx_word' id='word_1_358' title='bbox 1710 4516 1992 4584; x_wconf 85' lang='lat' dir='ltr'><strong>germanis</strong></span> <span class='ocrx_word' id='word_1_359' title='bbox 2029 4513 2211 4570; x_wconf 81' lang='lat' dir='ltr'><strong>solum</strong></span> <span class='ocrx_word' id='word_1_360' title='bbox 2241 4513 2473 4570; x_wconf 77' lang='lat' dir='ltr'><strong>Joannis</strong></span> <span class='ocrx_word' id='word_1_361' title='bbox 2504 4512 2890 4586; x_wconf 84' lang='lat' dir='ltr'><strong>Chrysostomi</strong></span> <span class='ocrx_word' id='word_1_362' title='bbox 2914 4514 3184 4584; x_wconf 91' lang='lat' dir='ltr'><strong>operibus</strong></span> <span class='ocrx_word' id='word_1_363' title='bbox 3220 4514 3337 4569; x_wconf 76' lang='lat' dir='ltr'><strong>hzec</strong></span> <span class='ocrx_word' id='word_1_364' title='bbox 3388 4529 3529 4570; x_wconf 78' lang='lat' dir='ltr'><strong>cou-</strong></span> 
     </span>
    </p>
   </div>
   <div class='ocr_carea' id='block_1_33' title="bbox 201 4603 3527 4679">
    <p class='ocr_par' dir='ltr' id='par_1_33' title="bbox 201 4603 3527 4679">
     <span class='ocr_line' id='line_1_33' title="bbox 201 4603 3527 4679; baseline 0.002 -22"><span class='ocrx_word' id='word_1_365' title='bbox 201 4604 481 4659; x_wconf 84' lang='lat' dir='ltr'><strong>sarcinata</strong></span> <span class='ocrx_word' id='word_1_366' title='bbox 524 4612 675 4668; x_wconf 90' lang='lat' dir='ltr'><strong>sunt,</strong></span> <span class='ocrx_word' id='word_1_367' title='bbox 713 4603 811 4659; x_wconf 89' lang='lat' dir='ltr'><strong>sed</strong></span> <span class='ocrx_word' id='word_1_368' title='bbox 848 4604 1021 4658; x_wconf 90' lang='lat' dir='ltr'><strong>etiam</strong></span> <span class='ocrx_word' id='word_1_369' title='bbox 1054 4620 1121 4659; x_wconf 87' lang='lat' dir='ltr'><strong>ex</strong></span> <span class='ocrx_word' id='word_1_370' title='bbox 1155 4605 1280 4659; x_wconf 89' lang='lat' dir='ltr'><strong>aliis</strong></span> <span class='ocrx_word' id='word_1_371' title='bbox 1310 4621 1434 4674; x_wconf 69' lang='lat' dir='ltr'><strong>qua:</strong></span> <span class='ocrx_word' id='word_1_372' title='bbox 1477 4606 1563 4659; x_wconf 69' lang='lat' dir='ltr'><strong>vel</strong></span> <span class='ocrx_word' id='word_1_373' title='bbox 1598 4606 1738 4661; x_wconf 83' lang='lat' dir='ltr'><strong>falso</strong></span> <span class='ocrx_word' id='word_1_374' title='bbox 1773 4622 1978 4663; x_wconf 87' lang='lat' dir='ltr'><strong>nomen</strong></span> <span class='ocrx_word' id='word_1_375' title='bbox 2019 4606 2403 4679; x_wconf 84' lang='lat' dir='ltr'><strong>Chrysostomi</strong></span> <span class='ocrx_word' id='word_1_376' title='bbox 2447 4609 2878 4673; x_wconf 81' lang='lat' dir='ltr'><strong>circumferunt,</strong></span> <span class='ocrx_word' id='word_1_377' title='bbox 2910 4608 2997 4664; x_wconf 87' lang='lat' dir='ltr'><strong>vel</strong></span> <span class='ocrx_word' id='word_1_378' title='bbox 3040 4610 3190 4663; x_wconf 89' lang='lat' dir='ltr'><strong>inter</strong></span> <span class='ocrx_word' id='word_1_379' title='bbox 3222 4607 3527 4664; x_wconf 87' lang='lat' dir='ltr'><strong>admodum</strong></span> 
     </span>
    </p>
   </div>
   <div class='ocr_carea' id='block_1_34' title="bbox 199 4696 3524 4776">
    <p class='ocr_par' dir='ltr' id='par_1_34' title="bbox 199 4696 3524 4776">
     <span class='ocr_line' id='line_1_34' title="bbox 199 4696 3524 4776; baseline 0.002 -24"><span class='ocrx_word' id='word_1_380' title='bbox 199 4696 374 4752; x_wconf 83' lang='lat' dir='ltr'><strong>dubia</strong></span> <span class='ocrx_word' id='word_1_381' title='bbox 416 4697 620 4753; x_wconf 89' lang='lat' dir='ltr'><strong>merito</strong></span> <span class='ocrx_word' id='word_1_382' title='bbox 654 4698 1004 4769; x_wconf 87' lang='lat' dir='ltr'><strong>rejiciuntur.</strong></span> <span class='ocrx_word' id='word_1_383' title='bbox 1052 4696 1111 4751; x_wconf 91' lang='lat' dir='ltr'><strong>ln</strong></span> <span class='ocrx_word' id='word_1_384' title='bbox 1144 4697 1298 4753; x_wconf 90' lang='lat' dir='ltr'><strong>hisce</strong></span> <span class='ocrx_word' id='word_1_385' title='bbox 1330 4714 1497 4768; x_wconf 91' lang='lat' dir='ltr'><strong>porro</strong></span> <span class='ocrx_word' id='word_1_386' title='bbox 1538 4702 1747 4773; x_wconf 81' lang='lat' dir='ltr'><strong>eclogis</strong></span> <span class='ocrx_word' id='word_1_387' title='bbox 1781 4702 2022 4772; x_wconf 85' lang='lat' dir='ltr'><strong>plurima</strong></span> <span class='ocrx_word' id='word_1_388' title='bbox 2059 4712 2186 4760; x_wconf 87' lang='lat' dir='ltr'><strong>ante</strong></span> <span class='ocrx_word' id='word_1_389' title='bbox 2222 4704 2372 4760; x_wconf 89' lang='lat' dir='ltr'><strong>dicta</strong></span> <span class='ocrx_word' id='word_1_390' title='bbox 2400 4714 2756 4775; x_wconf 88' lang='lat' dir='ltr'><strong>repetuntur,</strong></span> <span class='ocrx_word' id='word_1_391' title='bbox 2789 4707 2846 4760; x_wconf 92' lang='lat' dir='ltr'><strong>in</strong></span> <span class='ocrx_word' id='word_1_392' title='bbox 2880 4707 3102 4776; x_wconf 89' lang='lat' dir='ltr'><strong>illisque</strong></span> <span class='ocrx_word' id='word_1_393' title='bbox 3129 4705 3368 4760; x_wconf 83' lang='lat' dir='ltr'><strong>maxime</strong></span> <span class='ocrx_word' id='word_1_394' title='bbox 3399 4720 3524 4776; x_wconf 75' lang='lat' dir='ltr'><strong>qua:</strong></span> 
     </span>
    </p>
   </div>
   <div class='ocr_carea' id='block_1_35' title="bbox 199 4784 3523 4876">
    <p class='ocr_par' dir='ltr' id='par_1_35' title="bbox 199 4784 3523 4876">
     <span class='ocr_line' id='line_1_35' title="bbox 199 4784 3523 4876; baseline 0.003 -28"><span class='ocrx_word' id='word_1_395' title='bbox 199 4793 310 4849; x_wconf 79' lang='lat' dir='ltr'><strong>luci</strong></span> <span class='ocrx_word' id='word_1_396' title='bbox 340 4794 626 4851; x_wconf 82' lang='lat' dir='ltr'><strong>mandavit</strong></span> <span class='ocrx_word' id='word_1_397' title='bbox 655 4794 919 4861; x_wconf 84' lang='lat' dir='ltr'><strong>Savilius,</strong></span> <span class='ocrx_word' id='word_1_398' title='bbox 949 4797 1045 4866; x_wconf 88' lang='lat' dir='ltr'><strong>qui</strong></span> <span class='ocrx_word' id='word_1_399' title='bbox 1073 4796 1264 4861; x_wconf 89' lang='lat' dir='ltr'><strong>etiam,</strong></span> <span class='ocrx_word' id='word_1_400' title='bbox 1296 4805 1357 4851; x_wconf 90' lang='lat' dir='ltr'><strong>ut</strong></span> <span class='ocrx_word' id='word_1_401' title='bbox 1389 4784 1515 4869; x_wconf 78' lang='lat' dir='ltr'><strong>ipse</strong></span> <span class='ocrx_word' id='word_1_402' title='bbox 1566 4798 1795 4865; x_wconf 89' lang='lat' dir='ltr'><strong>fatetur,</strong></span> <span class='ocrx_word' id='word_1_403' title='bbox 1827 4802 1895 4855; x_wconf 87' lang='lat' dir='ltr'><strong>ad</strong></span> <span class='ocrx_word' id='word_1_404' title='bbox 1920 4817 2187 4858; x_wconf 87' lang='lat' dir='ltr'><strong>nauseam</strong></span> <span class='ocrx_word' id='word_1_405' title='bbox 2222 4819 2401 4874; x_wconf 88' lang='lat' dir='ltr'><strong>usque</strong></span> <span class='ocrx_word' id='word_1_406' title='bbox 2432 4804 2551 4859; x_wconf 70' lang='lat' dir='ltr'><strong>haec</strong></span> <span class='ocrx_word' id='word_1_407' title='bbox 2582 4805 2832 4875; x_wconf 86' lang='lat' dir='ltr'><strong>undique</strong></span> <span class='ocrx_word' id='word_1_408' title='bbox 2865 4805 3126 4859; x_wconf 88' lang='lat' dir='ltr'><strong>corrasit.</strong></span> <span class='ocrx_word' id='word_1_409' title='bbox 3167 4804 3523 4876; x_wconf 83' lang='lat' dir='ltr'><strong>Quapropter</strong></span> 
     </span>
    </p>
   </div>
   <div class='ocr_carea' id='block_1_36' title="bbox 198 4890 3522 4966">
    <p class='ocr_par' dir='ltr' id='par_1_36' title="bbox 198 4890 3522 4966">
     <span class='ocr_line' id='line_1_36' title="bbox 198 4890 3522 4966; baseline 0.004 -23"><span class='ocrx_word' id='word_1_410' title='bbox 198 4904 285 4946; x_wconf 88' lang='lat' dir='ltr'><strong>me</strong></span> <span class='ocrx_word' id='word_1_411' title='bbox 316 4890 414 4945; x_wconf 87' lang='lat' dir='ltr'><strong>diu</strong></span> <span class='ocrx_word' id='word_1_412' title='bbox 466 4890 693 4947; x_wconf 67' lang='lat' dir='ltr'><strong>haesisse</strong></span> <span class='ocrx_word' id='word_1_413' title='bbox 738 4892 937 4959; x_wconf 88' lang='lat' dir='ltr'><strong>fateor,</strong></span> <span class='ocrx_word' id='word_1_414' title='bbox 970 4908 1040 4949; x_wconf 91' lang='lat' dir='ltr'><strong>an</strong></span> <span class='ocrx_word' id='word_1_415' title='bbox 1076 4895 1297 4966; x_wconf 88' lang='lat' dir='ltr'><strong>eclogas</strong></span> <span class='ocrx_word' id='word_1_416' title='bbox 1342 4896 1468 4952; x_wconf 91' lang='lat' dir='ltr'><strong>illas</strong></span> <span class='ocrx_word' id='word_1_417' title='bbox 1509 4897 1701 4953; x_wconf 88' lang='lat' dir='ltr'><strong>darem</strong></span> <span class='ocrx_word' id='word_1_418' title='bbox 1748 4909 1810 4953; x_wconf 89' lang='lat' dir='ltr'><strong>ut</strong></span> <span class='ocrx_word' id='word_1_419' title='bbox 1847 4901 1903 4955; x_wconf 90' lang='lat' dir='ltr'><strong>in</strong></span> <span class='ocrx_word' id='word_1_420' title='bbox 1943 4900 2265 4957; x_wconf 78' lang='lat' dir='ltr'><strong>Morelliana</strong></span> <span class='ocrx_word' id='word_1_421' title='bbox 2304 4900 2553 4957; x_wconf 90' lang='lat' dir='ltr'><strong>editione</strong></span> <span class='ocrx_word' id='word_1_422' title='bbox 2596 4902 2878 4957; x_wconf 84' lang='lat' dir='ltr'><strong>habentur</strong></span> <span class='ocrx_word' id='word_1_423' title='bbox 2916 4902 2981 4958; x_wconf 81' lang='grc'>51</span> <span class='ocrx_word' id='word_1_424' title='bbox 3024 4915 3281 4960; x_wconf 88' lang='lat' dir='ltr'><strong>numero.</strong></span> <span class='ocrx_word' id='word_1_425' title='bbox 3333 4900 3522 4956; x_wconf 89' lang='lat' dir='ltr'><strong>missis</strong></span> 
     </span>
    </p>
   </div>
   <div class='ocr_carea' id='block_1_37' title="bbox 197 4983 3518 5069">
    <p class='ocr_par' dir='ltr' id='par_1_37' title="bbox 197 4983 3518 5069">
     <span class='ocr_line' id='line_1_37' title="bbox 197 4983 3518 5069; baseline 0.004 -29"><span class='ocrx_word' id='word_1_426' title='bbox 197 4983 521 5051; x_wconf 87' lang='lat' dir='ltr'><strong>Savilianis,</strong></span> <span class='ocrx_word' id='word_1_427' title='bbox 555 5000 681 5057; x_wconf 70' lang='lat' dir='ltr'><strong>quae</strong></span> <span class='ocrx_word' id='word_1_428' title='bbox 721 4987 790 5044; x_wconf 77' lang='grc'>48</span> <span class='ocrx_word' id='word_1_429' title='bbox 826 5002 1124 5043; x_wconf 89' lang='lat' dir='ltr'><strong>numerum</strong></span> <span class='ocrx_word' id='word_1_430' title='bbox 1169 4991 1475 5060; x_wconf 88' lang='lat' dir='ltr'><strong>complent.</strong></span> <span class='ocrx_word' id='word_1_431' title='bbox 1513 4992 1742 5052; x_wconf 77' lang='lat' dir='ltr'><strong>Verum.</strong></span> <span class='ocrx_word' id='word_1_432' title='bbox 1777 5009 1835 5049; x_wconf 90' lang='lat' dir='ltr'><strong>re</strong></span> <span class='ocrx_word' id='word_1_433' title='bbox 1880 4995 2157 5051; x_wconf 85' lang='lat' dir='ltr'><strong>maturius</strong></span> <span class='ocrx_word' id='word_1_434' title='bbox 2189 5010 2489 5066; x_wconf 88' lang='lat' dir='ltr'><strong>perpensa,</strong></span> <span class='ocrx_word' id='word_1_435' title='bbox 2530 4995 2841 5052; x_wconf 84' lang='lat' dir='ltr'><strong>Savilianas</strong></span> <span class='ocrx_word' id='word_1_436' title='bbox 2872 4997 2995 5053; x_wconf 87' lang='lat' dir='ltr'><strong>illas</strong></span> <span class='ocrx_word' id='word_1_437' title='bbox 3043 4996 3265 5069; x_wconf 87' lang='lat' dir='ltr'><strong>eclogas</strong></span> <span class='ocrx_word' id='word_1_438' title='bbox 3303 5014 3427 5068; x_wconf 73' lang='lat' dir='ltr'><strong>quae</strong></span> <span class='ocrx_word' id='word_1_439' title='bbox 3463 4998 3518 5054; x_wconf 91' lang='lat' dir='ltr'><strong>in</strong></span> 
     </span>
    </p>
   </div>
   <div class='ocr_carea' id='block_1_38' title="bbox 198 5076 3517 5163">
    <p class='ocr_par' dir='ltr' id='par_1_38' title="bbox 198 5076 3517 5163">
     <span class='ocr_line' id='line_1_38' title="bbox 198 5076 3517 5163; baseline 0.004 -31"><span class='ocrx_word' id='word_1_440' title='bbox 198 5076 521 5133; x_wconf 82' lang='lat' dir='ltr'><strong>Iforelliana</strong></span> <span class='ocrx_word' id='word_1_441' title='bbox 570 5094 682 5134; x_wconf 89' lang='lat' dir='ltr'><strong>non</strong></span> <span class='ocrx_word' id='word_1_442' title='bbox 732 5090 1075 5153; x_wconf 85' lang='lat' dir='ltr'><strong>comparent,</strong></span> <span class='ocrx_word' id='word_1_443' title='bbox 1114 5082 1359 5155; x_wconf 83' lang='lat' dir='ltr'><strong>adjicere</strong></span> <span class='ocrx_word' id='word_1_444' title='bbox 1400 5086 1581 5141; x_wconf 78' lang='lat' dir='ltr'><strong>visum</strong></span> <span class='ocrx_word' id='word_1_445' title='bbox 1621 5087 1747 5153; x_wconf 88' lang='lat' dir='ltr'><strong>fuit,</strong></span> <span class='ocrx_word' id='word_1_446' title='bbox 1797 5104 1866 5144; x_wconf 92' lang='lat' dir='ltr'><strong>ne</strong></span> <span class='ocrx_word' id='word_1_447' title='bbox 1912 5089 2048 5159; x_wconf 90' lang='lat' dir='ltr'><strong>quid</strong></span> <span class='ocrx_word' id='word_1_448' title='bbox 2102 5090 2158 5145; x_wconf 94' lang='lat' dir='ltr'><strong>in</strong></span> <span class='ocrx_word' id='word_1_449' title='bbox 2196 5090 2306 5156; x_wconf 84' lang='lat' dir='ltr'><strong>his,</strong></span> <span class='ocrx_word' id='word_1_450' title='bbox 2360 5091 2754 5163; x_wconf 86' lang='lat' dir='ltr'><strong>qualecunque</strong></span> <span class='ocrx_word' id='word_1_451' title='bbox 2787 5092 3010 5147; x_wconf 88' lang='lat' dir='ltr'><strong>tandem</strong></span> <span class='ocrx_word' id='word_1_452' title='bbox 3055 5091 3151 5158; x_wconf 87' lang='lat' dir='ltr'><strong>sit,</strong></span> <span class='ocrx_word' id='word_1_453' title='bbox 3204 5090 3517 5147; x_wconf 87' lang='lat' dir='ltr'><strong>desiderari</strong></span> 
     </span>
    </p>
   </div>
   <div class='ocr_carea' id='block_1_39' title="bbox 195 5177 502 5234">
    <p class='ocr_par' dir='ltr' id='par_1_39' title="bbox 195 5177 502 5234">
     <span class='ocr_line' id='line_1_39' title="bbox 195 5177 502 5234; baseline 0 -2"><span class='ocrx_word' id='word_1_454' title='bbox 195 5177 502 5234; x_wconf 65' lang='lat' dir='ltr'><strong>Videretur.</strong></span> 
     </span>
    </p>
   </div>
   <div class='ocr_carea' id='block_1_40' title="bbox 263 5294 3514 5387">
    <p class='ocr_par' dir='ltr' id='par_1_40' title="bbox 263 5294 3514 5387">
     <span class='ocr_line' id='line_1_40' title="bbox 263 5294 3514 5387; baseline 0.006 -35"><span class='ocrx_word' id='word_1_455' title='bbox 263 5294 419 5370; x_wconf 69' lang='lat'><strong>[429]</strong></span> <span class='ocrx_word' id='word_1_456' title='bbox 461 5298 595 5367; x_wconf 69' lang='lat' dir='ltr'><strong>Quze</strong></span> <span class='ocrx_word' id='word_1_457' title='bbox 630 5303 688 5357; x_wconf 89' lang='lat' dir='ltr'><strong>in</strong></span> <span class='ocrx_word' id='word_1_458' title='bbox 717 5304 1041 5361; x_wconf 79' lang='lat' dir='ltr'><strong>Morelliana</strong></span> <span class='ocrx_word' id='word_1_459' title='bbox 1070 5305 1340 5372; x_wconf 88' lang='lat' dir='ltr'><strong>editione,</strong></span> <span class='ocrx_word' id='word_1_460' title='bbox 1372 5320 1607 5365; x_wconf 90' lang='lat' dir='ltr'><strong>curante</strong></span> <span class='ocrx_word' id='word_1_461' title='bbox 1645 5310 1926 5365; x_wconf 83' lang='lat' dir='ltr'><strong>Frontone</strong></span> <span class='ocrx_word' id='word_1_462' title='bbox 1952 5312 2175 5379; x_wconf 74' lang='lat' dir='ltr'><strong>Dnczeo,</strong></span> <span class='ocrx_word' id='word_1_463' title='bbox 2203 5313 2423 5368; x_wconf 77' lang='lat' dir='ltr'><strong>emissa:</strong></span> <span class='ocrx_word' id='word_1_464' title='bbox 2466 5324 2595 5369; x_wconf 89' lang='lat' dir='ltr'><strong>sunt</strong></span> <span class='ocrx_word' id='word_1_465' title='bbox 2626 5318 2852 5387; x_wconf 69' lang='lat' dir='ltr'><strong>cclogm,</strong></span> <span class='ocrx_word' id='word_1_466' title='bbox 2878 5332 2908 5370; x_wconf 91' lang='lat' dir='ltr'><strong>a</strong></span> <span class='ocrx_word' id='word_1_467' title='bbox 2941 5315 3267 5372; x_wconf 82' lang='lat' dir='ltr'><strong>Balthasare</strong></span> <span class='ocrx_word' id='word_1_468' title='bbox 3302 5315 3514 5371; x_wconf 83' lang='lat' dir='ltr'><strong>Etzelio</strong></span> 
     </span>
    </p>
   </div>
   <div class='ocr_carea' id='block_1_41' title="bbox 185 5388 3513 5484">
    <p class='ocr_par' dir='ltr' id='par_1_41' title="bbox 185 5388 3513 5484">
     <span class='ocr_line' id='line_1_41' title="bbox 185 5388 3513 5484; baseline 0.006 -37"><span class='ocrx_word' id='word_1_469' title='bbox 185 5388 481 5449; x_wconf 82' lang='lat' dir='ltr'><strong>Bremensl</strong></span> <span class='ocrx_word' id='word_1_470' title='bbox 530 5411 562 5451; x_wconf 92' lang='lat' dir='ltr'><strong>e</strong></span> <span class='ocrx_word' id='word_1_471' title='bbox 602 5398 868 5455; x_wconf 86' lang='lat' dir='ltr'><strong>societate</strong></span> <span class='ocrx_word' id='word_1_472' title='bbox 910 5400 1039 5456; x_wconf 86' lang='lat' dir='ltr'><strong>Jesu</strong></span> <span class='ocrx_word' id='word_1_473' title='bbox 1096 5403 1243 5473; x_wconf 91' lang='lat' dir='ltr'><strong>typis</strong></span> <span class='ocrx_word' id='word_1_474' title='bbox 1286 5403 1427 5459; x_wconf 69' lang='lat' dir='ltr'><strong>datae</strong></span> <span class='ocrx_word' id='word_1_475' title='bbox 1490 5404 1714 5461; x_wconf 85' lang='lat' dir='ltr'><strong>fuerant</strong></span> <span class='ocrx_word' id='word_1_476' title='bbox 1762 5408 2081 5479; x_wconf 65' lang='lat' dir='ltr'><strong>Moguntiaa.</strong></span> <span class='ocrx_word' id='word_1_477' title='bbox 2144 5426 2270 5466; x_wconf 89' lang='lat' dir='ltr'><strong>cum</strong></span> <span class='ocrx_word' id='word_1_478' title='bbox 2322 5388 2790 5479; x_wconf 84' lang='lat' dir='ltr'><strong>interpretatione</strong></span> <span class='ocrx_word' id='word_1_479' title='bbox 2833 5412 3030 5469; x_wconf 89' lang='lat' dir='ltr'><strong>Latina</strong></span> <span class='ocrx_word' id='word_1_480' title='bbox 3088 5429 3210 5480; x_wconf 87' lang='lat' dir='ltr'><strong>sua,</strong></span> <span class='ocrx_word' id='word_1_481' title='bbox 3261 5414 3513 5484; x_wconf 80' lang='lat' dir='ltr'><strong>exceptis</strong></span> 
     </span>
    </p>
   </div>
   <div class='ocr_carea' id='block_1_42' title="bbox 195 5484 3510 5573">
    <p class='ocr_par' dir='ltr' id='par_1_42' title="bbox 195 5484 3510 5573">
     <span class='ocr_line' id='line_1_42' title="bbox 195 5484 3510 5573; baseline 0.006 -34"><span class='ocrx_word' id='word_1_482' title='bbox 195 5484 530 5556; x_wconf 80' lang='lat' dir='ltr'><strong>quibusdam</strong></span> <span class='ocrx_word' id='word_1_483' title='bbox 576 5504 700 5559; x_wconf 68' lang='lat' dir='ltr'><strong>qua:</strong></span> <span class='ocrx_word' id='word_1_484' title='bbox 735 5506 766 5546; x_wconf 89' lang='lat' dir='ltr'><strong>a</strong></span> <span class='ocrx_word' id='word_1_485' title='bbox 812 5492 1071 5549; x_wconf 81' lang='lat' dir='ltr'><strong>Matthaeo</strong></span> <span class='ocrx_word' id='word_1_486' title='bbox 1108 5492 1377 5551; x_wconf 88' lang='lat' dir='ltr'><strong>Cromero</strong></span> <span class='ocrx_word' id='word_1_487' title='bbox 1414 5506 1472 5553; x_wconf 90' lang='lat' dir='ltr'><strong>et</strong></span> <span class='ocrx_word' id='word_1_488' title='bbox 1513 5515 1543 5553; x_wconf 88' lang='lat' dir='ltr'><strong>a</strong></span> <span class='ocrx_word' id='word_1_489' title='bbox 1605 5499 1773 5556; x_wconf 63' lang='lat' dir='ltr'><strong>Laelio</strong></span> <span class='ocrx_word' id='word_1_490' title='bbox 1822 5502 2104 5559; x_wconf 86' lang='lat' dir='ltr'><strong>Tifernate</strong></span> <span class='ocrx_word' id='word_1_491' title='bbox 2156 5519 2303 5559; x_wconf 83' lang='lat' dir='ltr'><strong>cusae</strong></span> <span class='ocrx_word' id='word_1_492' title='bbox 2337 5517 2393 5559; x_wconf 84' lang='lat' dir='ltr'><strong>et</strong></span> <span class='ocrx_word' id='word_1_493' title='bbox 2431 5503 2627 5561; x_wconf 89' lang='lat' dir='ltr'><strong>Latine</strong></span> <span class='ocrx_word' id='word_1_494' title='bbox 2678 5520 2960 5562; x_wconf 74' lang='lat' dir='ltr'><strong>conversae</strong></span> <span class='ocrx_word' id='word_1_495' title='bbox 3003 5506 3247 5573; x_wconf 85' lang='lat' dir='ltr'><strong>fuerant,</strong></span> <span class='ocrx_word' id='word_1_496' title='bbox 3294 5515 3358 5563; x_wconf 88' lang='lat' dir='ltr'><strong>ut</strong></span> <span class='ocrx_word' id='word_1_497' title='bbox 3406 5522 3510 5565; x_wconf 83' lang='lat' dir='ltr'><strong>suo</strong></span> 
     </span>
    </p>
   </div>
   <div class='ocr_carea' id='block_1_43' title="bbox 197 5573 3506 5677">
    <p class='ocr_par' dir='ltr' id='par_1_43' title="bbox 197 5573 3506 5677">
     <span class='ocr_line' id='line_1_43' title="bbox 197 5573 3506 5677; baseline 0.009 -45"><span class='ocrx_word' id='word_1_498' title='bbox 197 5573 316 5677; x_wconf 64' lang='lat' dir='ltr'><strong>loco</strong></span> <span class='ocrx_word' id='word_1_499' title='bbox 353 5580 731 5677; x_wconf 71' lang='lat' dir='ltr'><strong>mouebimus.</strong></span> <span class='ocrx_word' id='word_1_500' title='bbox 785 5585 993 5663; x_wconf 81' lang='lat' dir='ltr'><strong>Harum</strong></span> <span class='ocrx_word' id='word_1_501' title='bbox 1030 5588 1348 5659; x_wconf 84' lang='lat' dir='ltr'><strong>eclogarum</strong></span> <span class='ocrx_word' id='word_1_502' title='bbox 1389 5595 1902 5651; x_wconf 80' lang='lat' dir='ltr'><strong>consarcinatorem</strong></span> <span class='ocrx_word' id='word_1_503' title='bbox 1942 5597 2116 5653; x_wconf 83' lang='lat' dir='ltr'><strong>fuisse</strong></span> <span class='ocrx_word' id='word_1_504' title='bbox 2161 5598 2359 5654; x_wconf 89' lang='lat' dir='ltr'><strong>dicunt</strong></span> <span class='ocrx_word' id='word_1_505' title='bbox 2393 5600 2751 5657; x_wconf 87' lang='lat' dir='ltr'><strong>Theodorum</strong></span> <span class='ocrx_word' id='word_1_506' title='bbox 2789 5606 3140 5677; x_wconf 83' lang='lat' dir='ltr'><strong>magistrum,</strong></span> <span class='ocrx_word' id='word_1_507' title='bbox 3194 5616 3256 5665; x_wconf 85' lang='lat' dir='ltr'><strong>ut</strong></span> <span class='ocrx_word' id='word_1_508' title='bbox 3311 5606 3366 5663; x_wconf 89' lang='lat' dir='ltr'><strong>in</strong></span> <span class='ocrx_word' id='word_1_509' title='bbox 3408 5621 3506 5665; x_wconf 88' lang='lat' dir='ltr'><strong>co-</strong></span> 
     </span>
    </p>
   </div>
   <div class='ocr_carea' id='block_1_44' title="bbox 195 5670 3504 5773">
    <p class='ocr_par' dir='ltr' id='par_1_44' title="bbox 195 5670 3504 5773">
     <span class='ocr_line' id='line_1_44' title="bbox 195 5670 3504 5773; baseline 0.011 -48"><span class='ocrx_word' id='word_1_510' title='bbox 195 5670 314 5726; x_wconf 71' lang='lat' dir='ltr'><strong>dice.</strong></span> <span class='ocrx_word' id='word_1_511' title='bbox 366 5674 633 5734; x_wconf 82' lang='lat' dir='ltr'><strong>Vaticano</strong></span> <span class='ocrx_word' id='word_1_512' title='bbox 678 5681 876 5751; x_wconf 84' lang='lat' dir='ltr'><strong>fertur,</strong></span> <span class='ocrx_word' id='word_1_513' title='bbox 922 5683 1014 5752; x_wconf 85' lang='lat' dir='ltr'><strong>qui</strong></span> <span class='ocrx_word' id='word_1_514' title='bbox 1055 5684 1223 5740; x_wconf 86' lang='lat' dir='ltr'><strong>etiam</strong></span> <span class='ocrx_word' id='word_1_515' title='bbox 1263 5686 1596 5744; x_wconf 85' lang='lat' dir='ltr'><strong>Theodorus</strong></span> <span class='ocrx_word' id='word_1_516' title='bbox 1631 5692 2022 5767; x_wconf 76' lang='lat' dir='ltr'><strong>Daplmopates</strong></span> <span class='ocrx_word' id='word_1_517' title='bbox 2058 5696 2385 5757; x_wconf 84' lang='lat' dir='ltr'><strong>vocabatur.</strong></span> <span class='ocrx_word' id='word_1_518' title='bbox 2420 5706 2482 5754; x_wconf 92' lang='lat' dir='ltr'><strong>ut</strong></span> <span class='ocrx_word' id='word_1_519' title='bbox 2517 5698 2710 5757; x_wconf 85' lang='lat' dir='ltr'><strong>videas</strong></span> <span class='ocrx_word' id='word_1_520' title='bbox 2758 5670 2909 5773; x_wconf 75' lang='lat' dir='ltr'><strong>apud</strong></span> <span class='ocrx_word' id='word_1_521' title='bbox 2954 5701 3314 5759; x_wconf 68' lang='lat' dir='ltr'><strong>Lamb-eciam</strong></span> <span class='ocrx_word' id='word_1_522' title='bbox 3362 5710 3417 5759; x_wconf 87' lang='lat' dir='ltr'><strong>et</strong></span> <span class='ocrx_word' id='word_1_523' title='bbox 3446 5704 3504 5763; x_wconf 73' lang='lat' dir='ltr'><strong>in</strong></span> 
     </span>
    </p>
   </div>
  </div>
