4034 6406
618 315 723 372 ὖὸθ
1387 312 1860 370 ΡΒΕΕΑΤΙΟΙΝ
1902 310 2147 367 ECLOC.
2210 309 2298 364 ET
2341 305 2609 363 FLORlL.
2651 298 3066 373 SEQUENTlA.
3749 284 3856 338 ἔδυ

610 431 1015 502 ΡιιωοκτιψΙιίδ
1062 446 1249 488 nostra
1292 432 1499 498 Graeca,
1544 449 1668 504 pag.
1704 433 1794 489 92.
1831 432 1977 487 Dicit
2026 438 2212 485 autem
2262 426 2504 482 Etzelius
2535 438 2592 477 se
2623 421 2722 474 has
2762 418 2983 487 eclogas
3023 411 3307 512 excepisse
3330 402 3619 512 εξξοάῖοθ

608 532 762 579 tusto
791 494 1156 580 bibliothecae
1198 526 1256 581 S.
1293 494 1494 585 Jacobi
1530 494 1838 599 hfoguntiae.
1868 526 2081 596 Ecloga:
2109 539 2240 580 vero
2269 523 2353 577 hae
2377 521 2446 575 ab
2474 517 2685 573 Etzelio
2713 514 2874 569 edita:
2900 512 2967 565 51
3002 517 3215 601 tantum
3253 502 3512 560 homin“
3541 494 3849 601 οοξηνιθηβ

603 624 665 669 ιιι
709 616 965 673 diximus.
1020 618 1080 672 ln
1128 619 1318 676 codice
1349 620 1646 690 Nicephori
1691 619 1991 674 Botaniatae
2038 632 2203 686 supra
2240 620 2546 669 memorato
2575 609 2644 663 55
2686 606 2980 661 habentur.
3027 599 3501 701 savi-liustautem,
3531 599 3630 660 (ἰαί
3660 600 3849 701 Ml”?

600 715 841 784 undique
910 716 1177 778 corrasit,
1234 716 1597 787 quadraginta
1648 724 1704 771 et
1748 723 1875 770 octo
1928 713 2186 769 homilias
2246 708 2462 773 edidit,
2506 713 2563 760 et
2618 703 2724 758 hoc
2768 700 2823 755 in
2877 697 3029 753 notis
3078 694 3194 749 suis
3233 691 3495 748 Manitum
3553 691 3843 757 Nmis“!

598 817 729 861 tom.
776 806 911 874 Vill,
957 823 1083 879 pag.
1132 807 1255 863 920.

670 963 688 996 ι
730 946 1213 1016 Apanthismatum
1255 963 1518 1003 numerus
1551 948 1607 1002 in
1643 946 2038 1017 manuscriptis
2082 945 2198 1001 fere
2232 944 2324 1009 δε,
2356 944 2447 1009 55,
2480 938 2569 996 vel
2613 939 2704 1004 34,
2733 946 2791 992 et
2816 932 3040 1005 quidem
3082 944 3151 985 ει
3195 923 3403 982 ηοειτίε
3437 922 3508 979 33
3552 918 3845 1023 ιπίοτίδ-ιξε

591 1040 738 1105 (nam
770 1048 987 1105 cetera,
1021 1056 1144 1111 qua:
1188 1049 1520 1110 sequuntur,
1569 1040 1801 1094 alterius
1837 1039 2055 1109 generis
2086 1037 2268 1107 sunt);
2318 1036 2364 1091 si
2411 1034 2601 1089 demas
2639 1031 2695 1097 9,
2745 1030 2807 1084 ll
2838 1036 2905 1123 et
2929 1027 3022 1093 ΞΒ,
3063 1026 3364 1123 supersunt
3411 1020 3842 1123 tantur-acapna

585 1130 656 1185 35
699 1132 1012 1203 eclogarum
1038 1108 1283 1191 nomine
1315 1136 1441 1207 jure
1502 1135 1798 1193 censenda.
1833 1108 2105 1191 Ceterum
2139 1142 2194 1189 et
2218 1133 2311 1187 hic
2339 1130 2585 1200 eclogam
2610 1126 2679 1182 de
2711 1122 3051 1195 virginitate,
3085 1133 3206 1211 qua:
3236 1116 3293 1171 in
3318 1111 3697 1211 manuscripto
3721 1108 3840 1163 Au-

583 1232 816 1291 gustam
859 1224 1133 1293 reperitur
1170 1224 1237 1295 (si
1266 1240 1431 1280 verus
1458 1233 1544 1279 est
1570 1225 1763 1280 titulus
1789 1225 1845 1280 in
1870 1224 2016 1279 libro
2054 1221 2294 1292 XXXIV)
2330 1217 2638 1277 desiderari
2668 1216 2809 1272 sciat
2839 1213 3060 1269 Lector.
3087 1210 3315 1271 Auctor,
3347 1219 3451 1260 seu
3473 1216 3666 1257 verius
3699 1214 3837 1254 cono

582 1314 912 1375 sarcinator.
964 1316 1159 1371 harum
1206 1319 1521 1389 eclogarum
1569 1319 1626 1373 in
1674 1319 1864 1375 codice
1918 1318 2184 1375 Vaticano
2234 1325 2293 1372 et
2342 1316 2595 1371 Palatino
2641 1312 2821 1367 fertur
2857 1308 3184 1364 Theodorus
3241 1302 3536 1403 Magisffl';
3582 1299 3679 1403 διξξ
3707 1297 3837 1403 fere

577 1405 716 1460 nihil
747 1406 797 1461 ei
850 1407 1104 1463 tribuunt
1131 1421 1331 1478 praeter
1374 1411 1695 1466 vicesimam
1740 1411 2027 1481 septimam
2058 1425 2181 1481 qua:
2211 1410 2276 1465 D.
2305 1408 2459 1463 Pauli
2490 1405 2738 1463 continet
2764 1401 3097 1459 encomium.
3131 1398 3306 1453 Porro
3353 1396 3407 1449 in
3450 1394 3557 1496 hac
3584 1390 3837 1496 editione

576 1496 951 1566 Moguntinam
974 1500 1274 1557 editionem
1303 1503 1714 1573 castigavimus,
1769 1513 1825 1559 et
1870 1504 2061 1558 multis
2110 1502 2169 1559 in
2196 1502 2337 1558 locis
2378 1498 2844 1571 locupletavimus
2891 1512 2962 1551 ex
3007 1494 3192 1548 tribus
3238 1485 3633 1557 manuscriptis
3682 1482 3833 1555 (nam

572 1594 629 1646 in
682 1594 943 1659 omnibus
987 1595 1105 1652 fere
1146 1597 1503 1655 bibliothecis
1545 1608 1765 1656 exstant
1812 1600 2119 1672 descriptae)
2154 1603 2246 1656 :l.
2303 1597 2624 1662 Oxoniensi,
2674 1595 2734 1671 2.
2780 1590 3144 1655 Londinensi,
3192 1597 3250 1645 et
3297 1586 3351 1642 3.
3385 1586 3442 1641 in
3488 1582 3833 1639 bibliotheca

570 1703 715 1744 mea.
758 1690 974 1747 Titulos
1016 1693 1418 1763 particularum
1448 1696 1575 1751 sive
1608 1696 1941 1763 sectionum,
1986 1696 2082 1765 qui
2135 1704 2197 1752 ut
2239 1696 2541 1767 plurimum
2581 1693 2639 1747 in
2686 1688 3007 1761 Moguntina
3035 1684 3284 1755 corrupti
3320 1687 3501 1747 erant.
3535 1695 3605 1735 ει
3633 1692 3833 1733 manu‘

568 1784 794 1854 scriptis
831 1786 996 1853 aliis,
1058 1790 1368 1859 prasertim
1413 1790 1736 1859 Oxoniensi,
1793 1794 1951 1862 cujus
1996 1793 2161 1848 nobis
2208 1791 2347 1849 fides
2394 1789 2751 1861 exploratior,
2802 1794 2860 1842 et
2912 1783 3211 1855 smpissime
3261 1779 3532 1836 consultis
3575 1775 3831 1833 fontibus

566 1878 1006 1936 omendavimus.
1054 1881 1131 1938 De
1165 1881 1465 1940 Oxoniensi
1514 1885 1706 1942 codice
1754 1885 2186 1953 observandum,
2228 1886 2381 1941 illum
2416 1900 2447 1940 a
2488 1881 2722 1951 reliquis
2764 1894 2904 1952 quos
2944 1877 3186 1933 vidimus
3226 1874 3487 1930 omnibus
3517 1869 3827 1940 plurimum

563 1972 927 2045 discrepasse.
975 1978 1035 2033 In
1066 1977 1161 2034 illo
1190 1981 1338 2036 enim
1382 1982 1560 2051 capita
1594 1982 1811 2049 eadem,
1848 1983 2165 2053 eademque
2202 1983 2490 2053 particulae
2518 1978 2782 2043 collecta,
2816 1983 2873 2031 at
2911 1974 3066 2029 nullo
3097 1971 3315 2032 ordine,
3346 1968 3498 2023 nulla
3534 1962 3821 2018 methodo.

566 2064 725 2123 Unde
773 2085 972 2130 omnes
1012 2078 1300 2147 particulae
1346 2080 1590 2148 illativae,
1632 2081 1831 2147 τοίνυν,
1880 2082 1996 2148 καί,
2046 2080 2159 2151 βούί

2277 2079 2493 2152 μαθεῖν,
2533 2079 2784 2149 aliaeque,
2834 2091 2958 2147 quae
2998 2073 3158 2144 quasi
3200 2068 3453 2127 caementi
3493 2065 3615 2124 vice
3665 2071 3823 2124 sunt,

561 2158 840 2259 sberant:
895 2175 956 2221 ut
1002 2167 1059 2222 in
1104 2169 1210 2225 hoc
1249 2171 1444 2229 codice
1492 2182 1755 2246 congesta
1802 2173 2056 2240 materia,
2116 2173 2174 2229 in
2226 2172 2459 2242 reliquis
2512 2171 2726 2243 digesta
2772 2169 3053 2224 videatur.
3101 2164 3234 2231 Qua?
3283 2167 3596 2259 δείιιιυηιξπ
3633 2154 3732 2259 :58'
3772 2167 3821 2259 ,θ

558 2252 895 2349 bibliotheca
943 2265 1092 2333 regis
1139 2265 1424 2323 Gallorum
1460 2278 1612 2336 sunt,
1665 2272 1913 2340 exceptis
1972 2271 2191 2327 duabus
2242 2270 2477 2335 ultimis,
2524 2284 2680 2338 quae,
2722 2274 2785 2322 ut
2828 2275 2884 2321 et
2932 2264 3034 2329 28,
3079 2277 3144 2319 ex
3200 2257 3371 2315 Sladii
3431 2253 3559 2349 mei!
3602 2249 3822 2349 ch'artis

557 2346 953 2408 Orientalibus.
1006 2355 1127 2411 Non
1177 2373 1299 2414 sum
1349 2360 1573 2416 nescius
1618 2362 1860 2432 plurima
1910 2363 1968 2417 in
2016 2363 2105 2418 his
2146 2362 2351 2433 eclogis
2402 2359 2684 2417 emendari
2728 2373 2913 2429 posse,
2954 2372 2985 2411 e
3034 2353 3302 2416 fontibus,
3364 2349 3411 2416 si
3467 2346 3596 2417 quis
3643 2346 3823 2401 vehas

555 2460 749 2506 omnes
788 2459 1198 2521 perserutetur;
1258 2456 1395 2526 quin
1450 2465 1507 2512 et
1550 2457 1734 2514 fontes
1800 2460 1950 2529 ipsos
2004 2474 2070 2514 ex
2117 2458 2205 2514 his
2252 2457 2469 2515 'rivulis
2522 2469 2921 2524 nonnunquam
2984 2449 3208 2522 purgari
3259 2448 3530 2519 potuisse,
3586 2443 3633 2498 si
3688 2441 3820 2513 quis

555 2538 731 2593 otium
775 2548 835 2595 et
878 2542 1149 2616 integram
1199 2557 1413 2604 atatem
1448 2550 1718 2607 afferret:
1755 2554 1921 2622 quam
1969 2553 2205 2623 palmam
2240 2552 2496 2615 aliorum,
2548 2550 2643 2620 qui
2697 2558 2821 2619 post
2864 2563 2963 2602 nos
3018 2552 3204 2609 erunt,
3247 2540 3531 2599 induser
3576 2538 3817 2607 diligen-

561 2630 755 2699 tiaeque
778 2634 1174 2705 relinquimus;
1211 2640 1266 2694 in
1304 2642 1499 2698 harum
1528 2644 1939 2711 emendatione,
1974 2653 2252 2716 quatenus
2282 2660 2313 2699 a
2340 2645 2503 2701 nobis
2523 2643 2809 2699 commode
2836 2641 2957 2696 fieri
2989 2638 3188 2709 potuit,
3219 2650 3445 2706 operam
3473 2631 3814 2686 mediocrem

554 2723 806 2789 posuisse
854 2732 1129 2786 contenti.
1173 2732 1542 2792 Grammatica
1588 2739 1912 2811 sphalmata,
1958 2739 2167 2809 ubique
2215 2738 2509 2794 sustulisse
2554 2751 2670 2791 non
2712 2738 2833 2790 erat
2879 2749 3047 2799 cura,
3090 2747 3160 2786 ne
3206 2730 3496 2784 videamur
3543 2725 3695 2779 illam
3751 2724 3812 2778 in

548 2816 780 2876 edendis
824 2822 1149 2895 fragmentis
1178 2828 1299 2885 istis
1327 2831 1668 2903 diligentiam
1707 2843 1991 2905 praestare,
2029 2851 2194 2905 quam
2226 2841 2422 2899 auctor
2459 2832 2577 2902 ipse
2611 2832 2667 2885 in
2698 2829 3023 2900 colligendis
3057 2843 3168 2881 non
3197 2824 3421 2880 videtur
3455 2818 3806 2891 praestitissr.

546 2907 659 2964 Nec
700 2915 848 2968 enim
878 2917 1096 2973 edimus
1135 2922 1317 2992 qualia
1361 2922 1620 2980 formavit
1643 2924 2085 2998 Chrysostomus,
2122 2925 2219 2980 sed
2245 2924 2426 2994 qualia
2465 2920 2793 2977 deformavit
2834 2920 3065 2990 supinus
3121 2926 3179 2974 et
3220 2917 3465 2972 oscitans
3498 2911 3809 2967 mutilator.

546 3005 857 3063 Soltecismi
892 3012 1039 3066 enim
1070 3025 1371 3071 occurrunt
1405 3032 1515 3071 non
1562 3018 1745 3086 pauci,
1808 3019 1959 3089 iique
1993 3028 2144 3074 tanto
2174 3018 2429 3072 codicum
2466 3030 2737 3071 consensu
2772 3011 3106 3076 confirmati,
3150 3019 3211 3065 ut
3261 3025 3373 3065 non
3420 3005 3806 3067 librariorum,

555 3098 651 3153 sed
686 3099 865 3169 ipsius
901 3108 1141 3162 auctoris
1162 3108 1299 3165 vitio
1320 3112 1519 3166 merito
1542 3112 1833 3166 videantur
1860 3113 2176 3183 contigisse.
2220 3110 2357 3167 Nota
2383 3117 2470 3167 est
2493 3110 2641 3164 enim
2673 3107 3002 3180 posterioris
3024 3107 3204 3161 aetatis
3235 3103 3594 3176 grammatica
3623 3099 3809 3170 qualis

541 3189 711 3248 fuerit
754 3211 767 3247 :
807 3205 905 3252 aut
938 3199 985 3252 si
1033 3200 1122 3256 cui
1162 3203 1407 3258 nondum
1460 3206 1533 3260 sit
1568 3208 1873 3276 explorata,
1906 3207 2079 3271 adeat
2110 3205 2403 3276 Georgium
2461 3202 2895 3259 Alexandrinum
2946 3208 3003 3257 et
3056 3198 3391 3271 biographos
3423 3207 3669 3259 nostros,
3701 3204 3801 3249 aut

540 3284 889 3351 apanthisma
925 3289 1060 3346 illud
1112 3294 1260 3364 quod
1310 3296 1368 3350 in
1407 3296 1514 3351 hoc
1558 3285 1849 3354 volumine
1871 3298 2054 3375 ultimi
2100 3306 2185 3352 est
2232 3306 2349 3351 tum
2398 3297 2528 3361 loci,
2584 3304 2703 3350 tum
2742 3294 2931 3366 pretii.
2988 3294 3359 3360 Quamobrem
3406 3308 3476 3347 ne
3507 3298 3802 3361 exspectet

537 3376 731 3445 lector,
787 3390 847 3436 ut
891 3400 1029 3454 opus
1065 3387 1174 3443 hoc
1210 3405 1241 3444 a
1287 3390 1449 3446 nobis
1493 3395 1799 3457 correctius
1841 3394 2089 3465 prodeat,
2122 3410 2286 3466 quam
2316 3406 2401 3454 est
2430 3397 2499 3452 ab
2539 3398 2658 3468 ipso
2687 3404 2912 3450 auctore
2953 3391 3298 3463 profectum;
3329 3407 3511 3461 neque
3560 3390 3806 3445 miretur

538 3471 713 3527 lector
756 3475 913 3531 citari
965 3479 1057 3535 hic
1102 3485 1382 3541 orationes
1429 3495 1485 3540 et
1534 3495 1799 3545 tractatus
1845 3489 2055 3560 aliquot
2109 3506 2131 3545 a

2207 3490 2349 3546 )obis
2388 3492 2536 3546 inter
2578 3488 3048 3561 ἀμφιϐαλλόμενα,
3098 3503 3193 3545 seu
3240 3488 3408 3542 etiam
3464 3484 3800 3553 νοθευόμενα

536 3568 801 3636 rejectos;
851 3587 975 3627 cum
996 3615 1009 3638 ,
1068 3584 1127 3631 ut
1172 3578 1468 3648 aliquoties
1507 3581 1914 3648 admonuimus,
1940 3597 2049 3638 non
2077 3583 2197 3640 beri
2229 3593 2325 3640 aut
2363 3585 2773 3640 nudiustertius
2818 3586 3047 3641 invecta:
3080 3584 3192 3639 sint
3222 3583 3279 3637 in
3309 3581 3685 3637 bibliothecas
3713 3579 3799 3633 hze

533 3659 805 3716 bonorum
856 3672 1145 3721 auctorum
1190 3670 1583 3737 corruptelae.»

600 3774 670 3828 Et
706 3791 830 3852 pag.
888 3779 992 3838 928
1017 3781 1085 3835 de
1108 3782 1299 3839 decem
1346 3788 1643 3855 postremis
1672 3789 1895 3859 eclogis,
1925 3806 2064 3860 quas
2100 3791 2218 3860 ipse
2243 3806 2367 3845 cum
2400 3792 2525 3845 aliis
2562 3806 2673 3846 non
2713 3791 2907 3861 paucis
2933 3791 3136 3863 adjecit
3174 3791 3409 3861 loquens
3438 3791 3559 3845 haec
3583 3789 3789 3845 habet:

538 3884 556 3915 ι
602 3867 799 3926 Decem
848 3876 1229 3930 oratiunculas
1265 3891 1583 3948 sequentes,
1617 3881 1673 3935 in
1718 3882 1841 3937 aliis
1864 3881 2103 3951 ὲκλογῶν

2201 3885 2474 3951 ναγωγατς
2507 3884 2625 3939 fere
2652 3900 2761 3939 non
2791 3891 3059 3953 repertas,
3089 3883 3344 3939 exhibuit
3386 3881 3550 3937 nobis
3588 3882 3794 3936 biblio-

533 3958 687 4020 theca
736 3962 905 4032 Regia
954 3964 1205 4033 Lutetiae,
1244 3970 1448 4039 quibus
1496 3972 1631 4042 ipsis
1676 3974 1799 4029 sine
1839 3990 2036 4047 magno
2075 3976 2426 4031 incommodo
2453 3992 2641 4033 carere
2670 3978 2943 4047 potuisset
2977 3976 3291 4047 respublica
3329 3976 3625 4040 litteraria,
3666 3990 3790 4047 cum

527 4050 661 4104 alibi
699 4056 927 4113 totidem
959 4061 1166 4127 verbis,
1200 4065 1302 4119 etsi
1349 4082 1459 4121 non
1498 4084 1609 4124 uno
1642 4046 2314 4140 contextu,ireperiantur
2346 4074 2493 4142 apud
2543 4046 2695 4128 hunc
2739 4083 3030 4128 nostrum:
3068 4046 3163 4128 sed
3214 4072 3512 4128 maluimus
3545 4073 3603 4126 in
3635 4046 3789 4145 [4501

492 4130 740 4239 “Partem
792 4164 1023 4217 peccare
1077 4158 1353 4213 tutiorem.
1409 4162 1468 4215 In
1499 4162 1619 4217 istis
1646 4162 1691 4218 si
1734 4180 1842 4233 qua
1873 4165 1927 4219 in
1962 4183 2021 4221 re
2064 4176 2309 4223 erratum
2354 4177 2459 4234 est,
2493 4179 2691 4224 notare
2727 4186 2836 4225 non
2867 4180 2952 4225 est
2976 4172 3157 4223 visum
3191 4170 3348 4225 tanti.
3381 4168 3435 4223 Si
3470 4170 3605 4239 quid
3633 4169 3782 4223 enim

527 4235 584 4288 in
642 4236 764 4295 istis
806 4242 878 4295 sit
919 4245 1067 4313 quod
1111 4244 1398 4305 Lectorem
1434 4253 1662 4319 alliciat,
1704 4258 1953 4311 consulat
1990 4260 2155 4314 modo
2186 4261 2378 4317 titulos
2419 4263 2475 4317 in
2515 4264 2761 4332 margine
2800 4282 2812 4316 :
2847 4264 2913 4318 ad
2957 4264 3049 4317 illa
3106 4262 3371 4317 editionis
3413 4235 3621 4317 nostra:
3668 4262 3787 4315 loca

522 4331 710 4385 statim
758 4336 1092 4404 remittetur,
1141 4341 1236 4395 ubi
1282 4343 1397 4399 lucc
1445 4345 1635 4399 eadem
1678 4346 1973 4403 habiturus
2022 4359 2107 4404 est
2144 4352 2496 4407 correctiora.
2528 4372 2546 4403 ι

595 4450 687 4517 Sic
715 4452 826 4517 ille,
861 4461 923 4509 ut
956 4469 1025 4509 ex
1057 4457 1231 4527 priori
1266 4466 1398 4515 nota
1429 4459 1621 4516 videre
1646 4470 1749 4527 est,
1787 4464 1845 4517 in
1874 4462 1961 4519 his
1989 4466 2314 4537 colligendis
2339 4478 2395 4522 et
2423 4466 2787 4523 emendandis
2825 4469 3053 4525 multam
3086 4469 3344 4525 adhibuit
3377 4486 3565 4526 curam
3602 4479 3658 4526 et
3698 4472 3782 4527 in-

523 4542 810 4607 dustriam,
852 4554 909 4601 et
944 4547 1179 4605 fortasse
1214 4554 1477 4623 majorem
1525 4569 1688 4624 quam
1732 4557 1874 4612 ratio
1924 4567 1981 4615 et
2027 4559 2267 4630 dignitas
2307 4561 2493 4632 operis
2534 4562 2871 4633 postulabat.
2921 4562 3102 4617 Unum
3137 4572 3320 4618 tamen
3362 4572 3449 4619 est
3492 4565 3641 4633 quod
3692 4566 3776 4620 vel

520 4651 633 4689 non
674 4636 934 4702 advertit,
974 4641 1061 4697 vel
1096 4644 1388 4700 admonere
1429 4649 1690 4718 neglexit,
1719 4667 1920 4723 nempe
1964 4653 2318 4711 homiliarum
2348 4673 2471 4727 quae
2495 4673 2565 4713 ex
2595 4657 2913 4727 hujusmodi
2952 4659 3158 4729 eclogis
3192 4661 3588 4715 consarcinata:
3621 4668 3775 4725 sunt,

520 4731 770 4791 ordinem
810 4735 952 4792 mire
999 4736 1279 4795 diversum
1322 4757 1443 4797 esse
1488 4744 1544 4798 in
1591 4748 1982 4819 manuscriptis
2031 4750 2339 4819 codicibus,
2386 4762 2444 4808 et
2472 4770 2601 4809 vere
2637 4753 2820 4822 operis
2852 4754 2994 4810 ratio
3019 4755 3235 4809 nullum
3264 4767 3476 4812 certum
3509 4766 3774 4812 constan-

518 4834 737 4897 temque
778 4829 1031 4885 ordinem
1056 4832 1339 4899 postulare
1367 4836 1609 4891 videtur.
1637 4838 1709 4895 Ut
1738 4850 1923 4896 autem
1954 4841 2070 4897 haec
2105 4846 2344 4899 varietas
2373 4846 2588 4901 ordinis
2615 4846 2810 4902 lectori
2852 4857 3137 4918 perspecta
3167 4849 3258 4915 sit,
3300 4852 3525 4907 ordines
3552 4852 3776 4921 Mogun-

520 4921 621 4975 tini
662 4925 867 4981 codicis
913 4928 1134 4997 quaiem
1179 4940 1403 4985 secutus
1429 4942 1515 4987 est
1546 4934 1813 5003 Etzelius,
1862 4945 1918 4991 et
1946 4936 2237 4994 Savilianaa
2280 4940 2563 5008 editionis,
2616 4958 2833 4998 necnon
2875 4944 3083 4999 codicis
3124 4943 3474 5010 Coisliniani,
3524 4947 3618 5015 qui
3665 4946 3770 5002 fuit

517 5016 814 5088 Nicephori
862 5022 1161 5078 Botaniatae
1191 5025 1565 5095 imperatoris,
1618 5045 1648 5083 e
1688 5032 1910 5101 regione
1939 5035 2218 5102 ponimus,
2252 5046 2309 5091 et
2354 5037 2421 5092 ad
2456 5040 2701 5110 singulos
2732 5039 2921 5096 titulos
2950 5041 3157 5096 codicis
3201 5042 3405 5112 prioris
3435 5044 3767 5112 Moguntini,

518 5122 777 5164 numeros
824 5112 1114 5171 Savilianze
1166 5118 1405 5187 primum
1455 5121 1745 5191 editionis,
1793 5142 1857 5180 ac
1887 5127 2090 5183 deinde
2139 5130 2348 5186 codicis
2386 5130 2707 5187 Coisliniani
2750 5134 3162 5204 subiungimus,

587 5221 722 5322 (lum
775 5242 905 5297 ergo
955 5231 1105 5287 nulla
1156 5235 1425 5305 assignari
1469 5238 1644 5308 possit
1685 5243 1799 5297 veri
1854 5244 2067 5298 ordinis
2109 5245 2269 5311 ratio,
2321 5247 2389 5301 ad
2422 5246 2640 5302 libitum
2691 5259 2895 5319 putans
2944 5265 3030 5305 me
3071 5266 3230 5320 posse
3263 5266 3411 5314 eum,
3465 5252 3560 5320 qui
3596 5254 3765 5322 magis

519 5319 807 5388 arrideret,
857 5324 1109 5381 ordinem
1141 5332 1328 5398 sequi;
1365 5334 1546 5401 primo
1576 5338 1737 5405 posui
1781 5338 2005 5409 triginta
2035 5348 2092 5395 et
2142 5357 2304 5396 unam
2352 5344 2608 5398 homilias
2651 5345 2771 5399 illas
2798 5354 2859 5399 ut
2884 5345 2937 5399 in
2980 5346 3303 5417 Moguntina
3333 5349 3523 5404 codice
3558 5351 3775 5405 haben-

518 5424 627 5479 tur,
675 5434 799 5472 cum
840 5421 1296 5493 interpretatione
1339 5429 1533 5489 Etzelii
1568 5443 1623 5489 et
1674 5435 1909 5491 aliorum
1953 5439 2048 5510 qui
2097 5440 2156 5495 in
2195 5442 2372 5497 titulis
2423 5454 2819 5509 memorantur,
2874 5446 3180 5501 emendatis
3225 5447 3402 5502 titulis
3454 5449 3758 5503 secundum

519 5513 849 5613 _Savilianam
912 5519 1235 5590 editionem,
1287 5528 1673 5601 adjunctisque
1720 5535 1775 5589 in
1820 5536 2151 5605 quibusdam
2202 5540 2447 5595 homiliis
2493 5542 2581 5606 iis,
2624 5558 2746 5611 quas
2793 5543 2846 5596 in
2886 5543 3206 5613 Moguntino
3259 5546 3449 5599 codice
3505 5546 3755 5601 deerant.

517 5610 824 5685 l‘osteaque
856 5630 951 5673 eas
982 5632 1118 5687 quas
1146 5620 1385 5681 Savilius
1420 5629 1504 5684 vel
1535 5631 1951 5690 inserueratvel
1997 5637 2375 5708 subjunxerat,
2406 5640 2863 5711 interpretatione
2890 5610 3078 5697 Latina
3114 5656 3143 5695 a
3176 5656 3263 5696 me
3291 5642 3521 5697 donatas
3548 5644 3755 5707 addidi,
