4034 6422
173 330 266 384 ssi
973 308 1353 381 “murto
1391 328 1461 381 IN
1502 327 1755 382 ECLOG.

1897 328 1905 344 '
1943 328 2222 384 FLORIL.
2265 328 2442 396 SEQU
2456 329 2661 385 ΕΝἸΊΑ
2674 372 2689 385 .
3380 333 3490 388 559

170 455 232 502 ut
274 446 395 517 jam
438 443 509 499 48
550 457 849 499 numerum
884 443 1219 513 compleant.
1257 440 1401 497 illud
1445 442 1613 497 etiam
1666 441 1903 508 tentavi,
1960 442 2111 514 quod
2156 444 2399 500 Savilius
2447 460 2507 500 se
2547 459 2746 499 ausum
2797 460 2911 499 non
2954 444 3127 501 fuisse
3166 446 3489 517 proﬁtetur.

172 548 231 595 ut
266 553 471 609 nempe
505 537 628 593 loca
664 551 897 607 operum
944 536 1329 609 Chrysostomi
1376 537 1444 598 ad
1480 537 1789 609 marginem
1826 537 1897 593 ab
1932 539 2268 610 eclogarum
2320 541 2652 596 auctoribus
2707 549 3014 596 memorata
3050 543 3375 613 reperirent,
3427 552 3483 599 et

171 636 357 691 locum
390 634 487 690 ubi
528 634 588 689 in
634 634 741 690 hac
786 634 1033 689 editione
1084 644 1327 702 exstant,
1386 636 1752 707 assignarem.
1790 636 1863 690 At
1908 646 2206 709 postquam
2246 653 2311 693 ea
2347 639 2403 692 in
2444 654 2505 693 re
2555 654 2668 694 non
2711 655 2909 709 parum
2968 640 3395 704 dosudaveram,
3427 652 3481 697 et

164 736 287 791 loca
321 748 433 790 non
464 746 642 803 pauca
680 731 1090 803 assignaveram
1140 748 1266 802 quae
1298 732 1355 787 in
1400 732 1643 788 decursu
1676 733 1857 788 lector
1886 733 2188 790 observare
2216 736 2448 805 poterit,
2484 734 2858 789 animadverti
2896 751 3015 790 rem
3054 745 3165 789 tam
3190 751 3482 806 operosam

171 843 291 884 esse
336 837 398 883 ut
440 828 531 883 vix
575 826 770 898 perﬁci
819 828 1019 898 possit.
1070 827 1366 896 Quomodo
1415 828 1588 895 enim,
1636 829 1733 885 ubi
1782 829 1840 885 in
1885 831 2139 902 margine
2193 833 2429 898 dicitur,
2465 833 2551 887 Ea:
2600 830 2903 889 Comment.
2946 835 3002 887 in
3054 830 3371 888 Hauhwum
3429 838 3483 888 in

171 924 454 991 loannem,
501 927 559 980 in
612 924 791 997 Epist.
841 926 912 980 ad
964 924 1255 991 Romanos,
1297 927 1368 980 ad
1408 925 1733 993 Corinthios,
1769 928 1842 982 ad
1885 926 2161 995 Hebrwos,
2211 944 2337 984 cum
2388 945 2533 1000 saepe
2572 929 2667 985 vix
2710 944 2819 985 una
2849 929 3120 999 periodus
3151 928 3366 999 integra
3417 944 3484 982 cx

166 1018 267 1075 illo
298 1020 1034 1089 oommentario'aﬂeratur;
1082 1023 1171 1078 vel
1204 1024 1252 1078 si
1304 1024 1499 1094 plures
1540 1022 1758 1094 periodi
1800 1026 1974 1081 variis
2008 1041 2078 1081 ex
2122 1026 2264 1082 locis
2296 1036 2576 1097 excerpta:
2630 1027 2769 1093 sint,
2813 1042 3075 1097 saepeque
3104 1042 3135 1081 a
3161 1026 3481 1090 collectore,

165 1124 227 1171 ut
254 1130 382 1171 cum
421 1116 881 1186 praecedentibus
911 1117 1213 1188 quadrent,
1238 1134 1351 1174 non
1386 1135 1585 1191 parum
1620 1129 1913 1177 mutentur
1942 1139 1957 1176 :
1982 1122 2286 1193 quomodo,
2320 1123 2572 1193 inquam,
2614 1124 2669 1177 in
2712 1132 2821 1178 tam
2846 1123 3047 1194 amplis
3070 1120 3487 1177 commentariis

159 1211 489 1283 huiusmodi
526 1212 837 1284 particulas
868 1213 1195 1283 expisceris,
1239 1223 1299 1271 et
1342 1216 1480 1288 quid
1525 1216 1750 1273 demum
1794 1218 1863 1273 ad
1904 1218 2162 1276 Lectoris
2201 1220 2558 1276 commodum
2613 1220 2850 1277 aﬁ‘erant
2897 1218 3225 1291 huiusmodi
3274 1218 3489 1273 indica-

160 1304 350 1361 tiones
396 1320 524 1375 quae
572 1306 644 1361 ad
688 1314 772 1362 tot
820 1316 878 1362 et
930 1315 1085 1365 tanta
1124 1308 1411 1364 volumina
1460 1310 1739 1383 legentem
1784 1313 2133 1370 amandant?
2163 1313 2518 1385 Quapropter
2545 1314 2616 1369 ab
2655 1314 3006 1371 infructuosa
3053 1312 3244 1369 labore
3291 1325 3486 1382 perse-

156 1398 393 1467 quendo
440 1399 709 1456 abstinui.

235 1513 320 1569 Ex
370 1514 441 1569 iis
481 1528 620 1570 vero
649 1515 915 1571 omnibus
953 1532 1077 1588 quae
1123 1517 1273 1573 dicta
1304 1525 1457 1583 sunt,
1500 1517 1699 1572 inferri
1745 1526 1929 1589 potest
1960 1534 2159 1589 parum
2192 1520 2336 1575 lucri
2377 1536 2444 1577 ex
2474 1519 2675 1576 harum
2721 1520 3043 1592 eclogarum
3075 1519 3319 1575 lectione
3356 1533 3490 1590 per-

158 1609 279 1678 cipi
325 1623 515 1680 posse,
544 1624 673 1665 cum
711 1610 953 1667 maxime
996 1610 1140 1677 loca,
1173 1611 1381 1682 quibus
1423 1611 1532 1668 illae
1568 1611 1978 1669 consarcinatae
2006 1612 2258 1680 fuerunt,
2305 1615 2363 1669 in
2394 1615 2535 1686 ipsis
2563 1614 2951 1687 Chrysostomi
2979 1612 3250 1685 operibus
3282 1622 3342 1668 et
3377 1612 3482 1667 ho-

161 1706 341 1761 miliis
394 1714 453 1761 et
486 1706 720 1777 puriora
750 1707 1166 1778 sincerioraque
1212 1709 1347 1774 sint,
1384 1717 1441 1765 et
1480 1724 1608 1764 cum
1662 1708 2117 1779 precedenlibus
2157 1718 2214 1766 et
2258 1711 2625 1783 sequentibus
2668 1712 2856 1783 aptius
2903 1710 3244 1767 cohaereant.
3294 1708 3489 1766 Unum

164 1799 407 1858 fortasse
438 1801 633 1865 fuerit,
691 1804 750 1859 in
792 1818 905 1874 quo
940 1804 1151 1875 aliquid
1182 1803 1317 1859 boni
1343 1804 1620 1875 expiscari
1644 1804 1866 1876 possis;
1900 1821 1970 1860 ex
2012 1805 2155 1861 locis
2188 1822 2392 1878 nempe
2432 1808 2580 1876 illis,
2610 1824 2736 1879 qua:
2775 1824 2843 1864 ex
2878 1807 3148 1879 operibus
3176 1805 3489 1878 Chysosto—-

164 1899 266 1963 mi,
318 1914 445 1970 qua
477 1898 720 1970 periere.
760 1910 1025 1972 excerpta
1060 1910 1209 1958 sunt.
1251 1901 1460 1957 Verum
1488 1911 1863 1974 praeterquam
1890 1902 2040 1973 quod
2082 1904 2423 1974 paucissima
2462 1905 2557 1960 illa
2602 1905 2725 1961 loca
2762 1916 2915 1973 sunt,
2948 1906 3023 1962 ita
3055 1904 3304 1961 breviter
3337 1901 3480 1958 affe-

163 2000 393 2059 runtur,
436 2001 499 2056 ut
531 1994 627 2048 vix
655 1994 1043 2051 internoscere
1076 1997 1258 2069 possis
1288 2009 1357 2051 ex
1394 1996 1754 2069 germanisne
1785 2011 1857 2050 an
1893 2010 1962 2051 ex
2004 1995 2149 2053 falso
2178 1998 2442 2069 ascriptis
2481 1998 2891 2073 Cbrysostomo
2916 1996 3185 2069 operibus
3218 2004 3479 2065 excerpta

164 2087 400 2150 fuerint.
437 2086 524 2143 Ad
565 2086 687 2142 haec
720 2094 906 2143 autem
958 2087 1153 2144 isthaac
1185 2088 1418 2145 moralia
1462 2088 1716 2159 quaedam
1751 2089 1934 2145 solum
1964 2098 2244 2162 praecepta
2272 2090 2562 2159 exhibent,
2601 2108 2727 2164 quae
2770 2093 2827 2148 in
2876 2100 3029 2148 tanta
3062 2104 3296 2161 operum
3339 2088 3478 2144 silva

160 2185 483 2243 sexcenties
514 2199 550 2240 ι
572 2193 770 2241 sancto
795 2184 1033 2241 Doctore
1081 2193 1435 2257 repetuntur.
1472 2186 1553 2243 Ne
1581 2186 1718 2258 quid
1744 2194 1931 2244 tamen
1962 2188 2274 2249 desiderari
2302 2188 2582 2260 videatur,
2615 2188 3016 2262 amplissimam
3044 2185 3317 2251 omnium,
3353 2198 3483 2255 quas

163 2282 274 2351 iam
313 2283 616 2355 habentur,
662 2285 987 2358 eclogarum
1022 2285 1408 2345 collectionem
1448 2284 1808 2359 proferimus.
