4034 6408
581 313 689 372 867

1281 302 1340 361 S.
1377 299 1662 358 JOANNIS
1697 280 2188 355 CIIBY'SOSTOMI
2228 288 2546 347 AllClllEP.
2587 280 3159 342 CONSTANTINOP.‘

3744 273 3853 329 568

585 537 3857 633 nam

1438 1089 1902 1199 SANCTI
1981 1081 2451 1189 PATRIS
2526 1077 3003 1186 NOSTRI

598 1505 1732 1734 JOANNIS
1840 1486 3856 1723 CHRYSOSTOMI,

1410 2003 2023 2073 ARCHIEPISCOPI
2064 1994 3059 2066 CONSTANTINOPOLITANI,.

1030 2374 1635 2494 ECLOGIE
1725 2375 1917 2489 EX
1998 2364 2656 2489 DIVERSIS
2743 2357 3453 2477 HOMILIIS.

2022 3068 2373 3133 HOMILIA
2415 3066 2466 3128 l.

1202 3464 1278 3519 De
1319 3463 1613 3517 Dilectione.

686 3562 818 3615 Cum
849 3558 1107 3627 benignus
1148 3554 1290 3609 Deus
1331 3562 1511 3607 noster
1537 3564 1725 3605 omnes
1754 3556 1939 3602 mutuo
1979 3543 2199 3600 vinculo

617 3661 935 3706 connectere
964 3648 1158 3711 vellet,
1188 3645 1486 3710 carissimi,
1519 3640 1781 3711 ejusmodi
1826 3638 1988 3693 rebus
2019 3635 2196 3705 impo-

620 3744 728 3798 suit
757 3740 1127 3796 necessitatem
1154 3780 1169 3801 ,
1202 3737 1260 3790 nl
1283 3750 1493 3803 semper
1539 3733 1696 3785 unius
1726 3729 1939 3784 utilitati
1977 3726 2198 3781 alterius

620 3846 829 3903 quoque
850 3829 1268 3885 emolumentum
1292 3825 1633 3894 conjunctum
1658 3829 1805 3875 esset
1828 3819 1922 3888 (a).
1950 3816 2197 3886 Agricola

620 3921 883 3991 siquidem
916 3933 1021 3972 non
1053 3916 1181 3971 illud
1214 3912 1581 3969 tantummodo
1606 3908 2196 3969 seminatfrumentum,

624 4011 765 4083 quod
792 4010 892 4065 sibi
922 4006 1153 4063 sufﬁciat
1180 4022 1194 4060 :
1227 4006 1304 4060 sic
1348 4006 1487 4058 enim
1517 4011 1571 4057 et
1595 4004 1831 4068 seipsum
1866 4006 1919 4053 et
1946 3996 2080 4050 alios
2108 3995 2204 4050 alio

622 4101 836 4173 quando
862 4099 1127 4169 perditum
1155 4097 1257 4151 iret
1290 4112 1302 4149 :
1336 4094 1486 4149 miles
1516 4107 1729 4163 quoque
1758 4104 1861 4143 non
1892 4097 1948 4141 ut
1969 4087 2201 4155 seipsnm

624 4202 925 4253 conservet,
969 4188 1062 4242 sed
1110 4196 1167 4239 ut
1205 4185 1444 4239 civitates
1474 4197 1685 4252 quoque
1718 4181 1769 4233 in
1814 4186 1925 4231 luto
1950 4177 2199 4242 eolloeet,

625 4282 876 4355 periculis
902 4279 1209 4349 exponitur.
1257 4276 1519 4330 Prmterea
1564 4282 1829 4327 mercator
1855 4286 1961 4325 non
1996 4279 2199 4323 tantum

628 4373 887 4428 mercium
912 4371 1081 4426 solum
1108 4375 1373 4438 apportat,
1405 4374 1658 4436 quantum
1698 4364 1796 4417 sibi
1826 4362 1954 4417 satis
1984 4360 2075 4427 sit,
2106 4359 2202 4414 sed

627 4465 787 4518 etiam
827 4460 969 4532 quod
998 4458 1179 4514 multis
1208 4458 1327 4513 aliis
1356 4455 1585 4511 sufﬁciat
1612 4454 1705 4523 (ὸ).
1736 4452 1867 4507 Nam
1895 4467 2017 4507 cum
2046 4451 2205 4503 aliter

629 4555 872 4608 homines
898 4551 1126 4624 proximi
1172 4548 1468 4604 commodis
1498 4546 1712 4601 studere
1739 4544 1940 4599 nollent
1967 4585 1981 4609 ,
2011 4542 2111 4595 nisi
2152 4543 2202 4596 in

630 4642 894 4713 ejusmodi
918 4640 1238 4697 necessitate
1266 4639 1407 4693 Deus
1429 4638 1546 4691 illos
1580 4635 1971 4698 constituisset,
2010 4632 2210 4687 idcirco

635 4734 735 4788 hac
759 4733 967 4787 ratione
993 4743 1270 4793 connexas
1301 4730 1436 4783 inter
1463 4742 1522 4782 se
1549 4740 1636 4781 res
1662 4725 1859 4788 voluit,
1905 4732 1963 4778 ut
2006 4737 2105 4777 nos
2145 4721 2210 4775 ad

634 4823 905 4893 proprium
933 4818 1274 4876 commodum
1306 4817 1607 4887 pertingere
1646 4829 1752 4869 non
1794 4812 2076 4875 concedat,
2112 4810 2215 4866 nisi

632 4928 725 4982 per
748 4913 972 4966 aliorum
995 4912 1334 4981 perreximus
1357 4906 1655 4959 utilitatem.
1682 4904 1789 4959 Nec
1810 4904 1955 4958 enim
1985 4901 2209 4956 salutem

631 5004 884 5072 consequi
918 5011 1091 5073 potest
1130 5002 1217 5071 qui
1254 5000 1356 5055 hoc
1395 5008 1613 5063 careat;
1658 4997 1753 5053 sed
1784 4997 1906 5051 licet
1949 5008 2209 5051 summam

632 5094 854 5149 seeteris
911 5093 1303 5162 philosophiam
1330 5131 1346 5156 ,
1404 5090 1541 5143 alios
1579 5103 1708 5142 vero
1752 5095 2035 5156 pereuntes
2082 5084 2211 5139 nihil

634 5198 812 5248 cures,
848 5182 1047 5236 nullam
1080 5190 1254 5236 tamen
1284 5179 1423 5251 apud
1458 5180 1621 5233 Deum
1656 5177 1899 5231 ﬁduciam
1934 5176 2213 5229 habiturus

634 5288 713 5326 es.
748 5273 808 5327 Si
836 5272 976 5326 enim
1004 5271 1268 5340 facultates
1298 5286 1434 5323 meas
1462 5267 1786 5331 distribucro;
1814 5266 1983 5334 inquit
2004 5264 2214 5319 divinus

629 5360 999 5430 Apostolus,et
1026 5362 1284 5415 tradidero
1314 5378 1495 5430 corpus
1520 5376 1687 5413 meum
1712 5360 1782 5411 ita
1814 5368 1867 5411 ut
1893 5358 2087 5422 ardeat,
2124 5374 2213 5411 ca-

635 5457 833 5508 ritatem
856 5471 970 5508 vero
984 5471 1081 5507 non
1105 5453 1346 5517 habuero,
1367 5452 1495 5505 nihil
1517 5450 1639 5503 mihi
1668 5449 1869 5519 prodest
1887 5450 1966 5517 (1.
1984 5447 2101 5502 Cor.
2124 5449 2211 5502 l5.

634 5566 888 5679 mﬁaLEx
930 5565 1119 5616 bomilia
1153 5578 1252 5615 xxv
1290 5565 1339 5614 in
1370 5562 1632 5627 Epistolam
1667 5564 1711 5613 1.
1748 5563 1805 5613 ad
1837 5562 1943 5615 Cor.
1972 5561 2109 5612 Tom.
2139 5560 2216 5617 lO,

703 5687 777 5751 (ID)
800 5680 923 5738 tum.

2307 3454 2364 3522 3)
2395 3452 2495 3525 (a).
2524 3450 2581 3507 Si
2608 3468 2737 3507 vero
2763 3453 3061 3523 intelligere
3099 3454 3233 3509 velis
3254 3494 3266 3517 ,
3295 3462 3550 3523 quantum
3584 3455 3908 3522 prmaidiunt

2302 3546 2391 3609 sit,
2417 3546 2461 3599 si
2491 3544 2611 3615 quis
2641 3544 2855 3607 fratres,
2888 3545 3013 3600 licet
3043 3545 3241 3615 alioqui
3281 3542 3526 3600 inﬁdeles
3547 3586 3562 3609 ,
3592 3545 3907 3613 amplecta-r

2304 3645 2423 3700 tur;
2455 3636 2497 3688 si
2528 3635 2650 3688 item
2689 3635 2809 3704 quis
2836 3647 3149 3690 mansuetus
3178 3651 3241 3689 ac
3269 3635 3416 3689 mitis
3459 3636 3526 3688 sit
3554 3674 3568 3697 ,
3603 3650 3900 3704 moresque

2304 3740 2501 3780 suaves
2526 3724 2793 3789 OStendat,
2824 3725 2946 3780 audi
2967 3726 3093 3795 quid
3121 3726 3259 3781 idem
3289 3725 3376 3781 hic
3404 3726 3590 3780 beatus
3609 3718 3902 3796 apostOlus

2306 3817 2500 3873 Paulus
2546 3818 2613 3871 ad
2650 3816 2884 3885 judicem
2932 3818 3235 3881 inﬁdelem,
3284 3828 3341 3873 ut
3393 3818 3747 3888 iudicaretur,
3812 3822 3905 3873 in-

2304 3925 2540 3980 gressus,
2564 3910 2705 3965 dicat
2733 3928 2747 3964 :
2777 3910 2991 3965 Beatum
3022 3928 3101 3965 me
3125 3913 3320 3967 testium
3343 3953 3358 3979 ,
3388 3913 3465 3967 ait
3489 3954 3504 3978 ,
3532 3913 3670 3983 quod
3692 3914 3837 3983 apud
3858 3925 3906 3967 te

2298 4004 2615 4073 judicandus
2640 4004 2735 4057 sim
2767 4004 2902 4075 (Act.
2932 4004 3022 4059 26.
3063 4004 3143 4075 2).
3188 4005 3313 4060 Hmc
3352 4020 3484 4061 vero
3534 4020 3640 4060 non
3686 4006 3903 4061 dicebat

2310 4097 2385 4149 illi
2414 4096 2660 4162 adulans,
2708 4098 2881 4163 absit,
2914 4097 3007 4152 sed
3047 4098 3190 4168 quod
3237 4098 3388 4152 illum
3430 4097 3533 4152 hac
3578 4108 3905 4152 mansuetu-

2310 4186 2435 4242 dine
2462 4187 2658 4242 lucrari
2686 4188 2849 4243 vellet
2877 4206 2889 4241 :
2919 4197 3079 4257 atque
3110 4189 3228 4243 ideo
3266 4189 3425 4243 etiam
3469 4188 3620 4243 illum
3654 4202 3722 4242 ex
3752 4197 3909 4257 parte

2312 4276 2543 4331 lucratus
2571 4287 2672 4341 est,
2704 4287 2761 4331 et
2786 4278 3019 4348 judicem
3048 4281 3210 4348 cepit,
3236 4279 3325 4348 qui
3350 4293 3589 4348 eousque
3614 4279 3907 4334 damnatus

2312 4384 2431 4423 esse
2461 4370 2773 4439 putabatur:
2798 4385 2953 4439 quam
2987 4370 3263 4424 victoriam
3294 4369 3611 4438 ipsejudex,
3638 4368 3751 4437 jam
3780 4370 3908 4424 sub-

2314 4470 2483 4524 actus,
2516 4460 2706 4514 illustri
2740 4475 2869 4515 voce
2890 4502 2905 4526 ,
2938 4462 3186 4515 omnibus
3224 4460 3580 4529 praesentibus
3613 4461 3910 4514 conﬁtetur

2314 4549 2496 4603 dicens
2521 4567 2533 4602 :
2567 4548 2631 4603 In
2658 4550 2855 4603 modico
2882 4552 3157 4618 persuades
3196 4550 3354 4615 mihi,
3383 4549 3732 4603 Christianum
3764 4551 3902 4619 fieri.

2315 4642 2449 4709 Quid
2480 4643 2641 4713 igitur
2675 4643 2902 4697 Paulus?
2936 4642 3180 4711 Optarem
3212 4659 3302 4713 ego
3330 4643 3534 4713 quidem
3581 4659 3684 4695 non
3737 4645 3910 4696 solum

2318 4744 2383 4797 te,
2412 4733 2499 4788 sed
2522 4737 2671 4787 etiam
2697 4750 2869 4788 omnes
2893 4736 2977 4802 qui
3006 4736 3214 4801 adsunt,
3243 4735 3337 4787 hoc
3366 4734 3476 4802 ﬁeri
3505 4734 3640 4804 quod
3671 4750 3764 4803 eqo
3796 4752 3909 4789 sum

2314 4823 2479 4895 (Ibid.
2508 4842 2556 4878 υ.
2588 4824 2677 4879 28.
2720 4824 2811 4896 29)
2846 4824 2941 4894 (b).
2985 4823 3117 4878 Cum
3150 4838 3279 4894 ergo
3318 4821 3411 4879 ille
3452 4824 3669 4893 quidem
3703 4834 3911 4879 tantam

2316 4926 2571 4983 exposcat
2598 4931 2926 4983 mensuram,
2962 4930 3060 4971 nos
3088 4929 3217 4970 vero
3244 4928 3312 4970 ne
3340 4916 3467 4971 illud
3496 4916 3736 4987 quidem,
3762 4919 3911 4988 quod

2318 5007 2492 5061 minus
2517 5018 2634 5071 est,
2678 5015 2997 5077 praestemus
3029 5024 3042 5059 :
3076 5021 3235 5077 quam
3280 5008 3487 5062 veniam
3536 5008 3913 5062 merebimur?

2316 5096 2425 5152 Nec
2472 5112 2597 5151 vero
2644 5098 2930 5152 absurdum
2979 5098 3072 5151 tibi
3109 5097 3374 5163 videatur,
3432 5097 3593 5155 alium
3641 5114 3836 5169 rogare
3893 5119 3909 5153 :

2317 5188 2419 5242 hoc
2449 5188 2711 5257 siquidem
2752 5186 3037 5243 ineffabilia
3066 5188 3350 5258 sapientiae
3395 5188 3491 5243 Dei
3528 5202 3665 5257 opus
3716 5199 3821 5243 est.
3853 5189 3909 5244 Si

2317 5280 2480 5343 enim,
2504 5294 2625 5333 cum
2656 5290 2834 5333 mutua
2866 5294 2968 5349 Ope
3002 5295 3278 5349 egeamus,
3304 5296 3404 5334 nos
3444 5288 3620 5337 tamen
3654 5280 3909 5352 indigen-

2319 5373 2404 5427 tiae
2430 5373 2721 5427 necessitas
2768 5372 2836 5427 ad
2890 5374 3185 5428 amicitiam
3240 5388 3349 5429 non
3392 5372 3609 5429 inducat
3662 5390 3676 5427 :
3720 5373 3768 5429 si
3810 5374 3910 5429 sibi

2383 5530 2455 5592 (α)
2477 5529 2602 5579 Ibid.

2322 5614 2779 5727 cofnggznuia
2815 5628 2995 5668 xxntt.
3035 5616 3090 5666 ln
3128 5615 3280 5679 Epist.
3324 5616 3373 5666 l.
3414 5614 3473 5664 ad
3513 5614 3622 5664 Cor.
3662 5612 3908 5672 ΤοπιΛῶ
