4034 6464
172 403 271 459 εσυ

172 522 313 577 solus
349 512 719 585 unusquisque
748 508 1058 573 sufficeret,
1093 520 1273 559 annon
1317 502 1482 558 veluti
1532 502 1763 556 imman-

172 619 334 667 sueta:
363 608 550 663 bestia:
580 602 867 661 essemus?
893 599 953 654 Vi
978 614 1041 654 ac
1066 596 1391 653 necessitate
1415 592 1643 664 quadam
1663 604 1763 644 nos

173 701 399 757 invicem
428 697 662 767 subjecit
691 694 838 750 Deus
857 732 874 757 ,
907 698 963 745 et
1001 703 1101 744 nos
1143 696 1323 741 tamen
1354 682 1596 755 quotidie
1622 681 1763 735 inter

174 809 269 852 eos
309 789 697 861 confligimus:
742 785 790 839 si
830 783 1043 839 frenum
1092 779 1235 835 istud
1278 777 1424 833 Deus
1467 774 1624 829 nobis
1668 771 1762 826 de—

177 886 444 947 traxisset,
474 884 598 952 quis
628 879 786 935 facile
825 876 909 930 sui
948 872 1183 946 proximi
1226 869 1519 931 amicitiam
1544 863 1762 921 deside-

174 986 315 1031 raret
340 972 450 1045 (a)?
468 972 588 1027 Hac.
604 969 748 1025 enim
772 966 840 1023 de
856 979 1015 1022 causa
1042 977 1204 1018 unam
1235 960 1474 1024 domum,
1506 954 1761 1011 mundum

177 1068 337 1127 hunc.
367 1065 510 1119 Deus
538 1061 694 1117 nobis
727 1056 976 1120 tradidit,
1017 1066 1287 1123 unamque
1326 1050 1600 1104 lucernam
1621 1088 1637 1112 ,
1670 1058 1762 1098 sev

175 1158 300 1221 lem,
331 1150 797 1213 nebisaeeendit;
830 1163 994 1203 unum
1039 1147 1166 1199 item
1210 1151 1410 1199 tectum
1459 1154 1623 1209 super
1665 1150 1763 1190 nes

176 1246 449 1318 expandit,
483 1244 674 1299 cadum
704 1241 991 1302 videlicet,
1024 1245 1080 1291 et
1104 1250 1267 1290 unam
1297 1247 1572 1297 mensam,
1602 1230 1651 1283 id
1682 1236 1767 1283 est

177 1348 396 1401 terram,
423 1334 714 1389 concessit.
742 1329 928 1399 Neque
955 1328 1108 1382 diviti
1139 1326 1259 1394 plus
1284 1321 1484 1393 aliquid
1506 1329 1599 1375 aut
1630 1335 1765 1389 pne-

176 1428 426 1490 stantins,
461 1439 561 1479 nec
590 1422 807 1493 pauperi
840 1420 1001 1474 vilius
1028 1416 1156 1488 quid
1197 1423 1291 1471 aut
1336 1416 1514 1469 minus
1543 1411 1769 1480 largitus

176 1527 278 1583 est,
310 1529 369 1572 ut
405 1530 652 1586 magnam
703 1512 957 1568 nimirum
1002 1524 1067 1564 ac
1115 1507 1441 1562 iudivulsam
1488 1504 1631 1558 inter
1667 1516 1764 1555 nos

177 1608 498 1664 haberemus
528 1606 787 1660 unitatem
807 1643 823 1667 ,
856 1615 954 1656 nec
985 1600 1266 1670 quisquam
1314 1597 1496 1651 dicere
1540 1603 1717 1663 posset
1746 1610 1760 1646 :

179 1700 275 1756 llic
299 1708 392 1754 aut
418 1699 509 1754 ille
524 1697 730 1754 amicus
751 1709 905 1749 meus
926 1708 1032 1747 non
1069 1701 1153 1747 est
1179 1705 1352 1759 neque
1381 1697 1641 1758 cognatus
1666 1699 1762 1739 ne-

177 1806 282 1861 que
309 1790 539 1852 vicinus,
563 1801 737 1856 neque
767 1785 933 1840 ullum
958 1783 1089 1837 mihi
1114 1796 1237 1836 cum
1264 1780 1354 1833 illo
1379 1776 1763 1833 commercium

176 1892 259 1937 est
290 1898 303 1933 :
337 1877 610 1950 quomodo
636 1877 785 1931 illum
814 1873 1126 1929 conveniam
1146 1911 1163 1937 ,
1201 1869 1471 1939 quomodo
1500 1866 1765 1936 alloquar?

180 1970 298 2026 Non
326 1970 471 2025 enim
516 1968 727 2039 qualem
770 1966 974 2021 amicus
1022 1977 1150 2033 erga
1200 1950 1431 2015 amicum
1479 1956 1766 2013 ostendere

182 2064 341 2119 decet
368 2060 841 2130 prepinquitatem,
872 2055 1029 2110 talem
1058 2068 1159 2109 nos
1180 2067 1395 2123 quoque
1424 2051 1650 2105 invicem
1680 2047 1766 2100 ha-

178 2159 308 2213 bere
339 2153 752 2210 familiaritatem
783 2158 1025 2219 Oportet,
1069 2146 1165 2202 sed
1211 2144 1421 2214 qualem
1463 2142 1763 2196 membrum

177 2246 246 2303 ad
273 2245 595 2302 membrum.
630 2242 699 2298 Et
733 2237 1183 2312 quemadmodum
1214 2236 1393 2291 dicere
1428 2247 1535 2288 non
1567 2232 1763 2302 pessis,

177 2338 333 2395 Unde
360 2337 494 2393 mihi
525 2351 647 2391 cum
691 2334 785 2391 illo
816 2330 1153 2387 familiaritas
1182 2338 1275 2382 aut
1312 2324 1596 2396 cognatio?
1637 2323 1768 2377 ridi-

176 2430 356 2485 culum
381 2429 526 2484 enim
553 2425 685 2481 illud
714 2424 851 2479 feret
882 2441 895 2476 :
928 2423 999 2477 ita
1029 2436 1129 2477 nec
1150 2420 1219 2475 de
1245 2420 1408 2474 fratre
1439 2427 1530 2471 tuo
1552 2418 1654 2471 hoc
1680 2416 1766 2467 di-

172 2536 304 2577 cere
326 2518 543 2589 poteris.
568 2516 825 2585 Quamvis
848 2516 989 2568 enim
1020 2527 1195 2582 neque
1222 2518 1479 2579 cognatus
1496 2507 1565 2563 sit
1593 2522 1769 2575 neque

178 2611 412 2676 amicus,
440 2617 496 2662 at
516 2606 680 2662 homo
701 2614 880 2659 tamen
912 2611 1016 2666 est,
1049 2600 1294 2656 eamdem
1324 2610 1501 2656 tecum
1527 2611 1769 2652 commu-

178 2716 303 2756 nem
362 2698 567 2754 habens
617 2707 885 2759 naturam,
945 2692 1195 2747 eumdem
1245 2689 1563 2750 Dominum,
1612 2697 1667 2742 et
1714 2689 1767 2740 in

178 2792 370 2847 eodem
417 2788 619 2845 munde
669 2795 842 2841 natus.
892 2784 945 2838 ln
995 2783 1233 2855 pecuniis
1276 2779 1489 2850 quidem
1538 2792 1651 2841 eos,
1680 2778 1766 2848 qni

180 2883 316 2940 nihil
341 2881 559 2946 debent,
585 2878 895 2941 laudamus;
943 2876 997 2929 in
1047 2874 1273 2929 caritate
1316 2879 1493 2925 autem
1537 2884 1630 2923 eos
1656 2884 1767 2922 am-

176 2978 466 3047 plcetimur
490 2983 548 3030 et
565 2952 917 3032 admiramur.
951 2968 1042 3037 qui
1071 2967 1173 3023 sibi
1202 2974 1462 3036 perpetuo
1496 2962 1769 3019 debitores

177 3076 324 3123 sunt.
357 3065 729 3135 Obsequamur
756 3062 935 3129 itaque
978 3067 1033 3112 et
1073 3072 1171 3113 nos
1202 3058 1346 3125 ipsos
1384 3055 1505 3108 aliis
1541 3054 1771 3122 conjun-

178 3173 391 3231 gamus,
421 3172 484 3211 ac
517 3156 563 3210 si
595 3153 829 3209 deficere
874 3149 1026 3214 velit,
1070 3158 1127 3203 tu
1168 3164 1235 3203 ne
1281 3146 1562 3211 discedite,
1597 3160 1771 3214 neque

178 3247 473 3306 absurdum
502 3244 634 3301 illud
662 3242 886 3298 verbum
924 3240 1125 3295 dixeris
1155 3256 1170 3293 :
1214 3237 1269 3293 Si
1302 3253 1391 3292 me
1420 3237 1616 3307 diligit,
1648 3235 1774 3290 dili-

177 3356 281 3411 go;
313 3340 360 3393 si
381 3352 510 3393 vero
532 3350 638 3391 non
664 3334 838 3403 diligit
865 3347 950 3388 me
972 3331 1161 3387 dexter
1185 3328 1372 3385 oculus
1392 3342 1565 3389 meus.
1597 3327 1770 3397 ipsum

178 3444 313 3485 erue
342 3447 355 3483 :
391 3427 485 3485 sed
514 3426 690 3498 potius
714 3440 835 3480 cum
867 3423 1088 3494 diligere
1116 3430 1169 3476 te
1199 3437 1303 3475 non
1331 3420 1442 3473 vult
1464 3461 1478 3482 ,
1511 3418 1771 3487 majorem

179 3521 234 3575 in
267 3521 442 3589 ipsum
473 3514 742 3572 ostendito
781 3513 1165 3579 dilectionem,
1205 3521 1262 3565 ut
1299 3512 1473 3583 ipsum
1517 3510 1726 3564 allicias
1756 3527 1769 3565 :

182 3610 489 3666 membrum
518 3607 662 3663 enim
692 3616 812 3669 est;
844 3605 1145 3659 membrum
1192 3612 1369 3658 autem
1411 3618 1531 3658 cum
1588 3618 1775 3659 neces-

178 3703 315 3758 sitas
358 3701 539 3769 aliqua
563 3711 594 3751 a
628 3697 835 3766 reliquo
864 3707 1091 3766 corpore
1132 3694 1530 3765 prmcidendum
1561 3694 1772 3761 suadet,

180 3794 364 3849 omnia
391 3792 674 3857 molimur,
704 3798 763 3845 ut
802 3789 929 3844 illud
983 3789 1176 3844 iterum
1200 3798 1592 3843 eounectamus
1616 3832 1628 3853 ,
1660 3804 1777 3843 ma-

176 3889 467 3956 ioremque
508 3892 641 3938 tunc
676 3897 859 3937 curam
904 3879 1241 3935 adhibemus.
1275 3879 1340 3934 Et
1371 3894 1499 3933 vero
1546 3880 1776 3950 amplior

184 3980 279 4034 tibi
325 3990 535 4032 merces
562 3974 683 4040 erit,
716 3973 760 4028 si
801 3973 1023 4045 diligere
1062 3972 1334 4027 nolentem
1379 3972 1683 4028 attraxeris.
1716 3972 1775 4029 Si

183 4083 317 4126 vero
356 4068 423 4124 ad
468 4066 749 4138 prandium
800 4066 1026 4120 invitare
1077 4064 1230 4133 jubet
1273 4079 1367 4119 eos
1416 4066 1506 4136 qui
1550 4066 1777 4120 reddere

182 4160 343 4215 nobis
365 4174 473 4213 non
501 4153 736 4222 valeant,
763 4170 871 4226 quo
898 4156 1105 4212 scilicet
1132 4154 1414 4210 retributio
1445 4155 1615 4225 major
1642 4155 1733 4210 fiat
1760 4172 1777 4212 :

184 4251 357 4305 multo
385 4248 557 4318 magis
595 4247 649 4303 in
696 4247 929 4301 amicitia
976 4244 1029 4300 id
1076 4244 1250 4301 facere
1278 4261 1502 4301 necesse
1531 4256 1634 4301 est.
1677 4246 1781 4312 Qui

183 4342 332 4398 enim
362 4356 487 4396 cum
517 4338 775 4410 diligitur,
806 4348 859 4393 te
888 4338 1122 4392 vicissim
1153 4337 1359 4407 diligit,
1397 4338 1487 4393 ille
1514 4340 1657 4393 vices
1688 4340 1781 4394 tibi

182 4432 425 4489 reddidit
458 4450 471 4483 :
503 4431 591 4501 qui
622 4445 771 4494 vero,
800 4444 922 4483 cum
949 4428 1211 4498 diligitur,
1244 4437 1296 4482 te
1329 4445 1435 4482 non
1468 4429 1659 4499 diligit,
1693 4430 1783 4485 ille

188 4525 361 4579 Deum
388 4537 487 4591 pro
508 4536 568 4574 sc
596 4520 894 4575 debitorem
924 4506 1222 4574 constituit.
1257 4519 1322 4573 Et
1350 4531 1633 4588 praiterca,
1660 4535 1781 4574 cum

186 4627 243 4672 te
274 4616 474 4685 diligit,
505 4627 609 4668 non
642 4611 840 4683 indiget
866 4626 953 4666 res
975 4612 1138 4666 multa
1170 4610 1445 4677 diligentia
1472 4626 1625 4665 :cum
1657 4625 1786 4665 vero

186 4717 244 4761 te
273 4707 497 4761 minime
525 4704 718 4774 diligit,
753 4712 879 4757 tunc
924 4709 1015 4756 tuo
1045 4716 1181 4772 epus
1226 4703 1387 4757 habet
1434 4701 1782 4755 adminiculo.

185 4800 271 4859 Ne
301 4802 465 4871 igitur
490 4812 705 4853 causam
739 4796 1028 4865 diligentiae
1058 4809 1276 4849 causam
1314 4793 1477 4851 facias
1512 4794 1786 4863 negligen-

190 4895 317 4955 tia;
349 4905 527 4961 neque
556 4888 724 4957 dicas,
756 4887 1021 4955 Quoniam
1046 4886 1156 4957 jam
1194 4888 1428 4958 languet,
1460 4887 1581 4942 ideo
1610 4889 1783 4958 ipsum

190 4984 409 5054 neglige
439 4998 453 5034 :
482 4995 603 5035 nam
629 4980 853 5049 languor
880 4978 982 5035 iste
1016 4977 1258 5033 caritatis
1285 4978 1625 5049 refrigeratio
1654 4989 1737 5034 est
1769 4997 1784 5034 :

191 5086 248 5129 tn
282 5088 412 5130 vere
437 5114 455 5138 ,
495 5070 638 5141 quod
682 5068 1057 5140 refrigeratum
1086 5078 1189 5131 est,
1230 5066 1445 5145 fovete;
1472 5084 1593 5123 nam
1626 5071 1790 5126 vehe-

190 5176 409 5223 menter
438 5164 605 5217 aniari
648 5160 783 5216 velle
808 5202 822 5226 ,
856 5161 1031 5214 oritur
1055 5175 1121 5215 ex
1153 5176 1216 5213 eo
1243 5199 1260 5226 ,
1307 5160 1448 5230 quod
1480 5162 1599 5231 quis
1625 5161 1786 5215 alium

190 5259 547 5314 vehementer
574 5261 739 5306 amet.
767 5251 901 5305 Cum
927 5250 1070 5304 eiiim
1098 5265 1203 5304 non
1232 5250 1521 5305 admodum
1550 5266 1675 5321 erga
1702 5252 1793 5305 ali-

191 5363 358 5420 quem
381 5344 559 5401 affecti
587 5357 796 5409 sumus,
830 5357 935 5396 non
962 5342 1123 5396 etiam
1151 5342 1477 5412 singularem
1509 5343 1680 5411 ipsius
1705 5358 1791 5397 cx-

190 5441 431 5510 pctimus
458 5436 749 5492 amicitiam
770 5477 785 5500 ,
813 5436 1059 5504 quamvis
1084 5449 1310 5503 magnus
1334 5476 1348 5497 ,
1378 5436 1622 5503 quamvis
1656 5450 1790 5490 cen-

190 5532 416 5603 spicuns
470 5528 561 5584 ille
616 5528 687 5581 sit
741 5544 756 5583 :
811 5540 931 5581 cum
988 5540 1118 5581 vero
1173 5524 1428 5581 ardenter
1484 5526 1792 5598 quempiam

193 5770 452 5884 ωὲαξὶξι
496 5767 686 5820 hatndia
732 5782 826 5820 xw
864 5769 915 5819 in
960 5766 1223 5832 Epistolam
1252 5767 1301 5818 2.
1328 5767 1389 5818 ad
1412 5765 1520 5820 Cor.
1547 5767 1688 5819 Tum.
1717 5769 1792 5831 10,

1162 384 1431 442 ECLOGA
1477 381 1571 439 DE
1613 378 2042 449 DlLECTlONE,
2088 382 2321 441 llOMlL.
2363 384 2409 440 l.

3355 384 3463 438 570

1869 500 2187 569 sinceraque
2212 501 2509 570 diligimus,
2531 500 2726 558 etamsi
2752 500 2915 555 bome
2944 498 3120 555 tenuis
3147 508 3198 554 et
3226 498 3465 567 abjectus

1867 593 1938 646 sit
1967 591 2059 661 qui
2082 603 2313 658 amatur,
2352 592 2958 648 honerificentissimum
2997 600 3176 646 tamen
3208 588 3339 644 illud
3362 589 3465 643 du-

1867 687 2037 739 cimus
2064 726 2078 749 ,
2112 686 2253 754 quod
2287 686 2339 739 in
2390 688 2509 754 ipse
2554 684 2711 741 nobis
2746 699 2909 740 causa
2937 685 3160 739 ameris.
3199 681 3258 738 Si
3283 693 3464 737 autem

1871 780 2031 833 fratre
2079 794 2183 831 non
2234 778 2310 832 uti
2356 778 2598 849 novisti,
2643 775 2917 846 quomodo
2955 784 3104 831 recte
3145 772 3223 829 uti
3261 772 3468 844 poteris

1868 872 2084 924 alieno?
2113 870 2166 926 Si
2208 871 2480 940 proprium
2507 870 2809 926 membrum
2835 876 3066 925 tractare
3093 867 3294 932 nescis,
3325 880 3467 935 quo-

1869 963 2028 1018 modo
2053 974 2334 1019 externum
2368 962 2461 1017 tibi
2481 962 2784 1018 'conciliare
2808 969 2864 1017 et
2883 960 3212 1031 conjungere
3238 955 3470 1027 pateris?

1869 1054 1985 1109 Non
2010 1055 2091 1109 vis
2114 1053 2254 1129 apud
2273 1053 2410 1125 alios
2432 1054 2571 1109 male
2599 1052 2828 1108 audire?
2858 1068 2925 1106 ne
2957 1051 3120 1119 igitur
3148 1060 3204 1104 tu
3234 1047 3374 1103 male
3397 1046 3468 1101 de

1870 1149 1990 1203 aliis
2021 1148 2278 1219 loquaris.
2312 1147 2542 1203 Laudari
2570 1146 2931 1218 cupisilauda
2952 1147 3119 1216 igitur
3137 1152 3192 1199 et
3222 1153 3279 1197 tu
3308 1142 3468 1197 alios.

1870 1238 2291 1294 Misericordiant
2323 1239 2583 1308 consequi
2630 1237 2821 1307 Optas?
2851 1237 2927 1291 sis
2954 1244 3010 1291 et.
3036 1244 3090 1291 tu
3132 1232 3467 1289 misericors.

1874 1334 2091 1388 \‘eniam
2113 1332 2358 1387 obtinere
2376 1331 2694 1386 desideras?
2717 1331 2946 1400 ipsemet
2965 1343 3094 1398 ergo
3111 1326 3234 1381 aliis
3256 1324 3465 1381 veniam

1870 1424 2015 1478 dato.
2048 1424 2163 1478 Non
2190 1426 2271 1478 vis
2302 1432 2360 1479 ut
2406 1423 2546 1478 bona
2587 1432 2676 1477 tua
2722 1419 3087 1491 diripiantur?
3124 1419 3301 1473 aliena
3338 1430 3470 1486 ergo

1872 1532 2063 1587 rapere
2091 1517 2222 1572 noli.
2254 1516 2413 1571 Tales
2433 1530 2558 1586 erga
2584 1515 2859 1585 proximos
2886 1522 3102 1567 nostros
3122 1510 3313 1575 simus,
3337 1523 3470 1578 qua-

1872 1609 1950 1664 les
1974 1608 2120 1677 ipsos
2149 1622 2273 1677 erga
2314 1623 2415 1663 nos
2444 1621 2566 1662 esse
2595 1616 2868 1675 optamus.
2916 1600 3071 1659 Sicut
3116 1600 3261 1657 enim
3288 1598 3469 1654 anima

1872 1702 1989 1755 sine
2034 1715 2261 1768 corpore
2308 1713 2416 1754 non
2466 1698 2775 1768 appellatur
2823 1696 3027 1758 homo,
3084 1707 3261 1762 neque
3302 1690 3466 1745 etiam

1872 1806 2072 1861 corpus
2098 1792 2301 1861 absque
2338 1791 2516 1845 anima
2550 1805 2563 1839 :
2605 1790 2680 1844 ita
2728 1804 2830 1844 nec
2874 1786 3072 1842 caritas
3113 1798 3238 1855 erga
3272 1782 3465 1845 Deum,

1874 1884 1975 1938 nisi
2006 1883 2234 1954 proximi
2263 1882 2611 1938 dilectionem
2645 1881 2992 1952 conjunctam
3039 1877 3252 1933 habeat.
3304 1874 3470 1929 Visne

1875 1975 2017 2030 hunc
2042 1985 2134 2030 aut
2156 1974 2304 2028 illum
2337 1973 2645 2029 demereri?
2672 1988 2780 2027 non
2811 1969 3104 2041 prohibeo;
3128 1967 3223 2023 sed
3251 1964 3375 2020 vide
3404 1979 3473 2018 ne

1873 2069 1938 2121 ad
1970 2068 2192 2121 alterius
2230 2067 2528 2121 molestiam
2571 2065 2622 2120 id
2656 2064 2746 2118 fiat
2780 2080 2793 2117 :
2832 2079 2939 2117 non
2988 2063 3133 2117 enim
3179 2067 3235 2114 nt
3283 2066 3470 2114 contra

1876 2174 1972 2212 nos
1997 2167 2180 2211 mutuo
2210 2172 2511 2226 pugnemus
2534 2199 2549 2223 ,
2580 2157 2736 2211 nobis
2764 2154 3010 2225 magistri
3047 2153 3157 2208 dati
3184 2159 3342 2215 sunt,
3373 2148 3471 2203 sed

1876 2260 1932 2304 ιιι
1962 2264 2151 2303 omnes
2180 2260 2368 2303 mutuo
2406 2249 2620 2302 vinculo
2657 2247 2815 2302 nobis
2843 2246 3255 2315 ceujungamur.
3289 2240 3471 2309 Quare

1876 2341 2034 2410 igitur
2060 2340 2210 2392 solus
2237 2337 2335 2393 es?
2361 2353 2529 2408 quare
2556 2354 2662 2391 non
2688 2338 2886 2391 multos
2918 2334 3012 2390 tibi
3032 2333 3203 2389 efficis
3224 2331 3470 2386 amicos?

1874 2446 2040 2501 quare
2070 2445 2175 2483 non
2207 2429 2448 2483 caritatis
2474 2436 2667 2483 auctor
2695 2427 2977 2494 fis?quare
3004 2421 3318 2487 amicitiam,
3336 2435 3476 2475 suin-

1877 2534 2018 2574 mam
2040 2519 2255 2574 virtutis
2287 2517 2532 2582 laudem,
2566 2533 2675 2571 non
2704 2515 3025 2585 comparas?
3055 2514 3206 2568 Sicut
3231 2512 3374 2568 enim
3403 2525 3473 2565 ex

1876 2625 2145 2665 consensu
2166 2617 2221 2663 et
2245 2620 2403 2680 pacto
2425 2608 2698 2677 improbos
2719 2606 2931 2676 aliquos
2957 2620 3078 2660 esse
3106 2601 3481 2658 vehementius

1878 2704 2045 2757 Deum
2073 2711 2357 2771 exasperat
2389 2719 2402 2755 :
2436 2701 2507 2755 ita
2537 2701 2588 2754 in
2626 2698 2918 2753 concordia
2947 2697 3147 2751 bonum
3177 2709 3327 2757 esse,
3358 2708 3477 2747 ma-

1877 2795 1959 2864 gis
1989 2794 2243 2849 delcctat.
2289 2791 2366 2847 Ne
2402 2793 2476 2847 sis
2503 2806 2625 2847 cum
2653 2791 2839 2846 multis
2890 2789 3086 2859 impius
3116 2804 3130 2842 :
3174 2794 3298 2841 ante
3327 2784 3479 2839 babi-

1881 2885 2053 2940 tacula
2079 2893 2136 2940 et
2162 2886 2340 2939 omnia
2362 2885 2466 2938 alia
2499 2898 2625 2953 para
2668 2883 2761 2937 tibi
2794 2882 3021 2937 amicos.
3054 2879 3113 2936 Si
3142 2879 3306 2933 homo
3324 2876 3478 2947 paci-

1880 2977 2010 3030 ficus
2034 2975 2172 3030 filius
2204 2976 2320 3037 Dei,
2353 2985 2555 3045 quanto
2587 2973 2756 3044 magis
2785 2973 2874 3041 qui
2907 2972 3109 3026 amicos
3133 2968 3297 3025 facit?
3318 2968 3365 3022 si
3390 2967 3480 3023 ille

1882 3066 1973 3119 Dei
2005 3065 2143 3119 lilius
2164 3065 2486 3134 appellatur,
2514 3064 2605 3134 qui
2628 3064 2764 3117 alios
2785 3061 2957 3117 solum
2990 3059 3306 3116 reconciliat
3328 3074 3343 3123 ;
3369 3072 3478 3127 quo

1878 3157 1968 3212 ille
2005 3172 2112 3211 non
2145 3156 2249 3211 erit
2276 3155 2474 3226 dignus
2497 3156 2734 3225 praemio,
2763 3154 2852 3224 qui
2874 3153 3254 3208 reconciliatos
3274 3152 3480 3206 amicos

1881 3249 2047 3302 facit?
2073 3248 2129 3302 Si
2155 3248 2298 3303 enim
2338 3246 2586 3302 diabolus
2632 3246 2882 3300 omnibus
2924 3244 3170 3298 inimicos
3212 3242 3329 3316 fieri
3380 3257 3479 3294 nos

1874 3340 2060 3410 jubet;
2106 3347 2164 3395 et
2200 3339 2340 3395 Deus
2364 3348 2547 3395 contra
2573 3338 2694 3392 illos
2720 3337 2971 3408 amplecti
2999 3347 3055 3392 et
3074 3336 3295 3406 diligere
3326 3349 3482 3389 man-

1880 3432 2003 3496 dat;
2036 3441 2090 3487 et
2116 3433 2207 3488 ille
2242 3432 2457 3501 quidem
2502 3432 2614 3485 luto
2642 3440 2697 3486 et
2729 3430 2989 3485 lateribus
3025 3431 3150 3501 (hoc
3181 3428 3325 3483 enim
3347 3435 3478 3480 sunt

1882 3522 2104 3593 divitim)
2138 3523 2331 3577 affixos
2359 3538 2427 3578 ne
2456 3531 2615 3577 noctu
2641 3521 2858 3592 quidem
2892 3521 2975 3576 vel
3002 3519 3273 3575 medicum
3307 3518 3483 3587 respi—

1882 3631 2003 3670 rare
2046 3614 2206 3671 sinit:
2231 3614 2319 3672 hic
2343 3629 2475 3669 vero
2500 3628 2905 3684 supervacanea
2933 3612 3032 3667 ista
3057 3621 3113 3667 et
3152 3611 3322 3665 inutili
3348 3624 3479 3665 cura

1884 3722 1983 3762 nes
2011 3707 2241 3772 liberat,
2289 3705 2545 3777 colligere
2572 3722 2699 3761 vero
2728 3705 3011 3761 thesauros
3037 3704 3093 3759 in
3120 3704 3266 3759 melis
3289 3702 3442 3771 jubet
3465 3740 3482 3764 ,

1883 3815 1991 3854 non
2023 3812 2148 3853 cum
2175 3798 2395 3853 alterius
2421 3797 2636 3868 quidem
2662 3798 2852 3869 injuria
2871 3839 2887 3864 ,
2917 3796 3011 3853 sed
3047 3812 3113 3851 ex
3157 3794 3371 3865 propria
3394 3794 3483 3864 ju-

1886 3891 2033 3946 stitia
2057 3908 2072 3954 ;
2096 3906 2160 3946 ac
2179 3905 2364 3945 rursus
2389 3889 2478 3945 ille
2502 3900 2621 3960 post
2647 3890 2842 3943 multos
2866 3890 3078 3943 labores
3104 3896 3159 3943 et
3184 3900 3482 3949 mrumnas,

1884 3998 2006 4039 cum
2039 3982 2110 4037 ibi
2152 3985 2405 4054 punimur
2434 3991 2488 4037 et
2530 3982 2666 4036 mala
2704 3992 2926 4053 propter
2952 3981 3181 4036 violatas
3210 3979 3303 4036 Dei
3328 3980 3479 4049 leges

1886 4078 2141 4146 patimur,
2189 4092 2294 4131 non
2334 4076 2507 4130 solum
2548 4074 2839 4130 defendere
2890 4075 3106 4144 nequit,
3161 4072 3260 4127 sed
3313 4073 3479 4127 etiam

1886 4168 2156 4222 flammam
2177 4176 2373 4237 auget;
2404 4167 2495 4222 hic
2531 4182 2665 4222 vero
2690 4166 2779 4236 qui
2807 4165 3057 4236 poculum
3091 4163 3299 4235 frigida:
3327 4178 3482 4232 aqua:

1893 4260 2024 4314 dare
2063 4259 2223 4314 nobis
2256 4259 2546 4328 pru'eepit,
2587 4272 2880 4327 numquam
2906 4256 3060 4311 istius
3089 4254 3393 4309 mercedem
3434 4262 3489 4307 et

1890 4350 2301 4406 retributionem
2349 4364 2449 4404 nos
2501 4348 2728 4417 perdere
2772 4348 2919 4411 sinit,
2969 4345 3063 4401 sed
3107 4345 3485 4400 liberalissime

1890 4450 2301 4497 remuneratur:
2331 4440 2603 4511 quomodo
2632 4448 3023 4494 non‘extremaa
3049 4436 3339 4491 dementia:
3371 4434 3485 4489 fue-

1891 4535 1991 4597 rit,
2025 4546 2131 4589 tam
2163 4534 2485 4589 clementem
2518 4532 2787 4602 tantisque
2809 4530 2966 4584 bonis
2992 4528 3354 4582 abundantem
3382 4528 3487 4580 Do-

1892 4628 2096 4682 minum
2129 4642 2235 4682 non
2261 4640 2445 4680 amare
2467 4667 2483 4691 ,
2515 4623 2607 4679 sed
2633 4625 2839 4693 ingrato
2871 4631 2921 4676 et
2951 4621 3196 4691 improbo
3220 4629 3447 4691 tyranno
3468 4661 3481 4676 .

1894 4722 1983 4789 qui
2013 4733 2112 4775 nec
2142 4719 2194 4772 in
2224 4718 2327 4772 hac
2354 4731 2457 4771 nec
2496 4714 2549 4770 in
2579 4715 2748 4771 altera
2777 4714 2883 4767 vita
2922 4713 3023 4768 sibi
3057 4710 3489 4782 ebsequentibus

1894 4822 1948 4866 et
2002 4810 2302 4881 conjunctis
2356 4808 2644 4879 quidquam
2702 4806 2961 4877 prodesse
3010 4804 3189 4870 valet,
3242 4804 3489 4860 servire?

1893 4904 1973 4959 Ne
1999 4904 2160 4975 igitur
2188 4903 2419 4957 moleste
2451 4900 2633 4955 feratis
2670 4915 2791 4969 qum
2818 4915 2846 4952 a
2889 4913 2975 4953 me
3018 4897 3158 4953 dicta
3190 4905 3355 4975 sunt:
3390 4910 3490 4965 ego

1895 4997 2039 5050 enim
2082 5011 2187 5049 non
2241 5004 2446 5048 tantum
2478 5008 2601 5048 cum
2631 5007 2718 5047 me
2748 4990 2929 5045 laudat
2969 4990 3197 5053 amicus,
3242 4974 3489 5044 sederim

1896 5087 2195 5156 corrigendi
2222 5103 2381 5143 causa
2407 5103 2491 5142 me
2517 5084 2882 5154 reprehendit,
2908 5093 3033 5138 tunc
3054 5084 3283 5137 maxime
3310 5083 3485 5151 ipsum

1898 5196 1983 5234 me
2023 5179 2245 5249 diligere
2286 5177 2539 5233 dixerim.
2573 5176 2781 5231 Etenim
2813 5176 2992 5229 omnia
3030 5170 3347 5244 simpliciter
3373 5172 3491 5227 lau-

1899 5272 2048 5334 dare,
2099 5279 2154 5323 et
2195 5284 2317 5339 quae
2364 5278 2513 5323 recte
2560 5267 2695 5321 facta
2738 5276 2865 5321 sunt
2913 5276 2969 5320 et
3014 5282 3133 5336 qua:
3164 5278 3354 5327 secus,
3382 5278 3488 5317 non

1897 5362 2129 5414 amantis
2154 5400 2169 5423 ,
2226 5358 2321 5414 sed
2367 5359 2679 5429 imposteris
2721 5368 2776 5413 et
2815 5357 3071 5413 dcrisoris
3111 5369 3195 5412 est
3226 5374 3238 5407 :
3270 5357 3491 5411 laudare

1898 5468 2065 5513 vero,
2113 5467 2236 5506 cum
2284 5452 2411 5521 quid
2462 5460 2612 5506 recte
2659 5452 2715 5503 tit
2757 5458 2812 5503 et
2853 5459 3179 5519 opportune,
3210 5462 3273 5501 ac
3310 5463 3503 5514 repre-

1902 5546 2139 5601 bendere
2167 5560 2288 5597 cum
2315 5544 2515 5615 aliquid
2544 5542 2897 5612 delinquitur,
2952 5541 3003 5595 id
3048 5541 3301 5596 nimirum
3332 5539 3492 5596 amiri

1900 5647 1958 5691 et
1990 5634 2217 5692 benefici
2248 5644 2335 5690 est
2365 5634 2621 5690 hominis.
2659 5633 2776 5689 Non
2818 5634 2978 5703 igitur
3005 5634 3238 5697 hostem,
3262 5648 3382 5686 eum
3410 5649 3495 5683 me

1902 5728 2121 5792 laudat,
2188 5726 2527 5797 amplector,
2584 5726 2681 5781 scd
2738 5726 2971 5781 amicum
3036 5725 3127 5795 qui
3183 5726 3498 5792 me‘arguit

1902 5822 2174 5895 approbo:
2207 5822 2293 5873 ille
2339 5822 2497 5875 etiam
2528 5820 2571 5874 si
2601 5833 2688 5874 me
2717 5828 2861 5873 amet
2881 5860 2893 5882 ,
2933 5818 3060 5873 mihi
3090 5817 3331 5886 ingratus
3370 5825 3451 5869 est
3477 5830 3494 5880 ;
