4034 6426
582 366 676 425 B7!

580 487 671 540 hic
702 497 864 547 vero,
892 480 1019 535 licet
1044 474 1237 530 vulnus
1266 469 1499 541 inﬂigat,
1546 464 1790 520 amabilis
1821 472 1997 516 tamen
2029 467 2112 513 est
2143 476 2154 510 ε

585 576 846 631 Fideliora
890 571 1033 626 enim
1082 572 1232 629 sunt,
1274 560 1486 631 inquit,
1533 556 1745 610 vulnera
1790 550 1960 619 amici,
2012 565 2163 609 quam

581 675 859 734 :pontanca
885 660 1061 716 oscula
1087 654 1280 715 inimici
1313 650 1497 724 (Prov.
1530 649 1623 702 27.
1653 646 1733 715 6).
1764 644 1987 698 Amicus
2018 640 2161 694 enim

586 757 700 811 sive
742 754 883 824 juste
920 751 1033 804 sive
1078 745 1276 814 injuste
1306 744 1547 804 incuset,
1595 736 1791 807 probro
1835 744 2013 789 tamen
2058 745 2163 784 non

587 823 769 908 afﬁcit,
794 841 886 896 sed
911 839 962 895 id
993 838 1142 903 facit,
1175 850 1260 889 me
1287 832 1557 900 corrigere
1581 827 1768 882 volens
1797 841 1811 877 :
1845 823 2014 877 hostis
2036 834 2167 875 vero

587 933 795 988 etiamsi
812 932 956 1002 juste
980 927 1265 995 corripiat,
1292 938 1397 978 non
1427 932 1600 976 tamen
1636 915 1952 973 emendandi
1981 926 2162 977 causa,

584 1024 680 1080 sed
707 1022 997 1079 infamandi
1028 1019 1245 1075 libidine
1274 1022 1489 1071 accusat
1520 1014 1621 1083 (a).
1670 1010 1812 1064 Nihil
1857 1008 2015 1077 igitur
2040 1020 2160 1059 cum

585 1113 869 1170 concordia
896 1109 1313 1181 comparandum
1339 1148 1353 1171 ,
1383 1101 1713 1159 dilectissimi
1748 1100 1867 1155 :sic
1891 1096 2032 1151 enim
2054 1096 2163 1149 sin-

585 1208 691 1275 gnli
716 1207 1004 1261 multorum
1028 1204 1197 1257 instar
1220 1209 1395 1255 erunt.
1425 1196 1481 1252 Si
1504 1196 1646 1251 enim
1669 1194 1950 1248 unanimes
1975 1189 2169 1244 fuerint

588 1299 694 1352 duo
722 1307 813 1351 aut
840 1296 1065 1360 decem,
1104 1294 1215 1362 jam
1243 1305 1379 1345 unus
1408 1304 1514 1343 non
1542 1296 1626 1342 est
1654 1301 1789 1341 unus
1810 1328 1826 1350 ,
1856 1282 1948 1338 sed
1976 1279 2169 1351 singuli

591 1389 804 1442 illorum
836 1386 985 1457 quasi
1016 1383 1201 1459 decent
1235 1382 1369 1435 fiunt
1392 1396 1406 1443 ;
1432 1394 1495 1434 ac
1534 1378 1577 1432 si
1608 1376 1879 1430 inimicum
1918 1372 2167 1436 habeant,

590 1480 677 1550 qni
709 1479 915 1534 illorum
940 1491 1099 1530 unum
1124 1473 1358 1537 invadat,
1390 1470 1479 1525 ille
1508 1484 1616 1524 non
1646 1481 1800 1523 secus
1826 1481 1886 1520 ac
1911 1464 1954 1519 si
1983 1462 2170 1518 decem

592 1571 810 1626 adortus
830 1568 1039 1632 fuisset,
1063 1568 1132 1622 ita
1153 1567 1378 1635 capitur.
1412 1563 1467 1618 Si
1494 1561 1631 1617 forte
1662 1573 1797 1614 unus
1818 1558 2025 1611 illnrutn
2049 1568 2174 1625 cge-

593 1669 729 1717 state
756 1669 1049 1731 prematur,
1070 1659 1119 1712 in
1146 1666 1384 1727 egestate
1413 1665 1585 1709 tamen
1612 1666 1716 1706 non
1743 1651 1846 1705 erit
1877 1671 1889 1703 :
1922 1663 1950 1702 a
1973 1646 2173 1715 majore

594 1753 736 1807 enim
763 1759 911 1821 parte
932 1748 1221 1819 indigentia
1254 1747 1401 1800 velut
1424 1744 1610 1799 umbra
1635 1740 1917 1796 occulitur.
1942 1736 2175 1804 Quilibet

597 1845 809 1898 illorum
851 1841 1035 1909 viginti
1079 1853 1268 1892 manus
1318 1835 1511 1899 habet,
1551 1842 1605 1888 et
1633 1832 1815 1902 viginti
1856 1830 2072 1891 oculos,
2122 1835 2177 1881 et

596 1931 816 1986 totidem
849 1930 1010 1998 pedes
1033 1970 1047 1993 ,
1083 1928 1290 1981 animas
1322 1938 1532 1994 quoque
1560 1922 1745 1977 decem
1770 1918 2007 1990 possidet
2032 1934 2045 1971 :
2070 1931 2177 1971 non

597 2022 739 2077 enim
785 2021 895 2075 suis
939 2018 1132 2087 singuli
1183 2025 1388 2070 tantum
1435 2022 1746 2087 operantur,
1786 2009 1880 2065 sed
1910 2009 2069 2063 etiam
2114 2006 2179 2059 iis

598 2128 717 2183 qnze
737 2121 859 2165 sunt
883 2111 1230 2178 reliquorum.
1272 2106 1327 2162 Si
1360 2121 1488 2159 vero
1511 2106 1672 2159 etiam
1708 2113 1921 2157 centum
1958 2099 2175 2163 fuerint,

600 2216 787 2256 rursus
828 2199 1017 2255 eodem
1056 2198 1218 2252 modo
1246 2212 1303 2251 se
1333 2211 1419 2252 res
1445 2196 1623 2250 habet.
1664 2193 1807 2249 Idem
1840 2202 1895 2246 et
1925 2192 1976 2246 in
2003 2189 2180 2245 Persia

602 2305 654 2348 et
682 2292 865 2347 Romae
891 2306 1011 2346 esse
1038 2298 1215 2360 potest
1248 2306 1260 2343 :
1289 2272 1352 2343 et.
1371 2287 1512 2357 quod
1540 2296 1729 2340 natura
1759 2283 1937 2354 nequit
1961 2325 1975 2348 ,
2009 2282 2059 2335 id
2086 2297 2173 2336 ca-

599 2386 772 2438 ritatis
814 2384 892 2437 vis
932 2386 1120 2451 potuit.
1171 2379 1224 2435 Si
1257 2380 1432 2447 itaque
1463 2378 1608 2431 mille
1638 2378 1728 2431 tibi
1761 2375 1868 2429 sint
1897 2373 2051 2426 amici
2079 2380 2172 2425 aut.

602 2476 684 2531 bis
705 2474 869 2537 mille,
901 2473 1073 2542 cogita
1097 2478 1350 2540 quantum
1382 2483 1589 2521 rursum
1618 2473 2001 2534 exsuperatura
2030 2463 2097 2517 sit
2126 2462 2181 2516 il-

602 2565 775 2619 lorum
820 2570 1077 2631 potestas.
1132 2556 1459 2613 Admirabile
1487 2556 1626 2611 enim
1656 2552 1758 2609 hoc
1793 2563 1875 2609 est
1901 2596 1913 2617 ,
1940 2552 2083 2623 quod
2114 2567 2184 2607 ex

606 2670 711 2708 uno
733 2654 877 2707 mille
906 2652 1083 2706 facere
1111 2649 1273 2718 possit
1300 2648 1516 2702 caritas.
1558 2646 1726 2711 Quam
1758 2645 1917 2713 igitur
1952 2643 2024 2698 ob
2058 2657 2188 2696 cau-

603 2761 716 2800 sam
746 2744 881 2799 hanc
901 2742 1137 2798 caritatis
1159 2736 1465 2793 facultatem
1493 2736 1647 2791 nobis
1676 2751 1780 2789 non
1811 2745 2183 2803 comparamus

602 2846 657 2890 et
684 2851 781 2891 nos
811 2836 860 2888 in
896 2843 1008 2888 tuto
1046 2826 1413 2887 collocamus?
1461 2840 1740 2897 quousque
1777 2824 1843 2878 ad
1884 2830 2182 2878 unum"~aut

602 2928 737 2983 duos
768 2928 910 2982 illam
944 2923 1315 2992 restrmgimus
1334 2922 1357 2973 ’ἰ
1376 2920 1629 2987 Quamvis
1658 2918 1800 2973 enim
1833 2930 2032 2985 pauper
2055 2915 2186 2969 alio-

603 3020 692 3089 qui
716 3020 805 3082 sit,
829 3016 917 3086 qui
946 3015 1147 3068 amicos
1180 3012 1359 3079 habet,
1386 3009 1549 3063 multo
1574 3018 1750 3062 tamen
1777 3006 2029 3061 divitibus
2054 3019 2186 3075 opu-

604 3111 795 3166 lcntior
820 3118 920 3163 est.
940 3106 1069 3161 Nam
1098 3121 1216 3175 qua;
1245 3104 1356 3173 ipse
1383 3102 1449 3158 de
1483 3116 1541 3156 se
1568 3102 1682 3172 ipso
1709 3100 1889 3155 dicere
1921 3115 2025 3154 non
2050 3114 2185 3169 prre-

604 3200 801 3265 sumit,
853 3214 914 3254 ea
962 3198 1166 3251 amicus
1207 3210 1303 3265 pro
1334 3194 1448 3264 ipso
1476 3193 1616 3247 dicet
1648 3182 1890 3265 :letqure
1925 3190 2025 3244 sibi
2072 3191 2186 3258 ipse

604 3244 801 3265 -..η-η,
854 3244 914 3254 ν-
962 3244 1163 3251 ---...---
1207 3244 1296 3265 ,η
1334 3244 1440 3264 τῇ
1707 3244 1718 3246 -
1791 3244 1804 3260 ,
1874 3244 1881 3245 ,
2092 3244 2109 3258 _

604 3295 807 3347 amicus
838 3289 1073 3343 tribuere
1100 3302 1204 3341 non
1252 3294 1445 3356 potest,
1479 3298 1571 3352 per
1601 3244 1761 3335 ai/ium
1792 3282 1996 3335 tribuit.
2045 3280 2185 3334 Fieri

606 3385 768 3439 etiam
798 3398 904 3435 non
935 3388 1131 3450 potest,
1162 3388 1217 3431 ut
1242 3377 1452 3431 adversi
1480 3375 1604 3445 quid
1636 3374 1847 3428 eveniat
1868 3374 1940 3438 ei,
1989 3373 2078 3442 qui
2112 3382 2191 3426 tot

608 3474 925 3530 satellitibus
954 3470 1253 3526 custoditur
1292 3485 1304 3522 :
1337 3484 1441 3521 non
1472 3467 1613 3521 enim
1654 3466 1727 3519 ita
1754 3465 1948 3519 sinceri
1978 3473 2031 3519 et
2057 3464 2189 3518 ﬁde-

608 3568 687 3622 les
716 3574 841 3621 sunt
869 3567 1007 3635 regis
1041 3563 1348 3632 stipatores,
1376 3561 1513 3614 sicut
1546 3558 1654 3612 isti.
1690 3557 1766 3610 llli
1795 3556 2059 3627 siquidem
2089 3571 2184 3610 co-

608 3659 818 3713 actione
847 3667 901 3712 et
921 3658 1110 3709 timore
1148 3651 1442 3708 custodiam
1476 3658 1763 3720 praestant;
1798 3648 1850 3702 hi
1876 3663 2003 3703 vero
2029 3647 2192 3703 bene-

608 3748 838 3803 volentia
866 3755 921 3801 et
967 3759 1153 3800 amore
1204 3764 1216 3798 :
1267 3752 1323 3797 et
1366 3758 1460 3797 rex
1505 3740 1719 3812 quidem
1767 3739 2019 3794 custodes
2064 3755 2192 3796 suos

614 3839 825 3903 metuit,
857 3838 1059 3892 amicus
1089 3848 1216 3889 vero
1245 3834 1367 3904 plus
1392 3831 1578 3886 amicis
1605 3845 1763 3900 quam
1793 3830 1894 3884 sibi
1934 3830 2032 3897 ipsi
2064 3844 2195 3884 con-

614 3932 730 3985 fidit
762 3930 859 4001 (ὁ).
890 3930 964 3981 Ac
990 3935 1272 3997 praaterea,
1304 3924 1518 3995 quinam
1537 3921 1672 3977 adeo
1701 3920 1885 3975 ﬁrmus
1914 3930 2026 3988 est,
2060 3922 2195 3978 adeo

615 4021 1008 4095 prregrandium
1052 4018 1287 4090 lapidum
1336 4017 1797 4087 coagmentatione
1850 4016 2083 4072 munitus
2142 4028 2197 4073 et

615 4116 845 4172 hostium
872 4113 1171 4169 incursibus
1200 4109 1622 4180 inexpugnabilis
1666 4121 1850 4161 murus
1875 4147 1889 4169 .
1920 4107 2078 4162 sicuti
2111 4118 2198 4165 est

618 4216 803 4261 mutuo
832 4220 1015 4260 amore
1045 4219 1164 4259 sese
1196 4202 1627 4271 prosequentium
1654 4209 1812 4269 atque
1841 4199 1891 4251 in
1912 4202 2195 4257 concordia

620 4301 722 4353 sibi
753 4299 1119 4352 devinetorum
1149 4291 1525 4363 congregatio?
1573 4293 1686 4345 haec
1713 4291 1854 4345 enim
1900 4291 2060 4347 etiam
2088 4294 2201 4349 dia-

620 4390 726 4443 boli
760 4389 984 4443 insultus
1011 4386 1218 4455 rcpellit
1248 4394 1335 4439 :et
1359 4384 1569 4438 merito.
1598 4381 1697 4449 Qui
1722 4383 1861 4436 enim
1893 4395 1950 4435 se
1976 4380 2202 4433 invicem

617 4490 806 4536 contra
832 4482 1001 4551 ipsum
1025 4479 1337 4535 consociant
1363 4485 1417 4531 et
1446 4476 1752 4538 instruunt,
1796 4472 1939 4528 illius
1966 4472 2201 4526 molitio-

623 4576 779 4629 nibus
821 4572 1205 4641 insnperabiles
1251 4568 1420 4635 ﬁunt,
1476 4576 1638 4639 atque
1682 4566 1909 4622 illustria
1963 4565 2203 4620 caritatis

623 4667 833 4736 erigunt
859 4676 1078 4735 tropma.
1111 4662 1177 4717 Et
1196 4659 1646 4732 quemadmodum
1677 4658 1807 4713 ﬁdes
1836 4658 1887 4712 in
1921 4657 2056 4728 lyra,
2082 4646 2205 4710 licet

626 4758 806 4813 multa:
836 4756 961 4821 sint,
992 4754 1056 4807 ad
1084 4769 1241 4807 unam
1272 4751 1676 4806 consonantiam
1711 4756 2037 4817 spectantes,
2083 4760 2206 4800 sua-

626 4849 901 4903 vissimum
931 4859 1145 4899 carmen
1178 4852 1430 4897 resonant
1460 4860 1473 4895 :
1504 4841 1572 4895 ita
1607 4841 1695 4911 qui
1722 4840 1773 4893 in
1806 4855 1908 4893 una
1938 4838 2208 4893 voluntate

626 4940 895 5009 conjuncti
939 4947 1059 4992 sunt
1084 4978 1099 5001 ,
1146 4950 1404 4990 canorum
1428 4933 1669 4988 caritatis
1696 4933 1930 4986 sonitum
1958 4928 2049 4983 red
2075 4928 2203 4982 lunt.

630 5032 768 5086 Nihil
796 5032 934 5085 enim
956 5029 1245 5081 dilectione
1277 5025 1486 5079 dulcius
1518 5038 1636 5079 esse
1668 5031 1863 5093 potest.
1888 5020 2024 5087 Quid
2054 5020 2211 5089 igitur

629 5125 833 5178 amicus
878 5124 1121 5176 sincerus
1178 5136 1281 5172 non
1327 5118 1585 5187 praestet?
1634 5130 1791 5186 quam
1841 5114 2207 5182 voluptatem,

632 5217 775 5287 quod
800 5216 1242 5279 emolumentum,
1282 5226 1439 5281 quam
1472 5211 1811 5265 securitatem
1847 5224 1952 5261 non
1982 5205 2212 5261 afferat?

632 5307 844 5363 etiamsi
868 5315 1147 5359 sexcentos
1178 5304 1457 5357 thesauros
1478 5301 1697 5360 dixeris.
1728 5298 1858 5353 nihil
1887 5308 2065 5351 tamen
2090 5310 2212 5351 cum

634 5402 848 5455 sincero
896 5397 1069 5449 amico
1112 5393 1519 5449 conferendum.
1562 5390 1627 5445 Et
1653 5391 1808 5445 sicuti
1856 5388 2049 5460 fulgida
2091 5402 2213 5442 eor-

637 5507 767 5563 pora
794 5490 1030 5545 colorem
1062 5489 1116 5542 in
1142 5488 1311 5542 vicina
1343 5486 1457 5541 loca
1489 5484 1773 5540 emittunt:
1805 5483 1874 5537 ita
1903 5480 2059 5536 amici
2086 5492 2218 5549 quo-

637 5601 772 5653 que,
800 5598 906 5652 quo
955 5582 1193 5637 locorum
1244 5580 1769 5650 perveniunt,suam
1812 5574 2217 5631 beneﬁcentiam

704 5786 776 5893 (εἰ
798 5785 870 5833 Ex
906 5769 1103 5831 homilia
1123 5779 1188 5828 de
1209 5776 1425 5826 ferendis
1448 5773 1760 5832 reprehens.:
1788 5778 1839 5819 et
1861 5769 1925 5818 de
1950 5767 2220 5817 mutatione

704 5862 755 5893 il“
776 5858 888 5893 num
920 5842 1007 5892 III.
1032 5842 1171 5891 Tom.
1192 5842 1239 5893 5.
1265 5838 1357 5887 col.
1386 5838 1492 5893 131,
1522 5834 1607 5883 152
1632 5842 1681 5882 et
1710 5833 1832 5893 i35._
1895 5890 1967 5893 Ἢ

643 5833 888 5897 nominum
920 5842 1007 5892 ιιι.
1032 5842 1171 5891 Tom.
1192 5842 1239 5895 δ,
1265 5838 1357 5887 col.
1386 5838 1492 5893 l3l,
1522 5834 1607 5883 132
1632 5842 1681 5882 et
1710 5833 1811 5881 tas.

704 5890 1087 5971 (viiiiliiihomilia
1109 5890 1257 5952 sunt
1280 5900 1330 5947 in
1362 5890 1499 5948 Jotn'.
1524 5897 1663 5945 Tom.
1691 5896 1737 5955 8,
1763 5891 1853 5945 col.
1881 5890 1987 5938 425.

1243 357 1301 414 S.
1340 350 1610 411 IOANNIS
1646 343 2115 403 CIIRYSOSTOMI
2156 339 2467 396 ARCiilEP.
2508 334 3040 395 CONSTANTINOP.

3757 328 3866 385 579

2271 456 2435 513 veluti
2477 465 2752 527 spargunt.
2793 456 2982 510 Melius
3029 453 3191 525 igitur
3231 458 3314 506 est
3346 448 3399 505 in
3432 448 3668 505 tenebris
3696 446 3863 502 vitam

2269 565 2459 621 agere,
2502 564 2660 620 quam
2686 549 2875 603 amicis
2902 562 3090 602 carere
3121 547 3219 618 (lt).
3273 544 3388 600 Non
3420 544 3565 601 enim
3593 544 3665 599 ita
3695 541 3866 599 febris

2269 656 2552 711 corporum
2582 652 2833 695 naturam
2858 653 3118 708 perurere
3144 639 3307 703 solet,
3356 637 3493 692 sicut
3522 635 3735 691 animos
3761 632 3866 688 ab-

2271 732 2442 786 sentia
2471 746 2657 786 eorum
2688 743 2823 800 quos
2851 744 3114 783 amamus.
3146 728 3294 784 Talis
3322 728 3466 783 enim
3496 740 3586 782 res
3610 734 3697 781 est
3725 724 3868 780 cari-

2277 821 2400 874 tatis
2439 820 2689 885 dilectio,
2732 830 2793 873 ut
2834 834 2963 883 eos,
3007 819 3097 889 qui
3140 818 3421 872 nobiscum
3453 831 3557 870 una
3596 830 3706 869 non
3736 824 3870 870 sunt

2281 920 2595 983 prtesentes,
2629 910 2722 966 sed
2749 910 3029 979 disjnncti,
3062 909 3281 964 interim
3304 923 3334 961 a
3362 907 3515 963 nobis
3540 906 3867 963 desideran-

2274 1016 2381 1071 tur,
2406 1005 2646 1076 quotidie
2674 1006 2727 1059 in
2758 1015 2937 1059 mente
2964 1004 3117 1059 nobis
3144 1004 3303 1056 sistat
3327 1020 3340 1056 :
3360 1009 3423 1058 et
3448 1018 3476 1055 a
3509 1000 3870 1073 praesentibus

2273 1100 2489 1171 quidem
2512 1098 2759 1153 omnibus
2786 1113 2879 1152 cor
2904 1096 3133 1150 amantis
3162 1096 3390 1161 avertit,
3419 1104 3473 1148 et
3501 1109 3623 1147 cum
3654 1090 3870 1148 deside-

2275 1203 2395 1248 rato
2442 1191 2733 1263 conjungit.
2788 1190 2843 1244 Si
2892 1204 3023 1244 vero
3072 1190 3212 1259 quis,
3261 1203 3382 1242 cum
3409 1187 3663 1242 dilectum
3698 1185 3865 1251 videt,

2276 1286 2384 1339 into
2414 1286 2573 1339 etiam
2613 1298 2733 1338 eum
2771 1283 2913 1338 illius
2962 1281 3296 1346 recordatur,
3358 1280 3539 1333 animo
3585 1287 3773 1334 erecto
3815 1287 3870 1333 et

2276 1386 2457 1430 tuente
2489 1375 2699 1428 sublimi
2731 1387 2831 1439 est,
2867 1374 3150 1442 omniaque
3179 1372 3368 1426 leviter
3394 1371 3528 1438 fert,
3558 1369 3660 1424 ista
3684 1383 3868 1424 recor-

2276 1467 2493 1523 datione
2535 1467 2836 1521 oblectatus
2866 1482 2879 1518 :
2910 1464 3125 1534 quando
3173 1472 3265 1517 aut
3313 1462 3465 1516 triste
3498 1459 3698 1531 aliquid
3744 1475 3869 1513 sen-

2280 1562 2374 1616 tiet
2394 1602 2409 1627 ,
2433 1571 2524 1615 aut
2554 1559 2885 1613 formidabile
2919 1571 2981 1611 ac
3009 1554 3364 1626 periculosum
3393 1552 3520 1623 quid
3546 1552 3871 1607 extimescet

2290 1656 2397 1717 ille,
2426 1652 2521 1723 qui
2540 1666 2742 1706 memor
2773 1658 2854 1703 est
2880 1649 3021 1702 illius
3050 1647 3139 1716 qui
3165 1659 3291 1699 vero
3319 1660 3416 1699 nos
3438 1642 3660 1713 diligere
3680 1642 3871 1712 digna-

2282 1755 2366 1800 tus
2383 1743 2508 1801 est?
2530 1743 2827 1813 Numquam
2852 1756 3000 1795 sane.
3032 1739 3088 1793 Si
3118 1739 3285 1803 enim,
3316 1751 3437 1791 cum
3466 1736 3534 1791 ab
3560 1731 3873 1789 hominibus

2284 1837 2702 1910 pra-potentibus
2747 1834 3041 1905 diligimur,
3070 1828 3614 1887 omnibustcrribiles
3653 1836 3709 1882 et
3758 1841 3875 1881 me-

2285 1931 2466 1985 tuendi
2510 1943 2715 1989 sumus.
2770 1926 2942 1981 multo
2979 1925 3187 1995 magis,
3227 1923 3271 1978 si
3320 1937 3348 1975 a
3400 1920 3515 1976 Deo
3559 1919 3869 1989 diligantur.

2283 2021 2536 2090 Quamvis
2588 2018 2746 2089 igitur
2771 2026 2864 2071 aut
2914 2030 3065 2085 opes,
3107 2022 3199 2067 aut
3243 2026 3460 2081 corpus,
3489 2020 3581 2065 aut
3635 2010 3875 2064 animam

2286 2116 2454 2185 ipsam
2478 2128 2574 2183 pro
2597 2112 2818 2167 caritate
2842 2111 2941 2164 ista
2967 2105 3278 2178 impendere
3306 2112 3575 2176 oporteat,
3591 2119 3659 2159 ne
3683 2117 3874 2174 parca-

2286 2220 2432 2259 mus.
2478 2202 2589 2258 Nec
2636 2202 2778 2257 enim
2826 2198 3045 2263 sufficit,
3097 2196 3239 2267 quod
3285 2195 3466 2252 verbis
3505 2195 3749 2250 dicamus
3776 2207 3879 2247 nos

2287 2295 2511 2365 diligere
2541 2310 2554 2346 :
2584 2293 2678 2348 sed
2720 2292 2881 2347 rebus
2935 2291 3065 2361 ipsis
3112 2289 3165 2344 id
3202 2288 3577 2344 demonstrare
3619 2294 3873 2357 oportet,

2287 2404 2408 2443 cum
2442 2387 2531 2442 ille
2556 2401 2662 2442 non
2692 2385 2872 2439 verbis
2901 2382 3206 2448 dumtaxat,
3253 2379 3350 2436 sed
3379 2380 3537 2436 rebus
3568 2379 3700 2450 ipsis
3722 2391 3875 2431 suam

2288 2485 2342 2538 in
2390 2496 2487 2534 nos
2526 2479 2807 2534 caritatem
2857 2475 3175 2531 ostenderit.
3226 2472 3285 2531 Si
3326 2472 3469 2529 enim
3510 2472 3564 2527 itt
3595 2479 3877 2541 potentum

2290 2573 2492 2628 :edibus
2520 2570 2749 2625 famulus
2778 2568 2919 2640 quis,
2953 2565 3045 2622 ubi
3075 2564 3388 2621 resdomini
3414 2564 3493 2617 sui
3525 2562 3693 2633 probe
3718 2575 3879 2616 cura-

2288 2665 2425 2721 verit
2450 2705 2467 2731 ,
2495 2679 2601 2719 non
2627 2678 2747 2735 qua:
2773 2678 2868 2718 sua
2900 2669 3057 2727 sunt,
3083 2658 3286 2714 domini
3314 2657 3395 2712 sui
3444 2655 3572 2711 fecit
3590 2695 3607 2720 ,
3634 2653 3727 2708 sed
3756 2668 3881 2724 qua:

2289 2764 2416 2812 sunt
2443 2756 2669 2823 domini,
2696 2768 2791 2809 sua
2825 2753 2987 2820 fecit,
3033 2759 3088 2807 et
3115 2748 3341 2821 perinde
3383 2749 3551 2817 ipsius
3578 2746 3741 2801 rebus
3771 2746 3881 2803 uti-

2290 2860 2377 2905 tur
2404 2865 2467 2906 ac
2494 2848 2625 2914 suis,
2657 2847 2916 2916 multique
2945 2861 2975 2900 e
3001 2842 3313 2899 domesticis
3330 2841 3497 2911 magis
3517 2839 3691 2910 ipsum
3717 2853 3882 2907 quam

2293 2943 2480 2998 herum
2506 2943 2718 3005 timent,
2744 2948 2799 2993 et
2827 2938 2950 3008 quia
2976 2950 3071 2990 sua
3101 2935 3269 3004 ipsius
3297 2932 3507 3003 negotia
3530 2931 3753 3001 sprevit,
3775 2943 3882 2983 non

2292 3034 2495 3105 sprevit
2520 3047 2638 3096 sua,
2683 3029 2777 3085 sed
2804 3029 3005 3099 majora
3032 3025 3257 3096 adeptus
3296 3035 3379 3080 est
3434 3042 3449 3078 :
3501 3022 3672 3078 multo
3712 3023 3886 3091 magis

2294 3130 2345 3183 iu
2374 3124 2739 3197 spiritualibus
2769 3122 2821 3178 id
2856 3137 3041 3177 verum
3072 3121 3193 3175 erit.
3223 3118 3301 3174 Ne
3338 3119 3498 3188 igitur
3538 3133 3627 3171 res
3670 3126 3886 3171 nostras

2293 3231 2543 3273 curemus
2562 3257 2576 3283 ,
2605 3215 2698 3277 sed
2727 3230 2821 3269 eas
2855 3213 3218 3282 despiciamus
3237 3252 3252 3278 ,
3287 3220 3343 3265 ιιι
3372 3225 3463 3265 eas
3486 3208 3880 3279 possideamus.

2293 3307 2349 3364 Si
2371 3309 2513 3363 enim
2553 3321 2646 3361 eas
2675 3304 2825 3359 nihili
2854 3302 3170 3372 pendamus,
3222 3298 3365 3355 Deus
3400 3298 3519 3353 illas
3554 3296 3765 3352 curabit
3795 3316 3808 3349 :
3840 3298 3887 3351 si

2296 3414 2424 3453 vero
2453 3411 2551 3452 nos
2585 3397 2709 3450 illas
2746 3408 3032 3457 curemus,
3078 3393 3218 3447 Deus
3250 3390 3471 3445 easdem
3504 3388 3789 3457 despiciet.
3829 3386 3889 3442 Si

2298 3491 2476 3559 itaque
2503 3488 2621 3557 quis
2651 3487 2859 3539 sincere
2880 3484 3103 3553 diligere
3139 3482 3269 3537 velit
3297 3489 3351 3535 et
3382 3480 3625 3534 caritatis
3652 3479 3760 3532 vim
3787 3492 3887 3533 co-

2303 3597 2582 3654 gnoscere,
2611 3579 2674 3635 ad
2713 3578 2870 3647 hujus
2897 3576 3196 3641 alumnum,
3226 3574 3436 3629 beatum
3470 3570 3693 3626 Paulum
3724 3569 3849 3625 dico
3872 3612 3888 3635 ,

2304 3687 2511 3741 currat,
2554 3682 2609 3728 et
2654 3671 2867 3727 docebit
2894 3669 3065 3739 ipsum
3088 3675 3319 3737 quantus
3344 3665 3414 3718 sit
3438 3663 3610 3726 labor,
3655 3669 3891 3732 quanto-

2299 3784 2403 3841 que
2427 3768 2609 3822 animo
2632 3778 2767 3833 opus
2795 3762 2885 3828 sit,
2907 3769 2965 3814 ut
2992 3758 3169 3814 dilecti
3199 3755 3589 3826 separationem
3618 3752 3740 3823 quis
3767 3766 3891 3807 sus-

2302 3863 2465 3916 tineat
2491 3855 2716 3928 (b).lste
2754 3852 2919 3918 enim,
2968 3851 3091 3917 iste,
3135 3850 3349 3919 inquam
3373 3888 3387 3912 ,
3419 3845 3509 3916 qui
3536 3844 3703 3899 veluti
3728 3858 3892 3899 carne

2300 3961 2492 4006 exutus
2510 3960 2563 4002 et
2585 3960 2811 4015 corpore
2830 3942 3097 4014 deposito,
3130 3939 3272 3995 nuda
3295 3934 3693 4009 propemodum
3704 3944 3891 3989 -totutn

2305 4054 2567 4098 terrarum
2594 4037 2781 4094 orbem
2813 4037 2989 4092 anima
3018 4032 3352 4105 peragravit,
3377 4030 3467 4101 qui
3497 4030 3644 4084 omni
3671 4043 3741 4084 ex
3775 4029 3894 4083 ani-

2306 4151 2395 4189 tno
2424 4131 2828 4204 perturbatione
2848 4130 3144 4194 eliminata,
3174 4125 3610 4193 incorporearum
3636 4120 3893 4174 virtutum

2309 4226 2531 4282 liberam
2577 4222 2851 4278 doloribus
2898 4227 3142 4275 naturam
3188 4216 3436 4280 imitans,
3482 4213 3584 4267 alia
3605 4212 3789 4267 omnia
3821 4210 3899 4266 fa-

2311 4317 2413 4371 cile
2440 4316 2662 4378 ferebat,
2696 4311 2921 4384 perinde
2946 4325 3011 4367 ac
3038 4310 3082 4364 si
3113 4309 3167 4362 in
3195 4308 3369 4361 alieno
3391 4320 3619 4375 corpore
3645 4313 3701 4358 et
3723 4317 3898 4358 carce-

2308 4424 2395 4465 res
2421 4419 2475 4465 et
2501 4407 2707 4464 vincula
2737 4416 2794 4462 et
2822 4383 3010 4487 exs/ilia
3042 4413 3096 4458 et
3134 4400 3343 4471 ﬂagella
3381 4408 3431 4453 et
3472 4400 3647 4453 minas
3674 4407 3730 4454 et
3756 4413 3895 4452 mor—

2311 4511 2417 4556 tem
2444 4514 2709 4569 omneque
2740 4495 3127 4567 suppliciorum
3174 4506 3346 4565 genus
3377 4498 3673 4563 pateretur,
3701 4489 3771 4543 ab
3792 4502 3891 4543 una

2310 4608 2439 4647 vero
2464 4590 2564 4645 sibi
2595 4590 2788 4645 dileCta
2831 4588 3011 4642 anima
3039 4596 3345 4655 separatus,
3392 4581 3528 4637 adeo
3557 4578 3818 4636 coiifnsus
3844 4588 3891 4633 et

2312 4685 2658 4742 conturbatus
2693 4681 2811 4747 fuit,
2841 4691 2900 4736 ut
2927 4681 2979 4735 in
3012 4694 3114 4751 qua
3143 4678 3398 4732 dilectum
3428 4676 3669 4730 visurum
3700 4689 3760 4729 se
3782 4688 3906 4744 spe—

2311 4781 2483 4846 rabat,
2515 4792 2624 4833 non
2651 4779 2867 4833 invento
2894 4788 2981 4840 eo,
3016 4773 3264 4843 protinus
3291 4787 3322 4826 e
3351 4770 3576 4825 cititate
3604 4766 3895 4838 prosiliret.

2312 4872 2448 4941 Quid
2480 4872 2610 4935 hoc,
2660 4869 2870 4924 obeate
2914 4865 3108 4922 Paule?
3152 4873 3207 4918 tu
3235 4862 3448 4917 vinctus
3488 4858 3709 4930 'quidem
3752 4873 3901 4914 com-

2317 4964 2541 5035 pedibus
2574 4972 2629 5017 et
2654 4962 2707 5017 in
2735 4973 2955 5015 carcere
2984 4957 3191 5028 positus
3214 4997 3228 5019 ,
3257 4964 3312 5010 et
3339 4952 3544 5023 ﬂagella
3586 4950 3901 5008 incumbeno

2318 5059 2387 5111 tia
2428 5054 2734 5120 sustinens,
2789 5062 2844 5108 et
2882 5052 3131 5120 scapulas
3156 5047 3419 5118 sanguine
3445 5045 3651 5101 habens
3674 5047 3903 5100 circum-

2317 5148 2463 5204 fusas
2481 5189 2496 5213 ,
2528 5146 2782 5219 mysteria
2810 5142 3044 5199 docebas
3062 5181 3079 5207 ,
3133 5153 3290 5194 sacro
3309 5124 3629 5206 baptismate
3657 5134 3902 5189 initiabas

2318 5252 2374 5299 et
2398 5239 2721 5297 sacriﬁcium
2749 5236 3046 5300 oﬁ'erebas,
3074 5246 3177 5288 nec
3206 5231 3422 5286 unicum
3467 5226 3784 5283 salvandum
3809 5227 3901 5280 de-

2320 5333 2627 5406 spiciebas;
2673 5331 2726 5385 in
2765 5326 3032 5385 Troadem
3064 5340 3192 5379 vero
3223 5321 3513 5393 profectus,
3552 5333 3676 5373 cum
3708 5326 3902 5373 terram

2322 5432 2668 5496 expurgatam
2691 5463 2706 5488 ,
2756 5430 2812 5475 et
2854 5418 2923 5473 ad
2961 5428 3133 5473 status
3171 5412 3518 5482 excipiendos
3556 5417 3904 5480 praeparatam

2326 5515 2645 5583 invenisses,
2690 5522 2799 5569 tam
2840 5510 3160 5582 praeclarum
3203 5522 3268 5562 ex
3315 5503 3561 5559 manibus
3589 5502 3798 5557 lucrum
3818 5498 3905 5554 ab-

2389 5691 2463 5754 (σ)
2486 5690 2561 5754 Ex.
2578 5684 2778 5754 Wa
2798 5702 2834 5737 ιι
2855 5686 2915 5754 ίὲ
2928 5683 3068 5754 ca9:.1
3081 5720 3095 5733 ο
3109 5676 3419 5754 ΕΡῖδιοὶεκ.¹’
3435 5669 3901 5754 ἓᾜέίῗὲςδιξςξέαὲ

2330 5732 2849 5812 ofﬁcinam—Ei};
2860 5732 3168 5797 ῇόιὶίιιίέιιιέ
3192 5742 3410 5806 perfecta
3433 5737 3671 5796 Caritate,
3693 5732 3833 5784 Tom.
3857 5732 3901 5789 6,

2328 5820 2423 5866 col.
2448 5818 2556 5865 481.

2395 5879 2461 5941 ib)
2492 5877 2562 5927 lix
2589 5876 2801 5938 Epistola
2826 5890 2859 5924 tt
2911 5872 2969 5921 ad
2989 5866 3335 5932 Olympiadem,
3360 5864 3499 5914 Tum.
3524 5862 3573 5924 ὃ,
3596 5852 3699 5902 θοι.
3722 5849 3830 5903 569-
