  <div class='ocr_page' id='page_1' title='image "/cluster/home/n/w/nwhite01/storage/ocr_20150623/63/ien.35556001660919/833.png"; bbox 0 0 4036 6432; ppageno 0'>
   <div class='ocr_carea' id='block_1_1' title="bbox 502 411 608 468">
    <p class='ocr_par' dir='ltr' id='par_1_1' title="bbox 502 411 608 468">
     <span class='ocr_line' id='line_1_1' title="bbox 502 411 608 468; baseline -0.028 0"><span class='ocrx_word' id='word_1_1' title='bbox 502 411 608 468; x_wconf 70' lang='lat' dir='ltr'><strong>M3</strong></span> 
     </span>
    </p>
   </div>
   <div class='ocr_carea' id='block_1_2' title="bbox 1426 402 2834 475">
    <p class='ocr_par' dir='ltr' id='par_1_2' title="bbox 1426 402 2834 475">
     <span class='ocr_line' id='line_1_2' title="bbox 1426 402 2834 475; baseline 0.001 -14"><span class='ocrx_word' id='word_1_2' title='bbox 1426 402 1773 463; x_wconf 67' lang='lat' dir='ltr'><strong>ENCOMIUM</strong></span> <span class='ocrx_word' id='word_1_3' title='bbox 1811 405 1866 461; x_wconf 90' lang='lat' dir='ltr'><strong>S.</strong></span> <span class='ocrx_word' id='word_1_4' title='bbox 1911 404 2234 460; x_wconf 78' lang='lat' dir='ltr'><strong>GREGORII</strong></span> <span class='ocrx_word' id='word_1_5' title='bbox 2276 404 2834 475; x_wconf 69' lang='grc' dir='ltr'><strong>ιιιυιιιΝΑτοιιιε,</strong></span> 
     </span>
    </p>
   </div>
   <div class='ocr_carea' id='block_1_3' title="bbox 3690 411 3791 475">
    <p class='ocr_par' dir='ltr' id='par_1_3' title="bbox 3690 411 3791 475">
     <span class='ocr_line' id='line_1_3' title="bbox 3690 411 3791 475; baseline 0.079 -8"><span class='ocrx_word' id='word_1_6' title='bbox 3690 411 3791 475; x_wconf 73' lang='grc'><strong>944</strong></span> 
     </span>
    </p>
   </div>
   <div class='ocr_carea' id='block_1_4' title="bbox 494 599 3794 639">
    <p class='ocr_par' dir='ltr' id='par_1_4' title="bbox 494 599 3794 639">
     <span class='ocr_line' id='line_1_4' title="bbox 494 599 3794 639; baseline 0.003 -8"><span class='ocrx_word' id='word_1_7' title='bbox 494 599 3794 639; x_wconf 59' lang='lat' dir='ltr'><em>W</em></span> 
     </span>
    </p>
   </div>
   <div class='ocr_carea' id='block_1_5' title="bbox 1600 722 2689 879">
    <p class='ocr_par' dir='ltr' id='par_1_5' title="bbox 1600 722 2689 879">
     <span class='ocr_line' id='line_1_5' title="bbox 1600 722 2689 879; baseline 0.002 -10"><span class='ocrx_word' id='word_1_8' title='bbox 1600 722 1855 870; x_wconf 84' lang='lat' dir='ltr'><strong>EN</strong></span> <span class='ocrx_word' id='word_1_9' title='bbox 1864 726 2689 879; x_wconf 85' lang='lat' dir='ltr'><strong>COMIUM</strong></span> 
     </span>
    </p>
   </div>
   <div class='ocr_carea' id='block_1_6' title="bbox 798 963 3429 1062">
    <p class='ocr_par' dir='ltr' id='par_1_6' title="bbox 798 963 3429 1062">
     <span class='ocr_line' id='line_1_6' title="bbox 798 963 3429 1062; baseline 0.004 -14"><span class='ocrx_word' id='word_1_10' title='bbox 798 965 889 1048; x_wconf 89' lang='lat' dir='ltr'><strong>S.</strong></span> <span class='ocrx_word' id='word_1_11' title='bbox 947 965 1572 1058; x_wconf 77' lang='lat' dir='ltr'><strong>GREGORII,</strong></span> <span class='ocrx_word' id='word_1_12' title='bbox 1624 963 2408 1048; x_wconf 80' lang='lat' dir='ltr'><strong>ARMENORUM</strong></span> <span class='ocrx_word' id='word_1_13' title='bbox 2465 965 3429 1062; x_wconf 58' lang='lat' dir='ltr'><strong>ILLUMINATORlss</strong></span> 
     </span>
    </p>
   </div>
   <div class='ocr_carea' id='block_1_7' title="bbox 1250 1124 3018 1208">
    <p class='ocr_par' dir='ltr' id='par_1_7' title="bbox 1250 1124 3018 1208">
     <span class='ocr_line' id='line_1_7' title="bbox 1250 1124 3018 1208; baseline 0.005 -21"><span class='ocrx_word' id='word_1_14' title='bbox 1250 1124 1628 1197; x_wconf 79' lang='lat' dir='ltr'><strong>AUCTORE</strong></span> <span class='ocrx_word' id='word_1_15' title='bbox 1669 1124 1985 1189; x_wconf 83' lang='lat' dir='ltr'><strong>SANCTO</strong></span> <span class='ocrx_word' id='word_1_16' title='bbox 2026 1128 2338 1191; x_wconf 82' lang='lat' dir='ltr'><strong>JOANNE</strong></span> <span class='ocrx_word' id='word_1_17' title='bbox 2381 1129 3018 1208; x_wconf 80' lang='lat' dir='ltr'><strong>CHRYSOSTOMO;</strong></span> 
     </span>
    </p>
   </div>
   <div class='ocr_carea' id='block_1_8' title="bbox 1938 1291 2326 1338">
    <p class='ocr_par' dir='ltr' id='par_1_8' title="bbox 1938 1291 2326 1338">
     <span class='ocr_line' id='line_1_8' title="bbox 1938 1291 2326 1338; baseline 0.005 -2"><span class='ocrx_word' id='word_1_18' title='bbox 1938 1291 2326 1338; x_wconf 69' lang='lat' dir='ltr'><strong>BXCBIP’I‘UH</strong></span> 
     </span>
    </p>
   </div>
   <div class='ocr_carea' id='block_1_9' title="bbox 584 1417 2089 1488">
    <p class='ocr_par' dir='ltr' id='par_1_9' title="bbox 584 1417 2089 1488">
     <span class='ocr_line' id='line_1_9' title="bbox 584 1417 2089 1488; baseline -0.001 -10"><span class='ocrx_word' id='word_1_19' title='bbox 584 1422 673 1478; x_wconf 79' lang='lat' dir='ltr'><strong>EX</strong></span> <span class='ocrx_word' id='word_1_20' title='bbox 721 1419 1185 1488; x_wconf 80' lang='lat' dir='ltr'><strong>D—JABRINTIR,</strong></span> <span class='ocrx_word' id='word_1_21' title='bbox 1227 1418 1362 1485; x_wconf 69' lang='grc' dir='ltr'><strong>εει]</strong></span> <span class='ocrx_word' id='word_1_22' title='bbox 1406 1417 1815 1475; x_wconf 80' lang='lat' dir='ltr'><strong>HOMILIARIO</strong></span> <span class='ocrx_word' id='word_1_23' title='bbox 1856 1419 2089 1477; x_wconf 65' lang='lat' dir='ltr'><strong>ARMEN</strong></span> 
     </span>
    </p>
   </div>
   <div class='ocr_carea' id='block_1_10' title="bbox 2203 1417 3699 1488">
    <p class='ocr_par' dir='ltr' id='par_1_10' title="bbox 2203 1421 3699 1482">
     <span class='ocr_line' id='line_1_10' title="bbox 2203 1421 3699 1482; baseline 0.003 -5"><span class='ocrx_word' id='word_1_24' title='bbox 2203 1421 2667 1479; x_wconf 59' lang='lat' dir='ltr'><strong>BIBLIOTllECIE</strong></span> <span class='ocrx_word' id='word_1_25' title='bbox 2707 1422 2942 1479; x_wconf 67' lang='lat' dir='ltr'><strong>REGIE</strong></span> <span class='ocrx_word' id='word_1_26' title='bbox 2981 1422 3261 1481; x_wconf 78' lang='lat' dir='ltr'><strong>NOTA&#39;I&#39;O</strong></span> <span class='ocrx_word' id='word_1_27' title='bbox 3297 1424 3599 1481; x_wconf 78' lang='lat' dir='ltr'><strong>LITTERA</strong></span> <span class='ocrx_word' id='word_1_28' title='bbox 3637 1424 3699 1482; x_wconf 84' lang='lat' dir='ltr'><strong>C.</strong></span> 
     </span>
    </p>
   </div>
   <div class='ocr_carea' id='block_1_11' title="bbox 1218 1562 2089 1623">
    <p class='ocr_par' dir='ltr' id='par_1_11' title="bbox 1218 1575 2089 1621">
     <span class='ocr_line' id='line_1_11' title="bbox 1218 1575 2089 1621; baseline 0.002 -2"><span class='ocrx_word' id='word_1_29' title='bbox 1218 1575 1301 1619; x_wconf 71' lang='grc' dir='ltr'><strong>ΒΧ</strong></span> <span class='ocrx_word' id='word_1_30' title='bbox 1344 1575 1607 1620; x_wconf 70' lang='grc' dir='ltr'><strong>ΔΠΜΕΝΔ</strong></span> <span class='ocrx_word' id='word_1_31' title='bbox 1655 1575 1891 1619; x_wconf 68' lang='grc' dir='ltr'><strong>ιικαω</strong></span> <span class='ocrx_word' id='word_1_32' title='bbox 1923 1576 1999 1620; x_wconf 72' lang='grc' dir='ltr'><strong>ἸΝ</strong></span> <span class='ocrx_word' id='word_1_33' title='bbox 2048 1577 2089 1621; x_wconf 42' lang='grc' dir='ltr'><strong>ιλ</strong></span> 
     </span>
    </p>
   </div>
   <div class='ocr_carea' id='block_1_12' title="bbox 2203 1562 3067 1623">
    <p class='ocr_par' dir='ltr' id='par_1_12' title="bbox 2203 1562 3067 1623">
     <span class='ocr_line' id='line_1_12' title="bbox 2203 1562 3067 1623; baseline 0.001 -1"><span class='ocrx_word' id='word_1_34' title='bbox 2203 1578 2331 1623; x_wconf 70' lang='lat' dir='ltr'><strong>nm</strong></span> <span class='ocrx_word' id='word_1_35' title='bbox 2374 1579 2631 1623; x_wconf 74' lang='lat' dir='ltr'><strong>vsasuu</strong></span> <span class='ocrx_word' id='word_1_36' title='bbox 2677 1580 2845 1623; x_wconf 67' lang='lat' dir='ltr'><strong>uno</strong></span> <span class='ocrx_word' id='word_1_37' title='bbox 2889 1562 3067 1623; x_wconf 78' lang='grc'><strong>1735.</strong></span> 
     </span>
    </p>
   </div>
   <div class='ocr_carea' id='block_1_13' title="bbox 1114 1822 2089 1938">
    <p class='ocr_par' dir='ltr' id='par_1_13' title="bbox 1114 1822 2089 1936">
     <span class='ocr_line' id='line_1_13' title="bbox 1114 1822 2089 1936; baseline -0.007 0"><span class='ocrx_word' id='word_1_38' title='bbox 1114 1823 1954 1936; x_wconf 73' lang='grc' dir='ltr'><strong>ΜΟΝΙΤΠΜ</strong></span> <span class='ocrx_word' id='word_1_39' title='bbox 2017 1822 2089 1929; x_wconf 97' lang='grc'><em>1</em></span> 
     </span>
    </p>
   </div>
   <div class='ocr_carea' id='block_1_14' title="bbox 2203 1822 3155 1938">
    <p class='ocr_par' dir='ltr' id='par_1_14' title="bbox 2217 1826 3155 1938">
     <span class='ocr_line' id='line_1_14' title="bbox 2217 1826 3155 1938; baseline 0.009 -8"><span class='ocrx_word' id='word_1_40' title='bbox 2217 1826 2840 1936; x_wconf 80' lang='grc' dir='ltr'><strong>ΤΕΒΡΒΕ</strong></span> <span class='ocrx_word' id='word_1_41' title='bbox 2858 1830 3155 1938; x_wconf 91' lang='lat' dir='ltr'><strong><em>TIS.</em></strong></span> 
     </span>
    </p>
   </div>
   <div class='ocr_carea' id='block_1_15' title="bbox 562 2030 2081 2104">
    <p class='ocr_par' dir='ltr' id='par_1_15' title="bbox 562 2030 2081 2104">
     <span class='ocr_line' id='line_1_15' title="bbox 562 2030 2081 2104; baseline -0.003 -15"><span class='ocrx_word' id='word_1_42' title='bbox 562 2036 859 2104; x_wconf 77' lang='lat' dir='ltr'><strong>Antequam</strong></span> <span class='ocrx_word' id='word_1_43' title='bbox 903 2030 1114 2087; x_wconf 87' lang='lat' dir='ltr'><strong>titulum</strong></span> <span class='ocrx_word' id='word_1_44' title='bbox 1136 2072 1156 2104; x_wconf 14' lang='grc' dir='ltr'><strong>,ί</strong></span> <span class='ocrx_word' id='word_1_45' title='bbox 1182 2030 1307 2086; x_wconf 99' lang='lat' dir='ltr'><strong>huic</strong></span> <span class='ocrx_word' id='word_1_46' title='bbox 1338 2030 1597 2104; x_wconf 81' lang='lat' dir='ltr'><strong>Encomio</strong></span> <span class='ocrx_word' id='word_1_47' title='bbox 1627 2030 1679 2083; x_wconf 93' lang='lat' dir='ltr'><strong>in</strong></span> <span class='ocrx_word' id='word_1_48' title='bbox 1713 2031 2081 2100; x_wconf 85' lang='lat' dir='ltr'><strong>manuscripto</strong></span> 
     </span>
    </p>
   </div>
   <div class='ocr_carea' id='block_1_16' title="bbox 492 2102 2080 2175">
    <p class='ocr_par' dir='ltr' id='par_1_16' title="bbox 492 2102 2080 2175">
     <span class='ocr_line' id='line_1_16' title="bbox 492 2102 2080 2175; baseline -0.005 -16"><span class='ocrx_word' id='word_1_49' title='bbox 492 2122 600 2175; x_wconf 85' lang='lat' dir='ltr'><strong>quo</strong></span> <span class='ocrx_word' id='word_1_50' title='bbox 644 2102 731 2159; x_wconf 87' lang='lat' dir='ltr'><strong>usi</strong></span> <span class='ocrx_word' id='word_1_51' title='bbox 760 2118 947 2159; x_wconf 89' lang='lat' dir='ltr'><strong>sumus</strong></span> <span class='ocrx_word' id='word_1_52' title='bbox 973 2103 1305 2175; x_wconf 79' lang='lat' dir='ltr'><strong>appositum,</strong></span> <span class='ocrx_word' id='word_1_53' title='bbox 1337 2102 1718 2175; x_wconf 64' lang='lat' dir='ltr'><strong>inscribainus,</strong></span> <span class='ocrx_word' id='word_1_54' title='bbox 1745 2116 1923 2175; x_wconf 71' lang='lat' dir='ltr'><strong>opera:</strong></span> <span class='ocrx_word' id='word_1_55' title='bbox 1956 2117 2080 2175; x_wconf 71' lang='lat' dir='ltr'><strong>pre-</strong></span> 
     </span>
    </p>
   </div>
   <div class='ocr_carea' id='block_1_17' title="bbox 494 2172 2085 2236">
    <p class='ocr_par' dir='ltr' id='par_1_17' title="bbox 494 2172 2085 2236">
     <span class='ocr_line' id='line_1_17' title="bbox 494 2172 2085 2236; baseline -0.002 -7"><span class='ocrx_word' id='word_1_56' title='bbox 494 2172 625 2230; x_wconf 90' lang='lat' dir='ltr'><strong>tium</strong></span> <span class='ocrx_word' id='word_1_57' title='bbox 649 2184 732 2231; x_wconf 88' lang='lat' dir='ltr'><strong>est</strong></span> <span class='ocrx_word' id='word_1_58' title='bbox 760 2172 1019 2229; x_wconf 88' lang='lat' dir='ltr'><strong>lectorem</strong></span> <span class='ocrx_word' id='word_1_59' title='bbox 1045 2172 1358 2236; x_wconf 83' lang='lat' dir='ltr'><strong>admouere.</strong></span> <span class='ocrx_word' id='word_1_60' title='bbox 1390 2173 1491 2226; x_wconf 88' lang='lat' dir='ltr'><strong>hoc</strong></span> <span class='ocrx_word' id='word_1_61' title='bbox 1538 2172 1853 2225; x_wconf 86' lang='lat' dir='ltr'><strong>Encomium</strong></span> <span class='ocrx_word' id='word_1_62' title='bbox 1878 2172 1932 2224; x_wconf 92' lang='lat' dir='ltr'><strong>in</strong></span> <span class='ocrx_word' id='word_1_63' title='bbox 1964 2172 2085 2226; x_wconf 79' lang='lat' dir='ltr'><strong>aliis</strong></span> 
     </span>
    </p>
   </div>
   <div class='ocr_carea' id='block_1_18' title="bbox 492 2242 2086 2315">
    <p class='ocr_par' dir='ltr' id='par_1_18' title="bbox 492 2242 2086 2315">
     <span class='ocr_line' id='line_1_18' title="bbox 492 2242 2086 2315; baseline -0.003 -13"><span class='ocrx_word' id='word_1_64' title='bbox 492 2250 656 2302; x_wconf 87' lang='lat' dir='ltr'><strong>etiam</strong></span> <span class='ocrx_word' id='word_1_65' title='bbox 676 2246 886 2301; x_wconf 89' lang='lat' dir='ltr'><strong>duobus</strong></span> <span class='ocrx_word' id='word_1_66' title='bbox 911 2242 1225 2315; x_wconf 79' lang='lat' dir='ltr'><strong>D-jarrintir</strong></span> <span class='ocrx_word' id='word_1_67' title='bbox 1251 2257 1349 2299; x_wconf 85' lang='lat' dir='ltr'><strong>seu</strong></span> <span class='ocrx_word' id='word_1_68' title='bbox 1377 2242 1705 2297; x_wconf 84' lang='lat' dir='ltr'><strong>llomiliariis</strong></span> <span class='ocrx_word' id='word_1_69' title='bbox 1728 2242 1981 2297; x_wconf 86' lang='lat' dir='ltr'><strong>Armeuis</strong></span> <span class='ocrx_word' id='word_1_70' title='bbox 2006 2257 2086 2298; x_wconf 85' lang='lat' dir='ltr'><strong>re-</strong></span> 
     </span>
    </p>
   </div>
   <div class='ocr_carea' id='block_1_19' title="bbox 563 2333 675 2371">
    <p class='ocr_par' dir='ltr' id='par_1_19' title="bbox 563 2333 675 2371">
     <span class='ocr_line' id='line_1_19' title="bbox 563 2333 675 2371; baseline -0.027 0"><span class='ocrx_word' id='word_1_71' title='bbox 563 2333 675 2371; x_wconf 76' lang='grc' dir='ltr'><strong>ΓΙΠ.</strong></span> 
     </span>
    </p>
   </div>
   <div class='ocr_carea' id='block_1_20' title="bbox 492 2332 2087 2466">
    <p class='ocr_par' dir='ltr' id='par_1_20' title="bbox 492 2332 2087 2466">
     <span class='ocr_line' id='line_1_20' title="bbox 492 2332 2087 2466; baseline -0.002 -24"><span class='ocrx_word' id='word_1_72' title='bbox 828 2398 1016 2466; x_wconf 76' lang='lat' dir='ltr'><strong>eorum</strong></span> <span class='ocrx_word' id='word_1_73' title='bbox 1044 2384 1277 2466; x_wconf 69' lang='lat' dir='ltr'><strong>ingentis</strong></span> <span class='ocrx_word' id='word_1_74' title='bbox 1307 2391 1391 2466; x_wconf 81' lang='lat' dir='ltr'><strong>est</strong></span> <span class='ocrx_word' id='word_1_75' title='bbox 1433 2382 1607 2466; x_wconf 83' lang='lat' dir='ltr'><strong>molis,</strong></span> <span class='ocrx_word' id='word_1_76' title='bbox 1638 2392 1692 2436; x_wconf 91' lang='lat' dir='ltr'><strong>et</strong></span> <span class='ocrx_word' id='word_1_77' title='bbox 1718 2381 2087 2466; x_wconf 71' lang='lat' dir='ltr'><strong>ducentisab-</strong></span> 
     </span>
    </p>
   </div>
   <div class='ocr_carea' id='block_1_21' title="bbox 494 2453 2084 2526">
    <p class='ocr_par' dir='ltr' id='par_1_21' title="bbox 494 2453 2084 2526">
     <span class='ocr_line' id='line_1_21' title="bbox 494 2453 2084 2526; baseline -0.003 -14"><span class='ocrx_word' id='word_1_78' title='bbox 494 2457 618 2512; x_wconf 89' lang='lat' dir='ltr'><strong>hinc</strong></span> <span class='ocrx_word' id='word_1_79' title='bbox 645 2466 697 2513; x_wconf 89' lang='lat' dir='ltr'><strong>et</strong></span> <span class='ocrx_word' id='word_1_80' title='bbox 726 2457 957 2526; x_wconf 83' lang='lat' dir='ltr'><strong>amplius</strong></span> <span class='ocrx_word' id='word_1_81' title='bbox 997 2453 1155 2512; x_wconf 84' lang='lat' dir='ltr'><strong>annis</strong></span> <span class='ocrx_word' id='word_1_82' title='bbox 1182 2454 1395 2511; x_wconf 88' lang='lat' dir='ltr'><strong>videtur</strong></span> <span class='ocrx_word' id='word_1_83' title='bbox 1422 2462 1724 2519; x_wconf 80' lang='lat' dir='ltr'><strong>exaratum,</strong></span> <span class='ocrx_word' id='word_1_84' title='bbox 1755 2453 1899 2523; x_wconf 90' lang='lat' dir='ltr'><strong>quod</strong></span> <span class='ocrx_word' id='word_1_85' title='bbox 1929 2453 2084 2509; x_wconf 88' lang='lat' dir='ltr'><strong>litera</strong></span> 
     </span>
    </p>
   </div>
   <div class='ocr_carea' id='block_1_22' title="bbox 492 2528 866 2583">
    <p class='ocr_par' dir='ltr' id='par_1_22' title="bbox 492 2528 866 2583">
     <span class='ocr_line' id='line_1_22' title="bbox 492 2528 866 2583; baseline -0.005 -2"><span class='ocrx_word' id='word_1_86' title='bbox 492 2530 535 2581; x_wconf 81' lang='grc' dir='ltr'><em>Α</em></span> <span class='ocrx_word' id='word_1_87' title='bbox 563 2528 866 2583; x_wconf 75' lang='lat' dir='ltr'><strong>insumitur.</strong></span> 
     </span>
    </p>
   </div>
   <div class='ocr_carea' id='block_1_23' title="bbox 566 2543 2085 2663">
    <p class='ocr_par' dir='ltr' id='par_1_23' title="bbox 566 2543 2085 2663">
     <span class='ocr_line' id='line_1_23' title="bbox 705 2544 866 2580; baseline 0 -1"><span class='ocrx_word' id='word_1_88' title='bbox 705 2546 733 2579; x_wconf 87' lang='lat' dir='ltr'><strong>ll</strong></span> <span class='ocrx_word' id='word_1_89' title='bbox 785 2544 815 2580; x_wconf 84' lang='grc' dir='ltr'><strong>ιι</strong></span> <span class='ocrx_word' id='word_1_90' title='bbox 852 2565 866 2579; x_wconf 77' lang='grc' dir='ltr'><strong>ο</strong></span> 
     </span>
     <span class='ocr_line' id='line_1_24' title="bbox 566 2543 2085 2663; baseline -0.004 -10"><span class='ocrx_word' id='word_1_91' title='bbox 566 2543 965 2663; x_wconf 50' lang='lat' dir='ltr'><strong>ll&#39;tllsibgrultlnrvcro</strong></span> <span class='ocrx_word' id='word_1_92' title='bbox 988 2597 1279 2653; x_wconf 80' lang='lat' dir='ltr'><strong>maximum</strong></span> <span class='ocrx_word' id='word_1_93' title='bbox 1308 2605 1391 2653; x_wconf 89' lang='lat' dir='ltr'><strong>est</strong></span> <span class='ocrx_word' id='word_1_94' title='bbox 1416 2594 1692 2659; x_wconf 83' lang='lat' dir='ltr'><strong>volumen,</strong></span> <span class='ocrx_word' id='word_1_95' title='bbox 1723 2608 1787 2649; x_wconf 80' lang='lat' dir='ltr'><strong>ex</strong></span> <span class='ocrx_word' id='word_1_96' title='bbox 1820 2607 1881 2647; x_wconf 88' lang='lat' dir='ltr'><strong>ea</strong></span> <span class='ocrx_word' id='word_1_97' title='bbox 1914 2592 2085 2647; x_wconf 85' lang='lat' dir='ltr'><strong>forma</strong></span> 
     </span>
    </p>
   </div>
   <div class='ocr_carea' id='block_1_24' title="bbox 490 2663 2086 2739">
    <p class='ocr_par' dir='ltr' id='par_1_24' title="bbox 490 2663 2086 2739">
     <span class='ocr_line' id='line_1_25' title="bbox 490 2663 2086 2739; baseline -0.003 -16"><span class='ocrx_word' id='word_1_98' title='bbox 490 2685 653 2739; x_wconf 87' lang='lat' dir='ltr'><strong>quam</strong></span> <span class='ocrx_word' id='word_1_99' title='bbox 694 2676 890 2722; x_wconf 88' lang='lat' dir='ltr'><strong>vocant</strong></span> <span class='ocrx_word' id='word_1_100' title='bbox 916 2669 1149 2739; x_wconf 67' lang='lat' dir='ltr'><strong>iri-folio,</strong></span> <span class='ocrx_word' id='word_1_101' title='bbox 1180 2667 1323 2739; x_wconf 87' lang='lat' dir='ltr'><strong>quo_d</strong></span> <span class='ocrx_word' id='word_1_102' title='bbox 1368 2667 1581 2721; x_wconf 89' lang='lat' dir='ltr'><strong>videtur</strong></span> <span class='ocrx_word' id='word_1_103' title='bbox 1604 2680 1725 2720; x_wconf 87' lang='lat' dir='ltr'><strong>esse</strong></span> <span class='ocrx_word' id='word_1_104' title='bbox 1753 2663 1949 2720; x_wconf 86' lang='lat' dir='ltr'><strong>decimi</strong></span> <span class='ocrx_word' id='word_1_105' title='bbox 2000 2663 2086 2720; x_wconf 89' lang='lat' dir='ltr'><strong>vel</strong></span> 
     </span>
    </p>
   </div>
   <div class='ocr_carea' id='block_1_25' title="bbox 494 2737 1577 2797">
    <p class='ocr_par' dir='ltr' id='par_1_25' title="bbox 494 2737 1577 2797">
     <span class='ocr_line' id='line_1_26' title="bbox 494 2737 1577 2797; baseline -0.005 -4"><span class='ocrx_word' id='word_1_106' title='bbox 494 2737 761 2794; x_wconf 82' lang='lat' dir='ltr'><strong>undecimi</strong></span> <span class='ocrx_word' id='word_1_107' title='bbox 783 2738 973 2797; x_wconf 63' lang='grc' dir='ltr'><strong>Μαιιί</strong></span> <span class='ocrx_word' id='word_1_108' title='bbox 1004 2737 1059 2794; x_wconf 83' lang='lat' dir='ltr'><strong>et</strong></span> <span class='ocrx_word' id='word_1_109' title='bbox 1082 2739 1235 2793; x_wconf 86' lang='lat' dir='ltr'><strong>litera</strong></span> <span class='ocrx_word' id='word_1_110' title='bbox 1267 2737 1312 2792; x_wconf 84' lang='grc' dir='ltr'><em>Β</em></span> <span class='ocrx_word' id='word_1_111' title='bbox 1342 2745 1577 2792; x_wconf 85' lang='lat' dir='ltr'><strong>notatur.</strong></span> 
     </span>
    </p>
   </div>
   <div class='ocr_carea' id='block_1_26' title="bbox 566 2804 2088 2864">
    <p class='ocr_par' dir='ltr' id='par_1_26' title="bbox 566 2804 2088 2864">
     <span class='ocr_line' id='line_1_27' title="bbox 566 2804 2088 2864; baseline -0.002 0"><span class='ocrx_word' id='word_1_112' title='bbox 566 2810 699 2864; x_wconf 80' lang='lat' dir='ltr'><strong>Cum</strong></span> <span class='ocrx_word' id='word_1_113' title='bbox 726 2817 907 2864; x_wconf 88' lang='lat' dir='ltr'><strong>autem</strong></span> <span class='ocrx_word' id='word_1_114' title='bbox 930 2809 1117 2863; x_wconf 92' lang='lat' dir='ltr'><strong>titulus</strong></span> <span class='ocrx_word' id='word_1_115' title='bbox 1136 2810 1262 2863; x_wconf 86' lang='lat' dir='ltr'><strong>huic</strong></span> <span class='ocrx_word' id='word_1_116' title='bbox 1283 2808 1542 2864; x_wconf 88' lang='lat' dir='ltr'><strong>Encomio</strong></span> <span class='ocrx_word' id='word_1_117' title='bbox 1560 2807 1611 2861; x_wconf 94' lang='lat' dir='ltr'><strong>in</strong></span> <span class='ocrx_word' id='word_1_118' title='bbox 1636 2806 1746 2862; x_wconf 85' lang='lat' dir='ltr'><strong>illis</strong></span> <span class='ocrx_word' id='word_1_119' title='bbox 1762 2804 2088 2861; x_wconf 84' lang='lat' dir='ltr'><strong>llomiliariis</strong></span> 
     </span>
    </p>
   </div>
   <div class='ocr_carea' id='block_1_27' title="bbox 494 2877 2086 2949">
    <p class='ocr_par' dir='ltr' id='par_1_27' title="bbox 494 2877 2086 2949">
     <span class='ocr_line' id='line_1_28' title="bbox 494 2877 2086 2949; baseline -0.003 -14"><span class='ocrx_word' id='word_1_120' title='bbox 494 2882 747 2935; x_wconf 80' lang='lat' dir='ltr'><strong>Armenis</strong></span> <span class='ocrx_word' id='word_1_121' title='bbox 773 2880 1071 2949; x_wconf 86' lang='lat' dir='ltr'><strong>appositus,</strong></span> <span class='ocrx_word' id='word_1_122' title='bbox 1110 2878 1288 2933; x_wconf 90' lang='lat' dir='ltr'><strong>locum</strong></span> <span class='ocrx_word' id='word_1_123' title='bbox 1315 2888 1371 2933; x_wconf 90' lang='lat' dir='ltr'><strong>et</strong></span> <span class='ocrx_word' id='word_1_124' title='bbox 1400 2878 1739 2949; x_wconf 85' lang='lat' dir='ltr'><strong>occasionem</strong></span> <span class='ocrx_word' id='word_1_125' title='bbox 1771 2877 1933 2949; x_wconf 81' lang='lat' dir='ltr'><strong>hujus</strong></span> <span class='ocrx_word' id='word_1_126' title='bbox 1959 2893 2086 2930; x_wconf 85' lang='lat' dir='ltr'><strong>ora-</strong></span> 
     </span>
    </p>
   </div>
   <div class='ocr_carea' id='block_1_28' title="bbox 496 2948 2085 3018">
    <p class='ocr_par' dir='ltr' id='par_1_28' title="bbox 496 2948 2085 3018">
     <span class='ocr_line' id='line_1_29' title="bbox 496 2948 2085 3018; baseline -0.004 -13"><span class='ocrx_word' id='word_1_127' title='bbox 496 2951 658 3005; x_wconf 89' lang='lat' dir='ltr'><strong>tionis</strong></span> <span class='ocrx_word' id='word_1_128' title='bbox 684 2948 895 3014; x_wconf 82' lang='lat' dir='ltr'><strong>doceat,</strong></span> <span class='ocrx_word' id='word_1_129' title='bbox 923 2949 1064 3003; x_wconf 92' lang='lat' dir='ltr'><strong>haud</strong></span> <span class='ocrx_word' id='word_1_130' title='bbox 1091 2950 1358 3018; x_wconf 88' lang='lat' dir='ltr'><strong>ingratum</strong></span> <span class='ocrx_word' id='word_1_131' title='bbox 1391 2948 1506 3018; x_wconf 71' lang='lat' dir='ltr'><strong>fore</strong></span> <span class='ocrx_word' id='word_1_132' title='bbox 1527 2948 1711 3002; x_wconf 89' lang='lat' dir='ltr'><strong>lectori</strong></span> <span class='ocrx_word' id='word_1_133' title='bbox 1742 2948 2085 3013; x_wconf 75' lang='lat' dir='ltr'><strong>confidimus,</strong></span> 
     </span>
    </p>
   </div>
   <div class='ocr_carea' id='block_1_29' title="bbox 494 3016 2088 3088">
    <p class='ocr_par' dir='ltr' id='par_1_29' title="bbox 494 3016 2088 3088">
     <span class='ocr_line' id='line_1_30' title="bbox 494 3016 2088 3088; baseline -0.003 -12"><span class='ocrx_word' id='word_1_134' title='bbox 494 3024 539 3076; x_wconf 85' lang='lat' dir='ltr'><strong>si</strong></span> <span class='ocrx_word' id='word_1_135' title='bbox 566 3022 747 3075; x_wconf 86' lang='lat' dir='ltr'><strong>titulus</strong></span> <span class='ocrx_word' id='word_1_136' title='bbox 765 3028 1010 3088; x_wconf 88' lang='lat' dir='ltr'><strong>uterque,</strong></span> <span class='ocrx_word' id='word_1_137' title='bbox 1025 3016 1184 3088; x_wconf 80' lang='lat' dir='ltr'><strong>quem</strong></span> <span class='ocrx_word' id='word_1_138' title='bbox 1207 3018 1260 3073; x_wconf 82' lang='lat' dir='ltr'><strong>in</strong></span> <span class='ocrx_word' id='word_1_139' title='bbox 1284 3019 1389 3073; x_wconf 88' lang='lat' dir='ltr'><strong>illis</strong></span> <span class='ocrx_word' id='word_1_140' title='bbox 1414 3016 1724 3087; x_wconf 62' lang='grc' dir='ltr'><strong>Ποίαν-νίκην</strong></span> <span class='ocrx_word' id='word_1_141' title='bbox 1739 3030 1927 3073; x_wconf 88' lang='lat' dir='ltr'><strong>nactus</strong></span> <span class='ocrx_word' id='word_1_142' title='bbox 1948 3032 2088 3083; x_wconf 84' lang='lat' dir='ltr'><strong>sum,</strong></span> 
     </span>
    </p>
   </div>
   <div class='ocr_carea' id='block_1_30' title="bbox 494 3090 1169 3160">
    <p class='ocr_par' dir='ltr' id='par_1_30' title="bbox 494 3090 1169 3160">
     <span class='ocr_line' id='line_1_31' title="bbox 494 3090 1169 3160; baseline -0.003 -15"><span class='ocrx_word' id='word_1_143' title='bbox 494 3091 668 3146; x_wconf 90' lang='lat' dir='ltr'><strong>oculis</strong></span> <span class='ocrx_word' id='word_1_144' title='bbox 695 3093 813 3160; x_wconf 83' lang='lat' dir='ltr'><strong>ejus</strong></span> <span class='ocrx_word' id='word_1_145' title='bbox 838 3090 1169 3159; x_wconf 73' lang='lat' dir='ltr'><strong>subjiciatur.</strong></span> 
     </span>
    </p>
   </div>
   <div class='ocr_carea' id='block_1_31' title="bbox 518 3159 2061 3225">
    <p class='ocr_par' dir='ltr' id='par_1_31' title="bbox 518 3159 2061 3225">
     <span class='ocr_line' id='line_1_32' title="bbox 518 3159 2061 3225; baseline -0.005 -8"><span class='ocrx_word' id='word_1_146' title='bbox 518 3159 757 3218; x_wconf 75' lang='lat' dir='ltr'><strong>&#39;l‘iruws</strong></span> <span class='ocrx_word' id='word_1_147' title='bbox 792 3161 1016 3217; x_wconf 70' lang='lat' dir='ltr'><strong>Escouu</strong></span> <span class='ocrx_word' id='word_1_148' title='bbox 1055 3175 1193 3225; x_wconf 75' lang='lat' dir='ltr'><strong>quos</strong></span> <span class='ocrx_word' id='word_1_149' title='bbox 1236 3175 1463 3216; x_wconf 72' lang='grc' dir='ltr'><strong>ιεςιτυιι</strong></span> <span class='ocrx_word' id='word_1_150' title='bbox 1501 3175 1553 3214; x_wconf 67' lang='grc' dir='ltr'><strong>ιιι</strong></span> <span class='ocrx_word' id='word_1_151' title='bbox 1591 3173 1960 3215; x_wconf 70' lang='grc' dir='ltr'><strong>ιιΑιωεοιιιρτο</strong></span> <span class='ocrx_word' id='word_1_152' title='bbox 2000 3159 2061 3211; x_wconf 85' lang='grc' dir='ltr'><strong><em>Α.</em></strong></span> 
     </span>
    </p>
   </div>
   <div class='ocr_carea' id='block_1_32' title="bbox 566 3228 2093 3303">
    <p class='ocr_par' dir='ltr' id='par_1_32' title="bbox 566 3228 2093 3303">
     <span class='ocr_line' id='line_1_33' title="bbox 566 3228 2093 3303; baseline -0.005 -15"><span class='ocrx_word' id='word_1_153' title='bbox 566 3234 786 3288; x_wconf 86' lang='lat' dir='ltr'><strong>Joannis</strong></span> <span class='ocrx_word' id='word_1_154' title='bbox 808 3233 1157 3303; x_wconf 71' lang='lat' dir='ltr'><strong>Gluysostomi</strong></span> <span class='ocrx_word' id='word_1_155' title='bbox 1179 3248 1345 3286; x_wconf 82' lang='lat' dir='ltr'><strong>sermo</strong></span> <span class='ocrx_word' id='word_1_156' title='bbox 1368 3233 1431 3285; x_wconf 85' lang='lat' dir='ltr'><strong>de</strong></span> <span class='ocrx_word' id='word_1_157' title='bbox 1450 3232 1553 3284; x_wconf 76' lang='lat' dir='ltr'><strong>vita</strong></span> <span class='ocrx_word' id='word_1_158' title='bbox 1573 3241 1619 3285; x_wconf 86' lang='lat' dir='ltr'><strong>et</strong></span> <span class='ocrx_word' id='word_1_159' title='bbox 1644 3232 1909 3301; x_wconf 84' lang='lat' dir='ltr'><strong>suppliciis</strong></span> <span class='ocrx_word' id='word_1_160' title='bbox 1929 3228 2093 3284; x_wconf 80' lang='lat' dir='ltr'><strong>sancti</strong></span> 
     </span>
    </p>
   </div>
   <div class='ocr_carea' id='block_1_33' title="bbox 2191 2031 3786 2113">
    <p class='ocr_par' dir='ltr' id='par_1_33' title="bbox 2191 2031 3786 2113">
     <span class='ocr_line' id='line_1_34' title="bbox 2191 2031 3786 2113; baseline 0.009 -28"><span class='ocrx_word' id='word_1_161' title='bbox 2191 2031 2459 2113; x_wconf 41' lang='lat' dir='ltr'><strong>Gregorii,</strong></span> <span class='ocrx_word' id='word_1_162' title='bbox 2477 2034 2694 2101; x_wconf 81' lang='lat' dir='ltr'><strong>Maioris</strong></span> <span class='ocrx_word' id='word_1_163' title='bbox 2722 2037 2988 2113; x_wconf 60' lang='grc' dir='ltr'><strong>ΑνιηιῖηἱςεΔ</strong></span> <span class='ocrx_word' id='word_1_164' title='bbox 3013 2040 3338 2113; x_wconf 65' lang='lat' dir='ltr'><strong>patriarchae,</strong></span> <span class='ocrx_word' id='word_1_165' title='bbox 3368 2042 3532 2097; x_wconf 83' lang='lat' dir='ltr'><strong>dictus</strong></span> <span class='ocrx_word' id='word_1_166' title='bbox 3561 2041 3747 2113; x_wconf 74' lang='lat' dir='ltr'><strong>Kokisi</strong></span> <span class='ocrx_word' id='word_1_167' title='bbox 3763 2086 3786 2113; x_wconf 84' lang='lat'><strong>,</strong></span> 
     </span>
    </p>
   </div>
   <div class='ocr_carea' id='block_1_34' title="bbox 2187 2106 3791 2185">
    <p class='ocr_par' dir='ltr' id='par_1_34' title="bbox 2187 2106 3791 2185">
     <span class='ocr_line' id='line_1_35' title="bbox 2187 2106 3791 2185; baseline 0.009 -31"><span class='ocrx_word' id='word_1_168' title='bbox 2187 2119 2304 2185; x_wconf 64' lang='lat' dir='ltr'><strong>quia</strong></span> <span class='ocrx_word' id='word_1_169' title='bbox 2327 2114 2400 2185; x_wconf 83' lang='lat' dir='ltr'><strong>est</strong></span> <span class='ocrx_word' id='word_1_170' title='bbox 2426 2106 2758 2185; x_wconf 70' lang='lat' dir='ltr'><strong>Armenurum</strong></span> <span class='ocrx_word' id='word_1_171' title='bbox 2787 2108 2902 2164; x_wconf 86' lang='lat' dir='ltr'><strong>mbs</strong></span> <span class='ocrx_word' id='word_1_172' title='bbox 2929 2106 3074 2185; x_wconf 67' lang='lat' dir='ltr'><strong>(dum</strong></span> <span class='ocrx_word' id='word_1_173' title='bbox 3096 2112 3241 2163; x_wconf 68' lang='lat' dir='ltr'><strong>exsul</strong></span> <span class='ocrx_word' id='word_1_174' title='bbox 3257 2113 3333 2185; x_wconf 88' lang='lat' dir='ltr'><strong>_ibi</strong></span> <span class='ocrx_word' id='word_1_175' title='bbox 3375 2113 3629 2183; x_wconf 86' lang='lat' dir='ltr'><strong>degebat),</strong></span> <span class='ocrx_word' id='word_1_176' title='bbox 3656 2106 3791 2185; x_wconf 57' lang='lat' dir='ltr'><strong>ama:</strong></span> 
     </span>
    </p>
   </div>
   <div class='ocr_carea' id='block_1_35' title="bbox 2190 2177 3799 2254">
    <p class='ocr_par' dir='ltr' id='par_1_35' title="bbox 2190 2177 3799 2254">
     <span class='ocr_line' id='line_1_36' title="bbox 2190 2177 3799 2254; baseline 0.009 -29"><span class='ocrx_word' id='word_1_177' title='bbox 2190 2177 2631 2254; x_wconf 66' lang='lat' dir='ltr'><strong>gitauteguodam</strong></span> <span class='ocrx_word' id='word_1_178' title='bbox 2659 2180 2893 2254; x_wconf 77' lang='lat' dir='ltr'><strong>episcopo</strong></span> <span class='ocrx_word' id='word_1_179' title='bbox 2922 2177 2967 2233; x_wconf 85' lang='lat' dir='ltr'><strong>et</strong></span> <span class='ocrx_word' id='word_1_180' title='bbox 2997 2181 3205 2254; x_wconf 73' lang='lat' dir='ltr'><strong>doctore</strong></span> <span class='ocrx_word' id='word_1_181' title='bbox 3231 2177 3472 2247; x_wconf 62' lang='lat' dir='ltr'><strong>Armenii,</strong></span> <span class='ocrx_word' id='word_1_182' title='bbox 3504 2177 3593 2254; x_wconf 82' lang='lat' dir='ltr'><strong>qui</strong></span> <span class='ocrx_word' id='word_1_183' title='bbox 3618 2177 3799 2239; x_wconf 15' lang='lat' dir='ltr'><strong>tsa&#39;ncti</strong></span> 
     </span>
    </p>
   </div>
   <div class='ocr_carea' id='block_1_36' title="bbox 2192 2242 3796 2317">
    <p class='ocr_par' dir='ltr' id='par_1_36' title="bbox 2192 2242 3796 2317">
     <span class='ocr_line' id='line_1_37' title="bbox 2192 2242 3796 2317; baseline 0.008 -21"><span class='ocrx_word' id='word_1_184' title='bbox 2192 2242 2429 2317; x_wconf 82' lang='lat' dir='ltr'><strong>Gregorii</strong></span> <span class='ocrx_word' id='word_1_185' title='bbox 2456 2242 2861 2317; x_wconf 71' lang='lat' dir='ltr'><strong>consanguineus</strong></span> <span class='ocrx_word' id='word_1_186' title='bbox 2885 2260 3011 2315; x_wconf 86' lang='lat' dir='ltr'><strong>erat,</strong></span> <span class='ocrx_word' id='word_1_187' title='bbox 3038 2263 3081 2303; x_wconf 89' lang='lat' dir='ltr'><strong>et</strong></span> <span class='ocrx_word' id='word_1_188' title='bbox 3104 2248 3383 2305; x_wconf 73' lang='lat' dir='ltr'><strong>Dioscorus</strong></span> <span class='ocrx_word' id='word_1_189' title='bbox 3405 2242 3677 2308; x_wconf 61' lang='lat' dir='ltr'><strong>vocabatur</strong></span> <span class='ocrx_word' id='word_1_190' title='bbox 3700 2272 3719 2317; x_wconf 83' lang='lat'><em>:</em></span> <span class='ocrx_word' id='word_1_191' title='bbox 3744 2266 3796 2310; x_wconf 83' lang='lat' dir='ltr'><strong>et</strong></span> 
     </span>
    </p>
   </div>
   <div class='ocr_carea' id='block_1_37' title="bbox 2192 2315 3799 2399">
    <p class='ocr_par' dir='ltr' id='par_1_37' title="bbox 2192 2315 3799 2399">
     <span class='ocr_line' id='line_1_38' title="bbox 2192 2315 3799 2399; baseline 0.009 -33"><span class='ocrx_word' id='word_1_192' title='bbox 2192 2315 2483 2399; x_wconf 63' lang='lat' dir='ltr'><strong>postulante</strong></span> <span class='ocrx_word' id='word_1_193' title='bbox 2512 2315 2874 2399; x_wconf 45' lang='lat' dir='ltr'><strong>magn-oraetu,</strong></span> <span class='ocrx_word' id='word_1_194' title='bbox 2906 2322 2993 2399; x_wconf 78' lang='lat' dir='ltr'><strong>qui</strong></span> <span class='ocrx_word' id='word_1_195' title='bbox 3016 2333 3488 2399; x_wconf 30' lang='lat' dir='ltr'><strong>congregatusAerat</strong></span> <span class='ocrx_word' id='word_1_196' title='bbox 3519 2315 3711 2399; x_wconf 65' lang='lat' dir='ltr'><strong>Kokisi</strong></span> <span class='ocrx_word' id='word_1_197' title='bbox 3741 2328 3799 2381; x_wconf 79' lang='lat' dir='ltr'><strong>its</strong></span> 
     </span>
    </p>
   </div>
   <div class='ocr_carea' id='block_1_38' title="bbox 2192 2384 3637 2459">
    <p class='ocr_par' dir='ltr' id='par_1_38' title="bbox 2192 2384 3637 2459">
     <span class='ocr_line' id='line_1_39' title="bbox 2192 2384 3637 2459; baseline 0.008 -23"><span class='ocrx_word' id='word_1_198' title='bbox 2192 2384 2277 2459; x_wconf 53' lang='lat' dir='ltr'><strong>die</strong></span> <span class='ocrx_word' id='word_1_199' title='bbox 2304 2388 2430 2456; x_wconf 81' lang='lat' dir='ltr'><strong>festo</strong></span> <span class='ocrx_word' id='word_1_200' title='bbox 2450 2384 2613 2459; x_wconf 52' lang='lat' dir='ltr'><strong>salicti</strong></span> <span class='ocrx_word' id='word_1_201' title='bbox 2643 2384 3013 2444; x_wconf 77' lang='lat' dir='ltr'><strong>llluminutoris</strong></span> <span class='ocrx_word' id='word_1_202' title='bbox 3034 2384 3253 2459; x_wconf 53' lang='lat' dir='ltr'><strong>parum</strong></span> <span class='ocrx_word' id='word_1_203' title='bbox 3282 2392 3637 2448; x_wconf 70' lang='lat' dir='ltr'><strong>Orientalium.</strong></span> 
     </span>
    </p>
   </div>
   <div class='ocr_carea' id='block_1_39' title="bbox 2213 2454 3756 2522">
    <p class='ocr_par' dir='ltr' id='par_1_39' title="bbox 2213 2454 3756 2522">
     <span class='ocr_line' id='line_1_40' title="bbox 2213 2454 3756 2522; baseline 0.008 -14"><span class='ocrx_word' id='word_1_204' title='bbox 2213 2454 2448 2510; x_wconf 83' lang='lat' dir='ltr'><strong>Trruws</strong></span> <span class='ocrx_word' id='word_1_205' title='bbox 2488 2457 2710 2514; x_wconf 76' lang='lat' dir='ltr'><strong>ENCOIII</strong></span> <span class='ocrx_word' id='word_1_206' title='bbox 2748 2474 2885 2522; x_wconf 76' lang='lat' dir='ltr'><strong>quon</strong></span> <span class='ocrx_word' id='word_1_207' title='bbox 2924 2454 3151 2516; x_wconf 70' lang='lat' dir='ltr'><strong>Lscium</strong></span> <span class='ocrx_word' id='word_1_208' title='bbox 3190 2479 3239 2516; x_wconf 77' lang='grc' dir='ltr'><strong>ιιι</strong></span> <span class='ocrx_word' id='word_1_209' title='bbox 3298 2480 3661 2520; x_wconf 68' lang='grc' dir='ltr'><strong>ιιιιυδειιιρτο</strong></span> <span class='ocrx_word' id='word_1_210' title='bbox 3691 2464 3756 2520; x_wconf 77' lang='grc' dir='ltr'><strong>Β.</strong></span> 
     </span>
    </p>
   </div>
   <div class='ocr_carea' id='block_1_40' title="bbox 2265 2524 3793 2612">
    <p class='ocr_par' dir='ltr' id='par_1_40' title="bbox 2265 2524 3793 2612">
     <span class='ocr_line' id='line_1_41' title="bbox 2265 2524 3793 2612; baseline 0.007 -33"><span class='ocrx_word' id='word_1_211' title='bbox 2265 2524 2656 2612; x_wconf 51' lang='grc' dir='ltr'><strong>Βεςιιξμοηηηὶς</strong></span> <span class='ocrx_word' id='word_1_212' title='bbox 2694 2529 3040 2612; x_wconf 64' lang='lat' dir='ltr'><strong>Citrysostomi</strong></span> <span class='ocrx_word' id='word_1_213' title='bbox 3068 2531 3298 2612; x_wconf 72' lang='lat' dir='ltr'><strong>lloiniliu</strong></span> <span class='ocrx_word' id='word_1_214' title='bbox 3342 2535 3479 2612; x_wconf 61' lang='lat' dir='ltr'><strong>dicta</strong></span> <span class='ocrx_word' id='word_1_215' title='bbox 3523 2537 3585 2612; x_wconf 64' lang='lat' dir='ltr'><strong>de</strong></span> <span class='ocrx_word' id='word_1_216' title='bbox 3612 2538 3715 2612; x_wconf 76' lang='lat' dir='ltr'><strong>vita</strong></span> <span class='ocrx_word' id='word_1_217' title='bbox 3742 2546 3793 2590; x_wconf 87' lang='lat' dir='ltr'><strong>et</strong></span> 
     </span>
    </p>
   </div>
   <div class='ocr_carea' id='block_1_41' title="bbox 2195 2598 3796 2677">
    <p class='ocr_par' dir='ltr' id='par_1_41' title="bbox 2195 2598 3796 2677">
     <span class='ocr_line' id='line_1_42' title="bbox 2195 2598 3796 2677; baseline 0.007 -29"><span class='ocrx_word' id='word_1_218' title='bbox 2195 2598 2650 2677; x_wconf 40' lang='lat' dir='ltr'><strong>suppliciis-magni</strong></span> <span class='ocrx_word' id='word_1_219' title='bbox 2678 2598 2984 2677; x_wconf 67' lang='lat' dir='ltr'><strong>patriarcha:</strong></span> <span class='ocrx_word' id='word_1_220' title='bbox 3009 2612 3055 2655; x_wconf 84' lang='lat' dir='ltr'><strong>et</strong></span> <span class='ocrx_word' id='word_1_221' title='bbox 3080 2602 3582 2677; x_wconf 52' lang='lat' dir='ltr'><strong>utartgrisGregorii</strong></span> <span class='ocrx_word' id='word_1_222' title='bbox 3612 2609 3796 2660; x_wconf 79' lang='lat' dir='ltr'><strong>Arme-</strong></span> 
     </span>
    </p>
   </div>
   <div class='ocr_carea' id='block_1_42' title="bbox 2194 2661 3794 2745">
    <p class='ocr_par' dir='ltr' id='par_1_42' title="bbox 2194 2661 3794 2745">
     <span class='ocr_line' id='line_1_43' title="bbox 2194 2661 3794 2745; baseline 0.008 -27"><span class='ocrx_word' id='word_1_223' title='bbox 2194 2661 2376 2745; x_wconf 70' lang='lat' dir='ltr'><strong>norum</strong></span> <span class='ocrx_word' id='word_1_224' title='bbox 2405 2661 2802 2745; x_wconf 73' lang='lat' dir='ltr'><strong>litaminatoris,</strong></span> <span class='ocrx_word' id='word_1_225' title='bbox 2828 2674 3177 2745; x_wconf 73' lang='lat' dir='ltr'><strong>pronuntiatu</strong></span> <span class='ocrx_word' id='word_1_226' title='bbox 3202 2661 3382 2728; x_wconf 63' lang='lat' dir='ltr'><strong>Rokisi</strong></span> <span class='ocrx_word' id='word_1_227' title='bbox 3403 2716 3417 2739; x_wconf 90' lang='lat'><strong>,</strong></span> <span class='ocrx_word' id='word_1_228' title='bbox 3447 2661 3560 2745; x_wconf 57' lang='lat' dir='ltr'><strong>que</strong></span> <span class='ocrx_word' id='word_1_229' title='bbox 3586 2688 3658 2731; x_wconf 85' lang='lat' dir='ltr'><strong>est</strong></span> <span class='ocrx_word' id='word_1_230' title='bbox 3693 2679 3794 2730; x_wconf 80' lang='lat' dir='ltr'><strong>Ar-</strong></span> 
     </span>
    </p>
   </div>
   <div class='ocr_carea' id='block_1_43' title="bbox 2193 2737 3801 2816">
    <p class='ocr_par' dir='ltr' id='par_1_43' title="bbox 2193 2737 3801 2816">
     <span class='ocr_line' id='line_1_44' title="bbox 2193 2737 3801 2816; baseline 0.007 -27"><span class='ocrx_word' id='word_1_231' title='bbox 2193 2737 2375 2816; x_wconf 66' lang='lat' dir='ltr'><strong>menia</strong></span> <span class='ocrx_word' id='word_1_232' title='bbox 2395 2741 2511 2792; x_wconf 88' lang='lat' dir='ltr'><strong>urbs</strong></span> <span class='ocrx_word' id='word_1_233' title='bbox 2531 2740 2677 2816; x_wconf 65' lang='lat' dir='ltr'><strong>(dum</strong></span> <span class='ocrx_word' id='word_1_234' title='bbox 2695 2752 2800 2816; x_wconf 74' lang='lat' dir='ltr'><strong>erat</strong></span> <span class='ocrx_word' id='word_1_235' title='bbox 2820 2737 2888 2795; x_wconf 90' lang='lat' dir='ltr'><strong>ibi</strong></span> <span class='ocrx_word' id='word_1_236' title='bbox 2906 2744 2959 2795; x_wconf 84' lang='lat' dir='ltr'><strong>in</strong></span> <span class='ocrx_word' id='word_1_237' title='bbox 2978 2743 3203 2812; x_wconf 74' lang='lat' dir='ltr'><strong>exsilio),</strong></span> <span class='ocrx_word' id='word_1_238' title='bbox 3228 2737 3533 2816; x_wconf 61' lang='lat' dir='ltr'><strong>efflagitante</strong></span> <span class='ocrx_word' id='word_1_239' title='bbox 3574 2748 3801 2816; x_wconf 77' lang='lat' dir='ltr'><strong>quodam</strong></span> 
     </span>
    </p>
   </div>
   <div class='ocr_carea' id='block_1_44' title="bbox 2200 2809 3797 2884">
    <p class='ocr_par' dir='ltr' id='par_1_44' title="bbox 2200 2809 3797 2884">
     <span class='ocr_line' id='line_1_45' title="bbox 2200 2809 3797 2884; baseline 0.008 -25"><span class='ocrx_word' id='word_1_240' title='bbox 2200 2809 2406 2861; x_wconf 83' lang='lat' dir='ltr'><strong>doctore</strong></span> <span class='ocrx_word' id='word_1_241' title='bbox 2431 2819 2477 2863; x_wconf 80' lang='lat' dir='ltr'><strong>et</strong></span> <span class='ocrx_word' id='word_1_242' title='bbox 2506 2812 2739 2882; x_wconf 83' lang='lat' dir='ltr'><strong>episc0po</strong></span> <span class='ocrx_word' id='word_1_243' title='bbox 2765 2812 3121 2884; x_wconf 61' lang='lat' dir='ltr'><strong>Armenorum,</strong></span> <span class='ocrx_word' id='word_1_244' title='bbox 3154 2809 3548 2884; x_wconf 50' lang='lat' dir='ltr'><strong>qui&#39;Dioscorus</strong></span> <span class='ocrx_word' id='word_1_245' title='bbox 3576 2809 3797 2872; x_wconf 60' lang='lat' dir='ltr'><strong>iocaba-</strong></span> 
     </span>
    </p>
   </div>
   <div class='ocr_carea' id='block_1_45' title="bbox 2199 2879 3801 2958">
    <p class='ocr_par' dir='ltr' id='par_1_45' title="bbox 2199 2879 3801 2958">
     <span class='ocr_line' id='line_1_46' title="bbox 2199 2879 3801 2958; baseline 0.007 -29"><span class='ocrx_word' id='word_1_246' title='bbox 2199 2888 2301 2958; x_wconf 75' lang='lat' dir='ltr'><strong>tur,</strong></span> <span class='ocrx_word' id='word_1_247' title='bbox 2316 2887 2480 2958; x_wconf 31' lang='lat' dir='ltr'><strong>.otque</strong></span> <span class='ocrx_word' id='word_1_248' title='bbox 2499 2879 2901 2952; x_wconf 77' lang='lat' dir='ltr'><strong>consanguineus</strong></span> <span class='ocrx_word' id='word_1_249' title='bbox 2927 2892 3037 2937; x_wconf 88' lang='lat' dir='ltr'><strong>erat</strong></span> <span class='ocrx_word' id='word_1_250' title='bbox 3067 2879 3306 2958; x_wconf 70' lang='lat' dir='ltr'><strong>martyris</strong></span> <span class='ocrx_word' id='word_1_251' title='bbox 3329 2883 3560 2958; x_wconf 75' lang='lat' dir='ltr'><strong>Gregorii</strong></span> <span class='ocrx_word' id='word_1_252' title='bbox 3580 2903 3597 2951; x_wconf 87' lang='lat'><em>;</em></span> <span class='ocrx_word' id='word_1_253' title='bbox 3616 2899 3801 2958; x_wconf 84' lang='lat' dir='ltr'><strong>postu-</strong></span> 
     </span>
    </p>
   </div>
   <div class='ocr_carea' id='block_1_46' title="bbox 2198 2948 3802 3027">
    <p class='ocr_par' dir='ltr' id='par_1_46' title="bbox 2198 2948 3802 3027">
     <span class='ocr_line' id='line_1_47' title="bbox 2198 2948 3802 3027; baseline 0.006 -25"><span class='ocrx_word' id='word_1_254' title='bbox 2198 2948 2419 3027; x_wconf 66' lang='lat' dir='ltr'><strong>lantibus</strong></span> <span class='ocrx_word' id='word_1_255' title='bbox 2456 2966 2652 3020; x_wconf 80' lang='lat' dir='ltr'><strong>quoque</strong></span> <span class='ocrx_word' id='word_1_256' title='bbox 2690 2948 2883 3027; x_wconf 61' lang='lat' dir='ltr'><strong>magno</strong></span> <span class='ocrx_word' id='word_1_257' title='bbox 2921 2963 3049 3027; x_wconf 69' lang='lat' dir='ltr'><strong>coetu</strong></span> <span class='ocrx_word' id='word_1_258' title='bbox 3086 2965 3131 3027; x_wconf 87' lang='lat' dir='ltr'><strong>et</strong></span> <span class='ocrx_word' id='word_1_259' title='bbox 3179 2948 3386 3024; x_wconf 58' lang='lat' dir='ltr'><strong>copiosa</strong></span> <span class='ocrx_word' id='word_1_260' title='bbox 3432 2948 3593 3027; x_wconf 69' lang='lat' dir='ltr'><strong>plebe,</strong></span> <span class='ocrx_word' id='word_1_261' title='bbox 3616 2948 3707 3027; x_wconf 48' lang='lat' dir='ltr'><strong>&quot;qni</strong></span> <span class='ocrx_word' id='word_1_262' title='bbox 3734 2959 3802 3012; x_wconf 86' lang='lat' dir='ltr'><strong>ab</strong></span> 
     </span>
    </p>
   </div>
   <div class='ocr_carea' id='block_1_47' title="bbox 2196 3018 3802 3097">
    <p class='ocr_par' dir='ltr' id='par_1_47' title="bbox 2196 3018 3802 3097">
     <span class='ocr_line' id='line_1_48' title="bbox 2196 3018 3802 3097; baseline 0.009 -27"><span class='ocrx_word' id='word_1_263' title='bbox 2196 3018 2369 3097; x_wconf 59' lang='lat' dir='ltr'><strong>eodem</strong></span> <span class='ocrx_word' id='word_1_264' title='bbox 2393 3018 2841 3097; x_wconf 63' lang='lat' dir='ltr'><strong>sonetopetebant.</strong></span> <span class='ocrx_word' id='word_1_265' title='bbox 2866 3033 2921 3076; x_wconf 85' lang='lat' dir='ltr'><strong>ut</strong></span> <span class='ocrx_word' id='word_1_266' title='bbox 2952 3018 3326 3079; x_wconf 75' lang='lat' dir='ltr'><strong>“luminatoris</strong></span> <span class='ocrx_word' id='word_1_267' title='bbox 3355 3018 3590 3097; x_wconf 74' lang='lat' dir='ltr'><strong>partium</strong></span> <span class='ocrx_word' id='word_1_268' title='bbox 3610 3018 3802 3085; x_wconf 77' lang='lat' dir='ltr'><strong>Orien-</strong></span> 
     </span>
    </p>
   </div>
   <div class='ocr_carea' id='block_1_48' title="bbox 2199 3088 3433 3167">
    <p class='ocr_par' dir='ltr' id='par_1_48' title="bbox 2199 3088 3433 3167">
     <span class='ocr_line' id='line_1_49' title="bbox 2199 3088 3433 3167; baseline 0.011 -26"><span class='ocrx_word' id='word_1_269' title='bbox 2199 3088 2378 3143; x_wconf 80' lang='lat' dir='ltr'><strong>talium</strong></span> <span class='ocrx_word' id='word_1_270' title='bbox 2413 3091 2466 3144; x_wconf 85' lang='lat' dir='ltr'><strong>iu</strong></span> <span class='ocrx_word' id='word_1_271' title='bbox 2496 3088 2606 3162; x_wconf 75' lang='lat' dir='ltr'><strong>ejus</strong></span> <span class='ocrx_word' id='word_1_272' title='bbox 2635 3092 2717 3146; x_wconf 84' lang='lat' dir='ltr'><strong>die</strong></span> <span class='ocrx_word' id='word_1_273' title='bbox 2746 3095 2871 3164; x_wconf 81' lang='lat' dir='ltr'><strong>festo</strong></span> <span class='ocrx_word' id='word_1_274' title='bbox 2898 3097 3193 3150; x_wconf 83' lang='lat' dir='ltr'><strong>memoriam</strong></span> <span class='ocrx_word' id='word_1_275' title='bbox 3220 3088 3433 3167; x_wconf 66' lang='lat' dir='ltr'><strong>faceret.</strong></span> 
     </span>
    </p>
   </div>
   <div class='ocr_carea' id='block_1_49' title="bbox 498 3436 3807 3517">
    <p class='ocr_par' dir='ltr' id='par_1_49' title="bbox 498 3436 3807 3517">
     <span class='ocr_line' id='line_1_50' title="bbox 498 3436 3807 3517; baseline 0.001 -16"><span class='ocrx_word' id='word_1_276' title='bbox 498 3441 780 3506; x_wconf 84' lang='lat' dir='ltr'><strong>&#39;l‘ilulum</strong></span> <span class='ocrx_word' id='word_1_277' title='bbox 798 3446 860 3502; x_wconf 91' lang='lat' dir='ltr'><strong>et</strong></span> <span class='ocrx_word' id='word_1_278' title='bbox 904 3439 1273 3502; x_wconf 90' lang='lat' dir='ltr'><strong>encomium</strong></span> <span class='ocrx_word' id='word_1_279' title='bbox 1322 3456 1497 3501; x_wconf 87' lang='lat' dir='ltr'><strong>nunc</strong></span> <span class='ocrx_word' id='word_1_280' title='bbox 1558 3438 1780 3517; x_wconf 86' lang='lat' dir='ltr'><strong>accipe</strong></span> <span class='ocrx_word' id='word_1_281' title='bbox 1843 3442 1916 3499; x_wconf 86' lang='lat' dir='ltr'><strong>ut</strong></span> <span class='ocrx_word' id='word_1_282' title='bbox 1961 3438 2289 3500; x_wconf 84' lang='lat' dir='ltr'><strong>habentur</strong></span> <span class='ocrx_word' id='word_1_283' title='bbox 2332 3438 2401 3498; x_wconf 89' lang='lat' dir='ltr'><strong>in</strong></span> <span class='ocrx_word' id='word_1_284' title='bbox 2452 3436 2684 3499; x_wconf 87' lang='lat' dir='ltr'><strong>Codice</strong></span> <span class='ocrx_word' id='word_1_285' title='bbox 2728 3438 2841 3516; x_wconf 88' lang='lat' dir='ltr'><strong>qui</strong></span> <span class='ocrx_word' id='word_1_286' title='bbox 2887 3438 3194 3502; x_wconf 86' lang='lat' dir='ltr'><strong>trecentis</strong></span> <span class='ocrx_word' id='word_1_287' title='bbox 3259 3439 3518 3503; x_wconf 83' lang='lat' dir='ltr'><strong>circiter</strong></span> <span class='ocrx_word' id='word_1_288' title='bbox 3563 3441 3807 3506; x_wconf 84' lang='lat' dir='ltr'><strong>abhinc</strong></span> 
     </span>
    </p>
   </div>
   <div class='ocr_carea' id='block_1_50' title="bbox 1245 3540 3077 3619">
    <p class='ocr_par' dir='ltr' id='par_1_50' title="bbox 1245 3540 3077 3619">
     <span class='ocr_line' id='line_1_51' title="bbox 1245 3540 3077 3619; baseline 0 -17"><span class='ocrx_word' id='word_1_289' title='bbox 1245 3541 1438 3603; x_wconf 87' lang='lat' dir='ltr'><strong>annis</strong></span> <span class='ocrx_word' id='word_1_290' title='bbox 1494 3541 1903 3619; x_wconf 82' lang='lat' dir='ltr'><strong>conscriptus</strong></span> <span class='ocrx_word' id='word_1_291' title='bbox 1934 3540 2186 3604; x_wconf 87' lang='lat' dir='ltr'><strong>videtur</strong></span> <span class='ocrx_word' id='word_1_292' title='bbox 2237 3545 2301 3604; x_wconf 90' lang='lat' dir='ltr'><strong>et</strong></span> <span class='ocrx_word' id='word_1_293' title='bbox 2344 3540 2557 3604; x_wconf 86' lang='lat' dir='ltr'><strong>littera</strong></span> <span class='ocrx_word' id='word_1_294' title='bbox 2605 3540 2655 3603; x_wconf 84' lang='lat' dir='ltr'><em>C</em></span> <span class='ocrx_word' id='word_1_295' title='bbox 2712 3540 3077 3604; x_wconf 90' lang='lat' dir='ltr'><strong>innotescit.</strong></span> 
     </span>
    </p>
   </div>
   <div class='ocr_carea' id='block_1_51' title="bbox 1950 3700 2317 3741">
    <p class='ocr_par' dir='ltr' id='par_1_51' title="bbox 1950 3700 2317 3741">
     <span class='ocr_line' id='line_1_52' title="bbox 1950 3700 2317 3741; baseline 0.003 -15"><span class='ocrx_word' id='word_1_296' title='bbox 1950 3700 2317 3741; x_wconf 47' lang='lat'><strong>«0.—</strong></span> 
     </span>
    </p>
   </div>
   <div class='ocr_carea' id='block_1_52' title="bbox 499 3811 2097 3895">
    <p class='ocr_par' dir='ltr' id='par_1_52' title="bbox 499 3811 2097 3895">
     <span class='ocr_line' id='line_1_53' title="bbox 499 3811 2097 3895; baseline -0.002 -25"><span class='ocrx_word' id='word_1_297' title='bbox 499 3815 681 3895; x_wconf 70' lang='lat' dir='ltr'><strong>Sernto</strong></span> <span class='ocrx_word' id='word_1_298' title='bbox 737 3818 901 3895; x_wconf 69' lang='lat' dir='ltr'><strong>sancti</strong></span> <span class='ocrx_word' id='word_1_299' title='bbox 958 3811 2097 3895; x_wconf 29' lang='grc' dir='ltr'><strong>,ιοαηηὶι-ΔρΙινῃιοιιοηιε.’ϐοηααιιειὶιιορριὲε</strong></span> 
     </span>
    </p>
   </div>
   <div class='ocr_carea' id='block_1_53' title="bbox 560 3883 2093 3958">
    <p class='ocr_par' dir='ltr' id='par_1_53' title="bbox 560 3883 2093 3958">
     <span class='ocr_line' id='line_1_54' title="bbox 560 3883 2093 3958; baseline -0.002 -19"><span class='ocrx_word' id='word_1_300' title='bbox 560 3889 795 3958; x_wconf 58' lang='grc' dir='ltr'><strong>’φειδορί</strong></span> <span class='ocrx_word' id='word_1_301' title='bbox 835 3888 901 3958; x_wconf 81' lang='lat' dir='ltr'><strong>d_e</strong></span> <span class='ocrx_word' id='word_1_302' title='bbox 941 3899 1117 3958; x_wconf 80' lang='lat' dir='ltr'><strong>sancto</strong></span> <span class='ocrx_word' id='word_1_303' title='bbox 1166 3883 1525 3941; x_wconf 82' lang='lat' dir='ltr'><strong>llluminatore</strong></span> <span class='ocrx_word' id='word_1_304' title='bbox 1570 3883 1762 3956; x_wconf 74' lang='lat' dir='ltr'><strong>Magno</strong></span> <span class='ocrx_word' id='word_1_305' title='bbox 1812 3883 2093 3954; x_wconf 82' lang='lat' dir='ltr'><strong>Gregorio,</strong></span> 
     </span>
    </p>
   </div>
   <div class='ocr_carea' id='block_1_54' title="bbox 625 3953 1158 4025">
    <p class='ocr_par' dir='ltr' id='par_1_54' title="bbox 625 3953 1158 4025">
     <span class='ocr_line' id='line_1_55' title="bbox 625 3953 1158 4025; baseline -0.006 -13"><span class='ocrx_word' id='word_1_306' title='bbox 625 3953 829 4025; x_wconf 67' lang='lat' dir='ltr'><strong>arui/ica</strong></span> <span class='ocrx_word' id='word_1_307' title='bbox 854 3956 953 4011; x_wconf 84' lang='lat' dir='ltr'><strong>Dei</strong></span> <span class='ocrx_word' id='word_1_308' title='bbox 978 3953 1158 4011; x_wconf 65' lang='lat' dir='ltr'><strong>nostii.</strong></span> 
     </span>
    </p>
   </div>
   <div class='ocr_carea' id='block_1_55' title="bbox 569 4025 2098 4094">
    <p class='ocr_par' dir='ltr' id='par_1_55' title="bbox 569 4025 2098 4094">
     <span class='ocr_line' id='line_1_56' title="bbox 569 4025 2098 4094; baseline -0.001 -15"><span class='ocrx_word' id='word_1_309' title='bbox 569 4027 1002 4082; x_wconf 74' lang='lat' dir='ltr'><strong>‘I’rommium.—</strong></span> <span class='ocrx_word' id='word_1_310' title='bbox 1031 4027 1096 4083; x_wconf 90' lang='lat' dir='ltr'><strong>Ut</strong></span> <span class='ocrx_word' id='word_1_311' title='bbox 1136 4026 1336 4081; x_wconf 83' lang='lat' dir='ltr'><strong>diversi</strong></span> <span class='ocrx_word' id='word_1_312' title='bbox 1378 4035 1505 4080; x_wconf 90' lang='lat' dir='ltr'><strong>sunt</strong></span> <span class='ocrx_word' id='word_1_313' title='bbox 1552 4026 1865 4094; x_wconf 76' lang='lat' dir='ltr'><strong>multiplicis</strong></span> <span class='ocrx_word' id='word_1_314' title='bbox 1884 4025 2098 4093; x_wconf 78' lang='lat' dir='ltr'><strong>generis</strong></span> 
     </span>
    </p>
   </div>
   <div class='ocr_carea' id='block_1_56' title="bbox 482 4095 2099 4168">
    <p class='ocr_par' dir='ltr' id='par_1_56' title="bbox 482 4095 2099 4168">
     <span class='ocr_line' id='line_1_57' title="bbox 482 4095 2099 4168; baseline -0.001 -16"><span class='ocrx_word' id='word_1_315' title='bbox 482 4100 660 4153; x_wconf 77' lang='lat' dir='ltr'><strong>‘ﬂures</strong></span> <span class='ocrx_word' id='word_1_316' title='bbox 685 4099 775 4168; x_wconf 85' lang='lat' dir='ltr'><strong>qui</strong></span> <span class='ocrx_word' id='word_1_317' title='bbox 800 4108 1053 4166; x_wconf 89' lang='lat' dir='ltr'><strong>provecto</strong></span> <span class='ocrx_word' id='word_1_318' title='bbox 1077 4099 1217 4153; x_wconf 88' lang='lat' dir='ltr'><strong>veris</strong></span> <span class='ocrx_word' id='word_1_319' title='bbox 1244 4108 1487 4165; x_wconf 87' lang='lat' dir='ltr'><strong>tempore</strong></span> <span class='ocrx_word' id='word_1_320' title='bbox 1516 4095 1656 4168; x_wconf 86' lang='lat' dir='ltr'><strong>foliis</strong></span> <span class='ocrx_word' id='word_1_321' title='bbox 1701 4096 2099 4168; x_wconf 81' lang='lat' dir='ltr'><strong>diversicolori-</strong></span> 
     </span>
    </p>
   </div>
   <div class='ocr_carea' id='block_1_57' title="bbox 486 4167 2095 4224">
    <p class='ocr_par' dir='ltr' id='par_1_57' title="bbox 486 4167 2095 4224">
     <span class='ocr_line' id='line_1_58' title="bbox 486 4167 2095 4224; baseline -0.001 -3"><span class='ocrx_word' id='word_1_322' title='bbox 486 4172 602 4223; x_wconf 86' lang='lat' dir='ltr'><strong>bus</strong></span> <span class='ocrx_word' id='word_1_323' title='bbox 622 4167 883 4224; x_wconf 83' lang='lat' dir='ltr'><strong>ornantur</strong></span> <span class='ocrx_word' id='word_1_324' title='bbox 915 4186 929 4221; x_wconf 91' lang='lat'><strong>:</strong></span> <span class='ocrx_word' id='word_1_325' title='bbox 962 4170 1033 4224; x_wconf 86' lang='lat' dir='ltr'><strong>ita</strong></span> <span class='ocrx_word' id='word_1_326' title='bbox 1060 4171 1265 4223; x_wconf 85' lang='lat' dir='ltr'><strong>varium</strong></span> <span class='ocrx_word' id='word_1_327' title='bbox 1291 4176 1376 4221; x_wconf 89' lang='lat' dir='ltr'><strong>est</strong></span> <span class='ocrx_word' id='word_1_328' title='bbox 1400 4176 1457 4222; x_wconf 90' lang='lat' dir='ltr'><strong>et</strong></span> <span class='ocrx_word' id='word_1_329' title='bbox 1483 4167 1761 4221; x_wconf 83' lang='lat' dir='ltr'><strong>abundans</strong></span> <span class='ocrx_word' id='word_1_330' title='bbox 1791 4167 2095 4221; x_wconf 89' lang='lat' dir='ltr'><strong>eucomium</strong></span> 
     </span>
    </p>
   </div>
   <div class='ocr_carea' id='block_1_58' title="bbox 500 4236 2099 4310">
    <p class='ocr_par' dir='ltr' id='par_1_58' title="bbox 500 4236 2099 4310">
     <span class='ocr_line' id='line_1_59' title="bbox 500 4236 2099 4310; baseline -0.003 -18"><span class='ocrx_word' id='word_1_331' title='bbox 500 4242 761 4307; x_wconf 86' lang='lat' dir='ltr'><strong>virorum,</strong></span> <span class='ocrx_word' id='word_1_332' title='bbox 794 4239 884 4310; x_wconf 91' lang='lat' dir='ltr'><strong>qui</strong></span> <span class='ocrx_word' id='word_1_333' title='bbox 912 4240 1107 4294; x_wconf 88' lang='lat' dir='ltr'><strong>divinis</strong></span> <span class='ocrx_word' id='word_1_334' title='bbox 1138 4238 1347 4309; x_wconf 67' lang='lat' dir='ltr'><strong>praediti</strong></span> <span class='ocrx_word' id='word_1_335' title='bbox 1377 4247 1504 4293; x_wconf 91' lang='lat' dir='ltr'><strong>sunt</strong></span> <span class='ocrx_word' id='word_1_336' title='bbox 1532 4236 1747 4293; x_wconf 87' lang='lat' dir='ltr'><strong>dotibus</strong></span> <span class='ocrx_word' id='word_1_337' title='bbox 1768 4279 1783 4301; x_wconf 91' lang='lat'><strong>,</strong></span> <span class='ocrx_word' id='word_1_338' title='bbox 1813 4252 1950 4310; x_wconf 83' lang='lat' dir='ltr'><strong>quas</strong></span> <span class='ocrx_word' id='word_1_339' title='bbox 1978 4252 2099 4290; x_wconf 86' lang='lat' dir='ltr'><strong>cer-</strong></span> 
     </span>
    </p>
   </div>
   <div class='ocr_carea' id='block_1_59' title="bbox 500 4307 2099 4381">
    <p class='ocr_par' dir='ltr' id='par_1_59' title="bbox 500 4307 2099 4381">
     <span class='ocr_line' id='line_1_60' title="bbox 500 4307 2099 4381; baseline -0.003 -17"><span class='ocrx_word' id='word_1_340' title='bbox 500 4325 633 4365; x_wconf 87' lang='lat' dir='ltr'><strong>nere</strong></span> <span class='ocrx_word' id='word_1_341' title='bbox 663 4307 867 4365; x_wconf 81' lang='lat' dir='ltr'><strong>tantum</strong></span> <span class='ocrx_word' id='word_1_342' title='bbox 896 4312 1067 4381; x_wconf 81' lang='lat' dir='ltr'><strong>oculis</strong></span> <span class='ocrx_word' id='word_1_343' title='bbox 1094 4307 1254 4381; x_wconf 86' lang='lat' dir='ltr'><strong>atque</strong></span> <span class='ocrx_word' id='word_1_344' title='bbox 1284 4310 1627 4381; x_wconf 9' lang='lat' dir='ltr'><strong>iurapotlieca</strong></span> <span class='ocrx_word' id='word_1_345' title='bbox 1657 4307 1854 4381; x_wconf 73' lang='lat' dir='ltr'><strong>tuentis</strong></span> <span class='ocrx_word' id='word_1_346' title='bbox 1882 4322 2099 4381; x_wconf 83' lang='lat' dir='ltr'><strong>coacer-</strong></span> 
     </span>
    </p>
   </div>
   <div class='ocr_carea' id='block_1_60' title="bbox 498 4378 2095 4449">
    <p class='ocr_par' dir='ltr' id='par_1_60' title="bbox 498 4378 2095 4449">
     <span class='ocr_line' id='line_1_61' title="bbox 498 4378 2095 4449; baseline -0.001 -17"><span class='ocrx_word' id='word_1_347' title='bbox 498 4396 629 4435; x_wconf 72' lang='lat' dir='ltr'><strong>vare</strong></span> <span class='ocrx_word' id='word_1_348' title='bbox 670 4397 776 4435; x_wconf 89' lang='lat' dir='ltr'><strong>non</strong></span> <span class='ocrx_word' id='word_1_349' title='bbox 818 4378 1049 4445; x_wconf 72' lang='lat' dir='ltr'><strong>sulﬂcit;</strong></span> <span class='ocrx_word' id='word_1_350' title='bbox 1096 4378 1249 4434; x_wconf 71' lang='lat' dir='ltr'><strong>mons</strong></span> <span class='ocrx_word' id='word_1_351' title='bbox 1277 4380 1420 4435; x_wconf 89' lang='lat' dir='ltr'><strong>enim</strong></span> <span class='ocrx_word' id='word_1_352' title='bbox 1451 4379 1573 4433; x_wconf 91' lang='lat' dir='ltr'><strong>ideo</strong></span> <span class='ocrx_word' id='word_1_353' title='bbox 1602 4378 1806 4449; x_wconf 75' lang='lat' dir='ltr'><strong>Colligit</strong></span> <span class='ocrx_word' id='word_1_354' title='bbox 1831 4387 1885 4431; x_wconf 92' lang='lat' dir='ltr'><strong>et</strong></span> <span class='ocrx_word' id='word_1_355' title='bbox 1916 4378 2095 4448; x_wconf 82' lang='lat' dir='ltr'><strong>lingua</strong></span> 
     </span>
    </p>
   </div>
   <div class='ocr_carea' id='block_1_61' title="bbox 500 4450 1754 4520">
    <p class='ocr_par' dir='ltr' id='par_1_61' title="bbox 500 4450 1754 4520">
     <span class='ocr_line' id='line_1_62' title="bbox 500 4450 1754 4520; baseline -0.002 -15"><span class='ocrx_word' id='word_1_356' title='bbox 500 4463 737 4516; x_wconf 81' lang='lat' dir='ltr'><strong>enarrat,</strong></span> <span class='ocrx_word' id='word_1_357' title='bbox 768 4462 824 4505; x_wconf 89' lang='lat' dir='ltr'><strong>ut</strong></span> <span class='ocrx_word' id='word_1_358' title='bbox 854 4451 1262 4520; x_wconf 84' lang='lat' dir='ltr'><strong>quamplurimis</strong></span> <span class='ocrx_word' id='word_1_359' title='bbox 1289 4452 1447 4503; x_wconf 88' lang='lat' dir='ltr'><strong>simul</strong></span> <span class='ocrx_word' id='word_1_360' title='bbox 1481 4450 1754 4517; x_wconf 79' lang='lat' dir='ltr'><strong>largiatur.</strong></span> 
     </span>
    </p>
   </div>
   <div class='ocr_carea' id='block_1_62' title="bbox 576 4521 2095 4591">
    <p class='ocr_par' dir='ltr' id='par_1_62' title="bbox 576 4521 2095 4591">
     <span class='ocr_line' id='line_1_63' title="bbox 576 4521 2095 4591; baseline -0.002 -15"><span class='ocrx_word' id='word_1_361' title='bbox 576 4522 884 4591; x_wconf 84' lang='lat' dir='ltr'><strong>ingrediens</strong></span> <span class='ocrx_word' id='word_1_362' title='bbox 912 4521 1072 4591; x_wconf 78' lang='lat' dir='ltr'><strong>igitur</strong></span> <span class='ocrx_word' id='word_1_363' title='bbox 1098 4522 1150 4575; x_wconf 91' lang='lat' dir='ltr'><strong>in</strong></span> <span class='ocrx_word' id='word_1_364' title='bbox 1183 4521 1445 4575; x_wconf 84' lang='lat' dir='ltr'><strong>floriferas</strong></span> <span class='ocrx_word' id='word_1_365' title='bbox 1472 4522 1726 4573; x_wconf 88' lang='lat' dir='ltr'><strong>virtutmn</strong></span> <span class='ocrx_word' id='word_1_366' title='bbox 1762 4532 1917 4591; x_wconf 83' lang='lat' dir='ltr'><strong>areas</strong></span> <span class='ocrx_word' id='word_1_367' title='bbox 1954 4528 2095 4573; x_wconf 85' lang='lat' dir='ltr'><strong>stre-</strong></span> 
     </span>
    </p>
   </div>
   <div class='ocr_carea' id='block_1_63' title="bbox 500 4589 2091 4661">
    <p class='ocr_par' dir='ltr' id='par_1_63' title="bbox 500 4589 2091 4661">
     <span class='ocr_line' id='line_1_64' title="bbox 500 4589 2091 4661; baseline -0.002 -15"><span class='ocrx_word' id='word_1_368' title='bbox 500 4594 592 4646; x_wconf 89' lang='lat' dir='ltr'><strong>nui</strong></span> <span class='ocrx_word' id='word_1_369' title='bbox 626 4589 881 4661; x_wconf 83' lang='lat' dir='ltr'><strong>martyris</strong></span> <span class='ocrx_word' id='word_1_370' title='bbox 912 4589 965 4645; x_wconf 75' lang='lat' dir='ltr'><strong>et</strong></span> <span class='ocrx_word' id='word_1_371' title='bbox 990 4592 1249 4661; x_wconf 81' lang='lat' dir='ltr'><strong>supplicia</strong></span> <span class='ocrx_word' id='word_1_372' title='bbox 1284 4591 1544 4659; x_wconf 85' lang='lat' dir='ltr'><strong>perpessi,</strong></span> <span class='ocrx_word' id='word_1_373' title='bbox 1574 4592 1704 4645; x_wconf 88' lang='lat' dir='ltr'><strong>solis</strong></span> <span class='ocrx_word' id='word_1_374' title='bbox 1733 4589 2091 4658; x_wconf 84' lang='lat' dir='ltr'><strong>splendentis,</strong></span> 
     </span>
    </p>
   </div>
   <div class='ocr_carea' id='block_1_64' title="bbox 500 4661 2095 4731">
    <p class='ocr_par' dir='ltr' id='par_1_64' title="bbox 500 4661 2095 4731">
     <span class='ocr_line' id='line_1_65' title="bbox 500 4661 2095 4731; baseline 0.001 -18"><span class='ocrx_word' id='word_1_375' title='bbox 500 4674 554 4715; x_wconf 74' lang='lat' dir='ltr'><strong>et</strong></span> <span class='ocrx_word' id='word_1_376' title='bbox 583 4664 850 4731; x_wconf 88' lang='lat' dir='ltr'><strong>pontilicis</strong></span> <span class='ocrx_word' id='word_1_377' title='bbox 883 4664 1153 4717; x_wconf 77' lang='lat' dir='ltr'><strong>Armenia:</strong></span> <span class='ocrx_word' id='word_1_378' title='bbox 1180 4662 1397 4731; x_wconf 81' lang='lat' dir='ltr'><strong>Majuris</strong></span> <span class='ocrx_word' id='word_1_379' title='bbox 1423 4661 1839 4722; x_wconf 29' lang='lat' dir='ltr'><strong>‘llluminaturis;</strong></span> <span class='ocrx_word' id='word_1_380' title='bbox 1880 4672 2095 4728; x_wconf 88' lang='lat' dir='ltr'><strong>proten-</strong></span> 
     </span>
    </p>
   </div>
   <div class='ocr_carea' id='block_1_65' title="bbox 499 4731 2093 4804">
    <p class='ocr_par' dir='ltr' id='par_1_65' title="bbox 499 4731 2093 4804">
     <span class='ocr_line' id='line_1_66' title="bbox 499 4731 2093 4804; baseline 0.003 -23"><span class='ocrx_word' id='word_1_381' title='bbox 499 4737 741 4804; x_wconf 69' lang='lat' dir='ltr'><strong>clensqne</strong></span> <span class='ocrx_word' id='word_1_382' title='bbox 784 4732 980 4787; x_wconf 87' lang='lat' dir='ltr'><strong>mentis</strong></span> <span class='ocrx_word' id='word_1_383' title='bbox 1017 4733 1199 4787; x_wconf 86' lang='lat' dir='ltr'><strong>oculos</strong></span> <span class='ocrx_word' id='word_1_384' title='bbox 1237 4748 1402 4802; x_wconf 86' lang='lat' dir='ltr'><strong>super</strong></span> <span class='ocrx_word' id='word_1_385' title='bbox 1427 4733 1735 4801; x_wconf 79' lang='lat' dir='ltr'><strong>llorigerum</strong></span> <span class='ocrx_word' id='word_1_386' title='bbox 1773 4745 1881 4804; x_wconf 79' lang='lat' dir='ltr'><strong>quo</strong></span> <span class='ocrx_word' id='word_1_387' title='bbox 1925 4731 2093 4800; x_wconf 87' lang='lat' dir='ltr'><strong>fulget</strong></span> 
     </span>
    </p>
   </div>
   <div class='ocr_carea' id='block_1_66' title="bbox 497 4802 2093 4871">
    <p class='ocr_par' dir='ltr' id='par_1_66' title="bbox 497 4802 2093 4871">
     <span class='ocr_line' id='line_1_67' title="bbox 497 4802 2093 4871; baseline -0.001 -16"><span class='ocrx_word' id='word_1_388' title='bbox 497 4802 665 4857; x_wconf 84' lang='lat' dir='ltr'><strong>decus</strong></span> <span class='ocrx_word' id='word_1_389' title='bbox 691 4823 703 4856; x_wconf 89' lang='lat'><strong>:</strong></span> <span class='ocrx_word' id='word_1_390' title='bbox 734 4805 917 4858; x_wconf 89' lang='lat' dir='ltr'><strong>nescio</strong></span> <span class='ocrx_word' id='word_1_391' title='bbox 945 4814 1124 4857; x_wconf 92' lang='lat' dir='ltr'><strong>utrum</strong></span> <span class='ocrx_word' id='word_1_392' title='bbox 1152 4819 1237 4869; x_wconf 89' lang='lat' dir='ltr'><strong>ea,</strong></span> <span class='ocrx_word' id='word_1_393' title='bbox 1256 4820 1373 4869; x_wconf 77' lang='lat' dir='ltr'><strong>qua:</strong></span> <span class='ocrx_word' id='word_1_394' title='bbox 1400 4804 1687 4871; x_wconf 81' lang='lat' dir='ltr'><strong>complecti</strong></span> <span class='ocrx_word' id='word_1_395' title='bbox 1719 4802 1933 4871; x_wconf 88' lang='lat' dir='ltr'><strong>quidem</strong></span> <span class='ocrx_word' id='word_1_396' title='bbox 1970 4816 2093 4869; x_wconf 87' lang='lat' dir='ltr'><strong>pos-</strong></span> 
     </span>
    </p>
   </div>
   <div class='ocr_carea' id='block_1_67' title="bbox 498 4874 2089 4943">
    <p class='ocr_par' dir='ltr' id='par_1_67' title="bbox 498 4874 2089 4943">
     <span class='ocr_line' id='line_1_68' title="bbox 498 4874 2089 4943; baseline -0.001 -17"><span class='ocrx_word' id='word_1_397' title='bbox 498 4890 656 4939; x_wconf 81' lang='lat' dir='ltr'><strong>sum,</strong></span> <span class='ocrx_word' id='word_1_398' title='bbox 700 4875 949 4928; x_wconf 91' lang='lat' dir='ltr'><strong>encomio</strong></span> <span class='ocrx_word' id='word_1_399' title='bbox 994 4876 1267 4939; x_wconf 85' lang='lat' dir='ltr'><strong>sapienter</strong></span> <span class='ocrx_word' id='word_1_400' title='bbox 1305 4874 1514 4943; x_wconf 86' lang='lat' dir='ltr'><strong>digesto</strong></span> <span class='ocrx_word' id='word_1_401' title='bbox 1562 4874 1812 4942; x_wconf 73' lang='lat' dir='ltr'><strong>prosequi</strong></span> <span class='ocrx_word' id='word_1_402' title='bbox 1858 4874 2089 4940; x_wconf 81' lang='lat' dir='ltr'><strong>possim;</strong></span> 
     </span>
    </p>
   </div>
   <div class='ocr_carea' id='block_1_68' title="bbox 501 4943 2095 5014">
    <p class='ocr_par' dir='ltr' id='par_1_68' title="bbox 501 4943 2095 5014">
     <span class='ocr_line' id='line_1_69' title="bbox 501 4943 2095 5014; baseline -0.001 -17"><span class='ocrx_word' id='word_1_403' title='bbox 501 4946 628 4998; x_wconf 78' lang='lat' dir='ltr'><strong>milii</strong></span> <span class='ocrx_word' id='word_1_404' title='bbox 660 4960 889 5014; x_wconf 86' lang='lat' dir='ltr'><strong>namque</strong></span> <span class='ocrx_word' id='word_1_405' title='bbox 910 4943 1236 4999; x_wconf 81' lang='lat' dir='ltr'><strong>desiderium</strong></span> <span class='ocrx_word' id='word_1_406' title='bbox 1259 4954 1337 4998; x_wconf 82' lang='lat' dir='ltr'><strong>est</strong></span> <span class='ocrx_word' id='word_1_407' title='bbox 1363 4946 1540 4998; x_wconf 88' lang='lat' dir='ltr'><strong>omnia</strong></span> <span class='ocrx_word' id='word_1_408' title='bbox 1566 4958 1881 5014; x_wconf 73' lang='lat' dir='ltr'><strong>congerere,</strong></span> <span class='ocrx_word' id='word_1_409' title='bbox 1901 4958 2095 4997; x_wconf 87' lang='lat' dir='ltr'><strong>vereor</strong></span> 
     </span>
    </p>
   </div>
   <div class='ocr_carea' id='block_1_69' title="bbox 502 5015 1498 5085">
    <p class='ocr_par' dir='ltr' id='par_1_69' title="bbox 502 5015 1498 5085">
     <span class='ocr_line' id='line_1_70' title="bbox 502 5015 1498 5085; baseline 0 -16"><span class='ocrx_word' id='word_1_410' title='bbox 502 5027 679 5069; x_wconf 71' lang='lat' dir='ltr'><strong>tamen</strong></span> <span class='ocrx_word' id='word_1_411' title='bbox 711 5032 779 5070; x_wconf 93' lang='lat' dir='ltr'><strong>ne</strong></span> <span class='ocrx_word' id='word_1_412' title='bbox 808 5015 1036 5085; x_wconf 90' lang='lat' dir='ltr'><strong>plurima</strong></span> <span class='ocrx_word' id='word_1_413' title='bbox 1069 5015 1197 5069; x_wconf 89' lang='lat' dir='ltr'><strong>mihi</strong></span> <span class='ocrx_word' id='word_1_414' title='bbox 1228 5015 1498 5069; x_wconf 78' lang='lat' dir='ltr'><strong>excidant.</strong></span> 
     </span>
    </p>
   </div>
   <div class='ocr_carea' id='block_1_70' title="bbox 572 5084 2092 5154">
    <p class='ocr_par' dir='ltr' id='par_1_70' title="bbox 572 5084 2092 5154">
     <span class='ocr_line' id='line_1_71' title="bbox 572 5084 2092 5154; baseline -0.001 -14"><span class='ocrx_word' id='word_1_415' title='bbox 572 5087 689 5140; x_wconf 85' lang='lat' dir='ltr'><strong>Jam</strong></span> <span class='ocrx_word' id='word_1_416' title='bbox 716 5084 843 5140; x_wconf 86' lang='lat' dir='ltr'><strong>vero</strong></span> <span class='ocrx_word' id='word_1_417' title='bbox 868 5086 1114 5154; x_wconf 68' lang='lat' dir='ltr'><strong>apicnlm.</strong></span> <span class='ocrx_word' id='word_1_418' title='bbox 1143 5086 1241 5139; x_wconf 90' lang='lat' dir='ltr'><strong>alis</strong></span> <span class='ocrx_word' id='word_1_419' title='bbox 1270 5086 1504 5153; x_wconf 63' lang='lat' dir='ltr'><strong>prmditm</strong></span> <span class='ocrx_word' id='word_1_420' title='bbox 1536 5085 1763 5150; x_wconf 78' lang='lat' dir='ltr'><strong>levibus,</strong></span> <span class='ocrx_word' id='word_1_421' title='bbox 1790 5085 1977 5137; x_wconf 85' lang='lat' dir='ltr'><strong>beatus</strong></span> <span class='ocrx_word' id='word_1_422' title='bbox 2006 5084 2092 5138; x_wconf 92' lang='lat' dir='ltr'><strong>illc</strong></span> 
     </span>
    </p>
   </div>
   <div class='ocr_carea' id='block_1_71' title="bbox 501 5154 2093 5212">
    <p class='ocr_par' dir='ltr' id='par_1_71' title="bbox 501 5154 2093 5212">
     <span class='ocr_line' id='line_1_72' title="bbox 501 5154 2093 5212; baseline -0.002 0"><span class='ocrx_word' id='word_1_423' title='bbox 501 5157 694 5212; x_wconf 79' lang='lat' dir='ltr'><strong>similis</strong></span> <span class='ocrx_word' id='word_1_424' title='bbox 732 5157 925 5210; x_wconf 92' lang='lat' dir='ltr'><strong>merito</strong></span> <span class='ocrx_word' id='word_1_425' title='bbox 955 5156 1084 5210; x_wconf 93' lang='lat' dir='ltr'><strong>mihi</strong></span> <span class='ocrx_word' id='word_1_426' title='bbox 1116 5158 1347 5210; x_wconf 83' lang='lat' dir='ltr'><strong>videtur.</strong></span> <span class='ocrx_word' id='word_1_427' title='bbox 1397 5157 1461 5209; x_wconf 83' lang='lat' dir='ltr'><strong>Et</strong></span> <span class='ocrx_word' id='word_1_428' title='bbox 1491 5172 1619 5209; x_wconf 80' lang='lat' dir='ltr'><strong>sane</strong></span> <span class='ocrx_word' id='word_1_429' title='bbox 1651 5166 1706 5208; x_wconf 92' lang='lat' dir='ltr'><strong>ut</strong></span> <span class='ocrx_word' id='word_1_430' title='bbox 1736 5154 2093 5209; x_wconf 67' lang='lat' dir='ltr'><strong>admiratione</strong></span> 
     </span>
    </p>
   </div>
   <div class='ocr_carea' id='block_1_72' title="bbox 499 5226 2092 5297">
    <p class='ocr_par' dir='ltr' id='par_1_72' title="bbox 499 5226 2092 5297">
     <span class='ocr_line' id='line_1_73' title="bbox 499 5226 2092 5297; baseline -0.001 -17"><span class='ocrx_word' id='word_1_431' title='bbox 499 5230 716 5297; x_wconf 84' lang='lat' dir='ltr'><strong>dignum</strong></span> <span class='ocrx_word' id='word_1_432' title='bbox 742 5236 823 5284; x_wconf 86' lang='lat' dir='ltr'><strong>est</strong></span> <span class='ocrx_word' id='word_1_433' title='bbox 845 5228 1068 5297; x_wconf 70' lang='lat' dir='ltr'><strong>apiculxe</strong></span> <span class='ocrx_word' id='word_1_434' title='bbox 1089 5242 1243 5296; x_wconf 83' lang='lat' dir='ltr'><strong>Opus,</strong></span> <span class='ocrx_word' id='word_1_435' title='bbox 1270 5229 1340 5281; x_wconf 84' lang='lat' dir='ltr'><strong>ita</strong></span> <span class='ocrx_word' id='word_1_436' title='bbox 1368 5234 1422 5281; x_wconf 89' lang='lat' dir='ltr'><strong>et</strong></span> <span class='ocrx_word' id='word_1_437' title='bbox 1448 5227 1615 5280; x_wconf 77' lang='lat' dir='ltr'><strong>sancti</strong></span> <span class='ocrx_word' id='word_1_438' title='bbox 1648 5226 1891 5295; x_wconf 85' lang='lat' dir='ltr'><strong>Gregorii</strong></span> <span class='ocrx_word' id='word_1_439' title='bbox 1922 5227 2092 5297; x_wconf 83' lang='lat' dir='ltr'><strong>virtu-</strong></span> 
     </span>
    </p>
   </div>
   <div class='ocr_carea' id='block_1_73' title="bbox 500 5296 2091 5369">
    <p class='ocr_par' dir='ltr' id='par_1_73' title="bbox 500 5296 2091 5369">
     <span class='ocr_line' id='line_1_74' title="bbox 500 5296 2091 5369; baseline -0.001 -18"><span class='ocrx_word' id='word_1_440' title='bbox 500 5296 581 5351; x_wconf 86' lang='lat' dir='ltr'><strong>tes</strong></span> <span class='ocrx_word' id='word_1_441' title='bbox 631 5300 838 5352; x_wconf 88' lang='lat' dir='ltr'><strong>animos</strong></span> <span class='ocrx_word' id='word_1_442' title='bbox 882 5296 1139 5369; x_wconf 83' lang='lat' dir='ltr'><strong>rapiunt:</strong></span> <span class='ocrx_word' id='word_1_443' title='bbox 1174 5310 1337 5367; x_wconf 87' lang='lat' dir='ltr'><strong>utque</strong></span> <span class='ocrx_word' id='word_1_444' title='bbox 1379 5312 1539 5369; x_wconf 85' lang='lat' dir='ltr'><strong>nemo</strong></span> <span class='ocrx_word' id='word_1_445' title='bbox 1582 5297 1719 5369; x_wconf 84' lang='lat' dir='ltr'><strong>valet</strong></span> <span class='ocrx_word' id='word_1_446' title='bbox 1764 5296 2091 5369; x_wconf 84' lang='lat' dir='ltr'><strong>stupendum</strong></span> 
     </span>
    </p>
   </div>
   <div class='ocr_carea' id='block_1_74' title="bbox 499 5368 2089 5436">
    <p class='ocr_par' dir='ltr' id='par_1_74' title="bbox 499 5368 2089 5436">
     <span class='ocr_line' id='line_1_75' title="bbox 499 5368 2089 5436; baseline -0.001 -16"><span class='ocrx_word' id='word_1_447' title='bbox 499 5369 642 5421; x_wconf 87' lang='lat' dir='ltr'><strong>illius</strong></span> <span class='ocrx_word' id='word_1_448' title='bbox 673 5370 913 5423; x_wconf 82' lang='lat' dir='ltr'><strong>laborem</strong></span> <span class='ocrx_word' id='word_1_449' title='bbox 950 5368 1045 5421; x_wconf 84' lang='lat' dir='ltr'><strong>aut</strong></span> <span class='ocrx_word' id='word_1_450' title='bbox 1083 5384 1334 5424; x_wconf 79' lang='lat' dir='ltr'><strong>sermone</strong></span> <span class='ocrx_word' id='word_1_451' title='bbox 1370 5377 1462 5420; x_wconf 85' lang='lat' dir='ltr'><strong>aut</strong></span> <span class='ocrx_word' id='word_1_452' title='bbox 1506 5368 1717 5436; x_wconf 83' lang='lat' dir='ltr'><strong>ingenio</strong></span> <span class='ocrx_word' id='word_1_453' title='bbox 1747 5369 1983 5432; x_wconf 69' lang='lat' dir='ltr'><strong>assequi,</strong></span> <span class='ocrx_word' id='word_1_454' title='bbox 2019 5368 2089 5419; x_wconf 86' lang='lat' dir='ltr'><strong>ita</strong></span> 
     </span>
    </p>
   </div>
   <div class='ocr_carea' id='block_1_75' title="bbox 497 5438 2089 5507">
    <p class='ocr_par' dir='ltr' id='par_1_75' title="bbox 497 5438 2089 5507">
     <span class='ocr_line' id='line_1_76' title="bbox 497 5438 2089 5507; baseline -0.001 -15"><span class='ocrx_word' id='word_1_455' title='bbox 497 5448 554 5492; x_wconf 88' lang='lat' dir='ltr'><strong>et</strong></span> <span class='ocrx_word' id='word_1_456' title='bbox 589 5439 759 5492; x_wconf 85' lang='lat' dir='ltr'><strong>sancti</strong></span> <span class='ocrx_word' id='word_1_457' title='bbox 801 5438 958 5507; x_wconf 85' lang='lat' dir='ltr'><strong>hujus</strong></span> <span class='ocrx_word' id='word_1_458' title='bbox 999 5438 1153 5494; x_wconf 89' lang='lat' dir='ltr'><strong>dotes</strong></span> <span class='ocrx_word' id='word_1_459' title='bbox 1177 5440 1402 5495; x_wconf 82' lang='lat' dir='ltr'><strong>eximias</strong></span> <span class='ocrx_word' id='word_1_460' title='bbox 1432 5440 1680 5494; x_wconf 87' lang='lat' dir='ltr'><strong>encomio</strong></span> <span class='ocrx_word' id='word_1_461' title='bbox 1714 5438 1961 5507; x_wconf 78' lang='lat' dir='ltr'><strong>prosequi</strong></span> <span class='ocrx_word' id='word_1_462' title='bbox 1990 5453 2089 5491; x_wconf 88' lang='lat' dir='ltr'><strong>nc-</strong></span> 
     </span>
    </p>
   </div>
   <div class='ocr_carea' id='block_1_76' title="bbox 501 5510 985 5563">
    <p class='ocr_par' dir='ltr' id='par_1_76' title="bbox 501 5510 985 5563">
     <span class='ocr_line' id='line_1_77' title="bbox 501 5510 985 5563; baseline -0.004 0"><span class='ocrx_word' id='word_1_463' title='bbox 501 5510 625 5563; x_wconf 87' lang='lat' dir='ltr'><strong>miui</strong></span> <span class='ocrx_word' id='word_1_464' title='bbox 654 5510 985 5563; x_wconf 89' lang='lat' dir='ltr'><strong>conceditur.</strong></span> 
     </span>
    </p>
   </div>
   <div class='ocr_carea' id='block_1_77' title="bbox 567 5578 2087 5647">
    <p class='ocr_par' dir='ltr' id='par_1_77' title="bbox 567 5578 2087 5647">
     <span class='ocr_line' id='line_1_78' title="bbox 567 5578 2087 5647; baseline -0.001 -14"><span class='ocrx_word' id='word_1_465' title='bbox 567 5578 1033 5646; x_wconf 80' lang='lat' dir='ltr'><strong>Quemadmodum</strong></span> <span class='ocrx_word' id='word_1_466' title='bbox 1062 5590 1236 5636; x_wconf 86' lang='lat' dir='ltr'><strong>autem</strong></span> <span class='ocrx_word' id='word_1_467' title='bbox 1265 5580 1401 5647; x_wconf 84' lang='lat' dir='ltr'><strong>apis,</strong></span> <span class='ocrx_word' id='word_1_468' title='bbox 1434 5580 1555 5633; x_wconf 90' lang='lat' dir='ltr'><strong>licet</strong></span> <span class='ocrx_word' id='word_1_469' title='bbox 1585 5588 1774 5646; x_wconf 80' lang='lat' dir='ltr'><strong>Sponte</strong></span> <span class='ocrx_word' id='word_1_470' title='bbox 1808 5579 2007 5632; x_wconf 87' lang='lat' dir='ltr'><strong>feratur</strong></span> <span class='ocrx_word' id='word_1_471' title='bbox 2032 5590 2087 5633; x_wconf 89' lang='lat' dir='ltr'><strong>tn</strong></span> 
     </span>
    </p>
   </div>
   <div class='ocr_carea' id='block_1_78' title="bbox 494 5650 2089 5719">
    <p class='ocr_par' dir='ltr' id='par_1_78' title="bbox 494 5650 2089 5719">
     <span class='ocr_line' id='line_1_79' title="bbox 494 5650 2089 5719; baseline 0.001 -17"><span class='ocrx_word' id='word_1_472' title='bbox 494 5652 775 5704; x_wconf 86' lang='lat' dir='ltr'><strong>universos</strong></span> <span class='ocrx_word' id='word_1_473' title='bbox 806 5650 967 5704; x_wconf 87' lang='lat' dir='ltr'><strong>liores</strong></span> <span class='ocrx_word' id='word_1_474' title='bbox 996 5660 1051 5705; x_wconf 91' lang='lat' dir='ltr'><strong>ut</strong></span> <span class='ocrx_word' id='word_1_475' title='bbox 1072 5667 1165 5707; x_wconf 90' lang='lat' dir='ltr'><strong>eos</strong></span> <span class='ocrx_word' id='word_1_476' title='bbox 1186 5652 1406 5715; x_wconf 81' lang='lat' dir='ltr'><strong>ambiat,</strong></span> <span class='ocrx_word' id='word_1_477' title='bbox 1430 5664 1535 5704; x_wconf 91' lang='lat' dir='ltr'><strong>non</strong></span> <span class='ocrx_word' id='word_1_478' title='bbox 1562 5660 1739 5719; x_wconf 86' lang='lat' dir='ltr'><strong>potest</strong></span> <span class='ocrx_word' id='word_1_479' title='bbox 1770 5662 1944 5703; x_wconf 83' lang='lat' dir='ltr'><strong>tamen</strong></span> <span class='ocrx_word' id='word_1_480' title='bbox 1968 5666 2089 5704; x_wconf 88' lang='lat' dir='ltr'><strong>suc-</strong></span> 
     </span>
    </p>
   </div>
   <div class='ocr_carea' id='block_1_79' title="bbox 494 5722 2089 5787">
    <p class='ocr_par' dir='ltr' id='par_1_79' title="bbox 494 5722 2089 5787">
     <span class='ocr_line' id='line_1_80' title="bbox 494 5722 2089 5787; baseline -0.001 -13"><span class='ocrx_word' id='word_1_481' title='bbox 494 5736 616 5775; x_wconf 85' lang='lat' dir='ltr'><strong>cum</strong></span> <span class='ocrx_word' id='word_1_482' title='bbox 655 5736 869 5775; x_wconf 85' lang='lat' dir='ltr'><strong>omnem</strong></span> <span class='ocrx_word' id='word_1_483' title='bbox 916 5722 1159 5785; x_wconf 87' lang='lat' dir='ltr'><strong>illorum,</strong></span> <span class='ocrx_word' id='word_1_484' title='bbox 1189 5723 1258 5776; x_wconf 92' lang='lat' dir='ltr'><strong>ob</strong></span> <span class='ocrx_word' id='word_1_485' title='bbox 1295 5722 1487 5775; x_wconf 91' lang='lat' dir='ltr'><strong>virium</strong></span> <span class='ocrx_word' id='word_1_486' title='bbox 1536 5723 1872 5785; x_wconf 82' lang='lat' dir='ltr'><strong>tenuitatem,</strong></span> <span class='ocrx_word' id='word_1_487' title='bbox 1902 5736 2089 5787; x_wconf 81' lang='lat' dir='ltr'><strong>aSpor-</strong></span> 
     </span>
    </p>
   </div>
   <div class='ocr_carea' id='block_1_80' title="bbox 495 5792 2085 5862">
    <p class='ocr_par' dir='ltr' id='par_1_80' title="bbox 495 5792 2085 5862">
     <span class='ocr_line' id='line_1_81' title="bbox 495 5792 2085 5862; baseline 0 -17"><span class='ocrx_word' id='word_1_488' title='bbox 495 5802 639 5855; x_wconf 82' lang='lat' dir='ltr'><strong>tare;</strong></span> <span class='ocrx_word' id='word_1_489' title='bbox 687 5792 917 5862; x_wconf 88' lang='lat' dir='ltr'><strong>ideoque</strong></span> <span class='ocrx_word' id='word_1_490' title='bbox 947 5792 1124 5862; x_wconf 84' lang='lat' dir='ltr'><strong>seligit</strong></span> <span class='ocrx_word' id='word_1_491' title='bbox 1154 5808 1236 5859; x_wconf 89' lang='lat' dir='ltr'><strong>ca,</strong></span> <span class='ocrx_word' id='word_1_492' title='bbox 1270 5808 1389 5861; x_wconf 65' lang='lat' dir='ltr'><strong>quae</strong></span> <span class='ocrx_word' id='word_1_493' title='bbox 1430 5793 1482 5845; x_wconf 92' lang='lat' dir='ltr'><strong>in</strong></span> <span class='ocrx_word' id='word_1_494' title='bbox 1522 5793 1699 5846; x_wconf 87' lang='lat' dir='ltr'><strong>medio</strong></span> <span class='ocrx_word' id='word_1_495' title='bbox 1730 5792 1919 5845; x_wconf 89' lang='lat' dir='ltr'><strong>llorum</strong></span> <span class='ocrx_word' id='word_1_496' title='bbox 1951 5792 2085 5845; x_wconf 88' lang='lat' dir='ltr'><strong>emi-</strong></span> 
     </span>
    </p>
   </div>
   <div class='ocr_carea' id='block_1_81' title="bbox 490 5864 2085 5933">
    <p class='ocr_par' dir='ltr' id='par_1_81' title="bbox 490 5864 2085 5933">
     <span class='ocr_line' id='line_1_82' title="bbox 490 5864 2085 5933; baseline 0.001 -19"><span class='ocrx_word' id='word_1_497' title='bbox 490 5877 615 5917; x_wconf 83' lang='lat' dir='ltr'><strong>cant</strong></span> <span class='ocrx_word' id='word_1_498' title='bbox 658 5873 710 5917; x_wconf 90' lang='lat' dir='ltr'><strong>et</strong></span> <span class='ocrx_word' id='word_1_499' title='bbox 751 5864 1032 5917; x_wconf 85' lang='lat' dir='ltr'><strong>subtiliora</strong></span> <span class='ocrx_word' id='word_1_500' title='bbox 1065 5875 1207 5925; x_wconf 82' lang='lat' dir='ltr'><strong>sunt,</strong></span> <span class='ocrx_word' id='word_1_501' title='bbox 1245 5875 1301 5916; x_wconf 90' lang='lat' dir='ltr'><strong>ut</strong></span> <span class='ocrx_word' id='word_1_502' title='bbox 1330 5866 1429 5917; x_wconf 87' lang='lat' dir='ltr'><strong>alis</strong></span> <span class='ocrx_word' id='word_1_503' title='bbox 1459 5865 1569 5917; x_wconf 90' lang='lat' dir='ltr'><strong>suis</strong></span> <span class='ocrx_word' id='word_1_504' title='bbox 1601 5874 1890 5933; x_wconf 80' lang='lat' dir='ltr'><strong>congreget</strong></span> <span class='ocrx_word' id='word_1_505' title='bbox 1922 5877 2085 5931; x_wconf 88' lang='lat' dir='ltr'><strong>atque</strong></span> 
     </span>
    </p>
   </div>
   <div class='ocr_carea' id='block_1_82' title="bbox 488 5934 2083 6006">
    <p class='ocr_par' dir='ltr' id='par_1_82' title="bbox 488 5934 2083 6006">
     <span class='ocr_line' id='line_1_83' title="bbox 488 5934 2083 6006; baseline 0.003 -19"><span class='ocrx_word' id='word_1_506' title='bbox 488 5935 613 5991; x_wconf 69' lang='lat' dir='ltr'><strong>inde</strong></span> <span class='ocrx_word' id='word_1_507' title='bbox 640 5937 811 5991; x_wconf 78' lang='lat' dir='ltr'><strong>mellis</strong></span> <span class='ocrx_word' id='word_1_508' title='bbox 839 5934 1015 5992; x_wconf 76' lang='lat' dir='ltr'><strong>favum</strong></span> <span class='ocrx_word' id='word_1_509' title='bbox 1045 5936 1295 5994; x_wconf 87' lang='lat' dir='ltr'><strong>conticiat</strong></span> <span class='ocrx_word' id='word_1_510' title='bbox 1331 5954 1342 5989; x_wconf 88' lang='lat'>:</span> <span class='ocrx_word' id='word_1_511' title='bbox 1378 5936 1447 5991; x_wconf 86' lang='lat' dir='ltr'><strong>ita</strong></span> <span class='ocrx_word' id='word_1_512' title='bbox 1478 5945 1528 5991; x_wconf 88' lang='lat' dir='ltr'><strong>et</strong></span> <span class='ocrx_word' id='word_1_513' title='bbox 1555 5950 1651 6006; x_wconf 79' lang='lat' dir='ltr'><strong>ego</strong></span> <span class='ocrx_word' id='word_1_514' title='bbox 1679 5951 1761 6003; x_wconf 87' lang='lat' dir='ltr'><strong>ea,</strong></span> <span class='ocrx_word' id='word_1_515' title='bbox 1793 5949 1909 6005; x_wconf 73' lang='lat' dir='ltr'><strong>qua:</strong></span> <span class='ocrx_word' id='word_1_516' title='bbox 1936 5948 2083 5991; x_wconf 71' lang='lat' dir='ltr'><strong>cout~</strong></span> 
     </span>
    </p>
   </div>
   <div class='ocr_carea' id='block_1_83' title="bbox 2198 3812 3804 3899">
    <p class='ocr_par' dir='ltr' id='par_1_83' title="bbox 2198 3812 3804 3899">
     <span class='ocr_line' id='line_1_84' title="bbox 2198 3812 3804 3899; baseline 0.003 -32"><span class='ocrx_word' id='word_1_517' title='bbox 2198 3812 2361 3899; x_wconf 72' lang='lat' dir='ltr'><strong>plecti</strong></span> <span class='ocrx_word' id='word_1_518' title='bbox 2394 3822 2601 3899; x_wconf 64' lang='lat' dir='ltr'><strong>potero,</strong></span> <span class='ocrx_word' id='word_1_519' title='bbox 2630 3812 2967 3897; x_wconf 66' lang='lat' dir='ltr'><strong>coacervabo</strong></span> <span class='ocrx_word' id='word_1_520' title='bbox 2993 3813 3043 3868; x_wconf 92' lang='lat' dir='ltr'><strong>in</strong></span> <span class='ocrx_word' id='word_1_521' title='bbox 3074 3821 3277 3881; x_wconf 88' lang='lat' dir='ltr'><strong>mente,</strong></span> <span class='ocrx_word' id='word_1_522' title='bbox 3309 3823 3365 3869; x_wconf 88' lang='lat' dir='ltr'><strong>et</strong></span> <span class='ocrx_word' id='word_1_523' title='bbox 3392 3828 3645 3869; x_wconf 83' lang='lat' dir='ltr'><strong>sermone</strong></span> <span class='ocrx_word' id='word_1_524' title='bbox 3670 3831 3804 3899; x_wconf 82' lang='lat' dir='ltr'><strong>pro-</strong></span> 
     </span>
    </p>
   </div>
   <div class='ocr_carea' id='block_1_84' title="bbox 2200 3884 3807 3957">
    <p class='ocr_par' dir='ltr' id='par_1_84' title="bbox 2200 3884 3807 3957">
     <span class='ocr_line' id='line_1_85' title="bbox 2200 3884 3807 3957; baseline 0.002 -18"><span class='ocrx_word' id='word_1_525' title='bbox 2200 3884 2401 3957; x_wconf 70' lang='lat' dir='ltr'><strong>feram,</strong></span> <span class='ocrx_word' id='word_1_526' title='bbox 2436 3896 2492 3957; x_wconf 86' lang='lat' dir='ltr'><strong>ut</strong></span> <span class='ocrx_word' id='word_1_527' title='bbox 2521 3884 2689 3939; x_wconf 91' lang='lat' dir='ltr'><strong>odore</strong></span> <span class='ocrx_word' id='word_1_528' title='bbox 2722 3886 2872 3939; x_wconf 81' lang='lat' dir='ltr'><strong>suavi</strong></span> <span class='ocrx_word' id='word_1_529' title='bbox 2909 3900 3068 3939; x_wconf 84' lang='lat' dir='ltr'><strong>nares</strong></span> <span class='ocrx_word' id='word_1_530' title='bbox 3094 3900 3337 3957; x_wconf 81' lang='lat' dir='ltr'><strong>recreem</strong></span> <span class='ocrx_word' id='word_1_531' title='bbox 3367 3900 3555 3941; x_wconf 90' lang='lat' dir='ltr'><strong>eorum</strong></span> <span class='ocrx_word' id='word_1_532' title='bbox 3592 3884 3686 3957; x_wconf 90' lang='lat' dir='ltr'><strong>qui</strong></span> <span class='ocrx_word' id='word_1_533' title='bbox 3712 3904 3807 3942; x_wconf 80' lang='lat' dir='ltr'><strong>sa-</strong></span> 
     </span>
    </p>
   </div>
   <div class='ocr_carea' id='block_1_85' title="bbox 2198 3955 3800 4027">
    <p class='ocr_par' dir='ltr' id='par_1_85' title="bbox 2198 3955 3800 4027">
     <span class='ocr_line' id='line_1_86' title="bbox 2198 3955 3800 4027; baseline 0.002 -17"><span class='ocrx_word' id='word_1_534' title='bbox 2198 3970 2300 4027; x_wconf 73' lang='lat' dir='ltr'><strong>era</strong></span> <span class='ocrx_word' id='word_1_535' title='bbox 2319 3955 2598 4010; x_wconf 83' lang='lat' dir='ltr'><strong>celebrant</strong></span> <span class='ocrx_word' id='word_1_536' title='bbox 2629 3960 2884 4027; x_wconf 86' lang='lat' dir='ltr'><strong>mysteria</strong></span> <span class='ocrx_word' id='word_1_537' title='bbox 2915 3966 2971 4011; x_wconf 88' lang='lat' dir='ltr'><strong>et</strong></span> <span class='ocrx_word' id='word_1_538' title='bbox 2995 3960 3167 4011; x_wconf 82' lang='lat' dir='ltr'><strong>sancti</strong></span> <span class='ocrx_word' id='word_1_539' title='bbox 3208 3955 3455 4027; x_wconf 73' lang='lat' dir='ltr'><strong>Gregorii</strong></span> <span class='ocrx_word' id='word_1_540' title='bbox 3486 3955 3800 4014; x_wconf 84' lang='lat' dir='ltr'><strong>encomium</strong></span> 
     </span>
    </p>
   </div>
   <div class='ocr_carea' id='block_1_86' title="bbox 2200 4025 2662 4095">
    <p class='ocr_par' dir='ltr' id='par_1_86' title="bbox 2200 4025 2662 4095">
     <span class='ocr_line' id='line_1_87' title="bbox 2200 4025 2662 4095; baseline 0.004 -17"><span class='ocrx_word' id='word_1_541' title='bbox 2200 4025 2387 4095; x_wconf 83' lang='lat' dir='ltr'><strong>audire</strong></span> <span class='ocrx_word' id='word_1_542' title='bbox 2407 4027 2662 4095; x_wconf 86' lang='lat' dir='ltr'><strong>gestiunt.</strong></span> 
     </span>
    </p>
   </div>
   <div class='ocr_carea' id='block_1_87' title="bbox 2274 4094 3802 4168">
    <p class='ocr_par' dir='ltr' id='par_1_87' title="bbox 2274 4094 3802 4168">
     <span class='ocr_line' id='line_1_88' title="bbox 2274 4094 3802 4168; baseline 0.005 -20"><span class='ocrx_word' id='word_1_543' title='bbox 2274 4094 2376 4168; x_wconf 73' lang='lat' dir='ltr'><strong>Per</strong></span> <span class='ocrx_word' id='word_1_544' title='bbox 2418 4106 2665 4168; x_wconf 84' lang='lat' dir='ltr'><strong>tormenta</strong></span> <span class='ocrx_word' id='word_1_545' title='bbox 2704 4112 2799 4149; x_wconf 88' lang='lat' dir='ltr'><strong>sua</strong></span> <span class='ocrx_word' id='word_1_546' title='bbox 2828 4094 3105 4168; x_wconf 73' lang='lat' dir='ltr'><strong>Gregorius</strong></span> <span class='ocrx_word' id='word_1_547' title='bbox 3128 4097 3423 4151; x_wconf 76' lang='lat' dir='ltr'><strong>Armeniam</strong></span> <span class='ocrx_word' id='word_1_548' title='bbox 3451 4097 3618 4151; x_wconf 82' lang='lat' dir='ltr'><strong>dumis</strong></span> <span class='ocrx_word' id='word_1_549' title='bbox 3643 4109 3691 4152; x_wconf 89' lang='lat' dir='ltr'><strong>et</strong></span> <span class='ocrx_word' id='word_1_550' title='bbox 3718 4117 3802 4155; x_wconf 82' lang='lat' dir='ltr'><strong>ve-</strong></span> 
     </span>
    </p>
   </div>
   <div class='ocr_carea' id='block_1_88' title="bbox 2201 4166 3801 4237">
    <p class='ocr_par' dir='ltr' id='par_1_88' title="bbox 2201 4166 3801 4237">
     <span class='ocr_line' id='line_1_89' title="bbox 2201 4166 3801 4237; baseline 0.003 -19"><span class='ocrx_word' id='word_1_551' title='bbox 2201 4166 2377 4235; x_wconf 82' lang='lat' dir='ltr'><strong>pribus</strong></span> <span class='ocrx_word' id='word_1_552' title='bbox 2407 4167 2676 4229; x_wconf 79' lang='lat' dir='ltr'><strong>hirsutam,</strong></span> <span class='ocrx_word' id='word_1_553' title='bbox 2695 4166 2962 4220; x_wconf 71' lang='lat' dir='ltr'><strong>consutam</strong></span> <span class='ocrx_word' id='word_1_554' title='bbox 2990 4169 3205 4237; x_wconf 80' lang='lat' dir='ltr'><strong>ﬂoribus</strong></span> <span class='ocrx_word' id='word_1_555' title='bbox 3234 4178 3281 4221; x_wconf 87' lang='lat' dir='ltr'><strong>et</strong></span> <span class='ocrx_word' id='word_1_556' title='bbox 3308 4170 3570 4237; x_wconf 76' lang='lat' dir='ltr'><strong>pomiferis</strong></span> <span class='ocrx_word' id='word_1_557' title='bbox 3594 4170 3801 4223; x_wconf 89' lang='lat' dir='ltr'><strong>arbori-</strong></span> 
     </span>
    </p>
   </div>
   <div class='ocr_carea' id='block_1_89' title="bbox 2200 4237 3802 4309">
    <p class='ocr_par' dir='ltr' id='par_1_89' title="bbox 2200 4237 3802 4309">
     <span class='ocr_line' id='line_1_90' title="bbox 2200 4237 3802 4309; baseline 0.003 -20"><span class='ocrx_word' id='word_1_558' title='bbox 2200 4238 2291 4290; x_wconf 83' lang='lat' dir='ltr'><strong>bus</strong></span> <span class='ocrx_word' id='word_1_559' title='bbox 2319 4240 2524 4309; x_wconf 71' lang='lat' dir='ltr'><strong>hortum</strong></span> <span class='ocrx_word' id='word_1_560' title='bbox 2550 4238 2714 4307; x_wconf 75' lang='lat' dir='ltr'><strong>eﬁicit.</strong></span> <span class='ocrx_word' id='word_1_561' title='bbox 2749 4237 2993 4291; x_wconf 87' lang='lat' dir='ltr'><strong>Doctrina</strong></span> <span class='ocrx_word' id='word_1_562' title='bbox 3017 4242 3182 4293; x_wconf 87' lang='lat' dir='ltr'><strong>sancti</strong></span> <span class='ocrx_word' id='word_1_563' title='bbox 3208 4237 3446 4309; x_wconf 83' lang='lat' dir='ltr'><strong>Gregorii</strong></span> <span class='ocrx_word' id='word_1_564' title='bbox 3474 4238 3802 4293; x_wconf 82' lang='lat' dir='ltr'><strong>ltluminato-</strong></span> 
     </span>
    </p>
   </div>
   <div class='ocr_carea' id='block_1_90' title="bbox 2198 4307 3793 4378">
    <p class='ocr_par' dir='ltr' id='par_1_90' title="bbox 2198 4307 3793 4378">
     <span class='ocr_line' id='line_1_91' title="bbox 2198 4307 3793 4378; baseline 0.004 -19"><span class='ocrx_word' id='word_1_565' title='bbox 2198 4309 2289 4360; x_wconf 78' lang='lat' dir='ltr'><strong>ris.</strong></span> <span class='ocrx_word' id='word_1_566' title='bbox 2312 4339 2383 4348; x_wconf 95' lang='lat'><strong>—</strong></span> <span class='ocrx_word' id='word_1_567' title='bbox 2408 4307 2525 4361; x_wconf 83' lang='lat' dir='ltr'><strong>Jam</strong></span> <span class='ocrx_word' id='word_1_568' title='bbox 2552 4323 2678 4363; x_wconf 81' lang='lat' dir='ltr'><strong>vero</strong></span> <span class='ocrx_word' id='word_1_569' title='bbox 2699 4310 2970 4377; x_wconf 90' lang='lat' dir='ltr'><strong>quomodo</strong></span> <span class='ocrx_word' id='word_1_570' title='bbox 2989 4309 3272 4378; x_wconf 83' lang='lat' dir='ltr'><strong>appellabo</strong></span> <span class='ocrx_word' id='word_1_571' title='bbox 3298 4307 3603 4377; x_wconf 80' lang='lat' dir='ltr'><strong>pontiﬁcem</strong></span> <span class='ocrx_word' id='word_1_572' title='bbox 3628 4310 3793 4374; x_wconf 86' lang='lat' dir='ltr'><strong>hunc.</strong></span> 
     </span>
    </p>
   </div>
   <div class='ocr_carea' id='block_1_91' title="bbox 2200 4378 3799 4450">
    <p class='ocr_par' dir='ltr' id='par_1_91' title="bbox 2200 4378 3799 4450">
     <span class='ocr_line' id='line_1_92' title="bbox 2200 4378 3799 4450; baseline 0.005 -20"><span class='ocrx_word' id='word_1_573' title='bbox 2200 4378 2301 4450; x_wconf 83' lang='lat' dir='ltr'><strong>nisi</strong></span> <span class='ocrx_word' id='word_1_574' title='bbox 2329 4380 2499 4433; x_wconf 89' lang='lat' dir='ltr'><strong>sulem</strong></span> <span class='ocrx_word' id='word_1_575' title='bbox 2529 4379 2581 4432; x_wconf 94' lang='lat' dir='ltr'><strong>in</strong></span> <span class='ocrx_word' id='word_1_576' title='bbox 2608 4379 2852 4449; x_wconf 86' lang='lat' dir='ltr'><strong>partibus</strong></span> <span class='ocrx_word' id='word_1_577' title='bbox 2877 4378 3239 4450; x_wconf 88' lang='lat' dir='ltr'><strong>Orientalibus</strong></span> <span class='ocrx_word' id='word_1_578' title='bbox 3270 4389 3578 4450; x_wconf 75' lang='lat' dir='ltr'><strong>nascentem</strong></span> <span class='ocrx_word' id='word_1_579' title='bbox 3600 4422 3614 4441; x_wconf 86' lang='lat'><strong><em>.</em></strong></span> <span class='ocrx_word' id='word_1_580' title='bbox 3640 4384 3799 4450; x_wconf 85' lang='lat' dir='ltr'><strong>cujus</strong></span> 
     </span>
    </p>
   </div>
   <div class='ocr_carea' id='block_1_92' title="bbox 2200 4449 3794 4520">
    <p class='ocr_par' dir='ltr' id='par_1_92' title="bbox 2200 4449 3794 4520">
     <span class='ocr_line' id='line_1_93' title="bbox 2200 4449 3794 4520; baseline 0.004 -20"><span class='ocrx_word' id='word_1_581' title='bbox 2200 4449 2472 4502; x_wconf 88' lang='lat' dir='ltr'><strong>radiorum</strong></span> <span class='ocrx_word' id='word_1_582' title='bbox 2504 4450 2761 4518; x_wconf 87' lang='lat' dir='ltr'><strong>splendor</strong></span> <span class='ocrx_word' id='word_1_583' title='bbox 2789 4464 2957 4517; x_wconf 82' lang='lat' dir='ltr'><strong>usque</strong></span> <span class='ocrx_word' id='word_1_584' title='bbox 2983 4449 3049 4504; x_wconf 89' lang='lat' dir='ltr'><strong>ad</strong></span> <span class='ocrx_word' id='word_1_585' title='bbox 3080 4459 3296 4519; x_wconf 78' lang='lat' dir='ltr'><strong>gentem</strong></span> <span class='ocrx_word' id='word_1_586' title='bbox 3324 4449 3635 4504; x_wconf 73' lang='lat' dir='ltr'><strong>Grmcorum</strong></span> <span class='ocrx_word' id='word_1_587' title='bbox 3665 4449 3794 4520; x_wconf 82' lang='lat' dir='ltr'><strong>per-</strong></span> 
     </span>
    </p>
   </div>
   <div class='ocr_carea' id='block_1_93' title="bbox 2202 4520 3796 4590">
    <p class='ocr_par' dir='ltr' id='par_1_93' title="bbox 2202 4520 3796 4590">
     <span class='ocr_line' id='line_1_94' title="bbox 2202 4520 3796 4590; baseline 0.004 -19"><span class='ocrx_word' id='word_1_588' title='bbox 2202 4520 2351 4585; x_wconf 79' lang='lat' dir='ltr'><strong>tigit?</strong></span> <span class='ocrx_word' id='word_1_589' title='bbox 2380 4520 2424 4575; x_wconf 90' lang='grc' dir='ltr'>Ο</span> <span class='ocrx_word' id='word_1_590' title='bbox 2454 4521 2787 4589; x_wconf 79' lang='lat' dir='ltr'><strong>prodigium!</strong></span> <span class='ocrx_word' id='word_1_591' title='bbox 2831 4521 2886 4575; x_wconf 88' lang='lat' dir='ltr'><strong>Si</strong></span> <span class='ocrx_word' id='word_1_592' title='bbox 2914 4521 3036 4590; x_wconf 91' lang='lat' dir='ltr'><strong>quis</strong></span> <span class='ocrx_word' id='word_1_593' title='bbox 3066 4522 3277 4575; x_wconf 89' lang='lat' dir='ltr'><strong>hortum</strong></span> <span class='ocrx_word' id='word_1_594' title='bbox 3311 4522 3509 4590; x_wconf 82' lang='lat' dir='ltr'><strong>plantis</strong></span> <span class='ocrx_word' id='word_1_595' title='bbox 3533 4523 3796 4578; x_wconf 86' lang='lat' dir='ltr'><strong>insertum</strong></span> 
     </span>
    </p>
   </div>
   <div class='ocr_carea' id='block_1_94' title="bbox 2199 4592 3799 4662">
    <p class='ocr_par' dir='ltr' id='par_1_94' title="bbox 2199 4592 3799 4662">
     <span class='ocr_line' id='line_1_95' title="bbox 2199 4592 3799 4662; baseline 0.006 -23"><span class='ocrx_word' id='word_1_596' title='bbox 2199 4592 2359 4654; x_wconf 82' lang='lat' dir='ltr'><strong>velit,</strong></span> <span class='ocrx_word' id='word_1_597' title='bbox 2409 4592 2579 4662; x_wconf 63' lang='lat' dir='ltr'><strong>spinae</strong></span> <span class='ocrx_word' id='word_1_598' title='bbox 2629 4592 2856 4659; x_wconf 88' lang='lat' dir='ltr'><strong>primum</strong></span> <span class='ocrx_word' id='word_1_599' title='bbox 2902 4592 3326 4655; x_wconf 83' lang='lat' dir='ltr'><strong>exscinduntur,</strong></span> <span class='ocrx_word' id='word_1_600' title='bbox 3380 4592 3799 4662; x_wconf 81' lang='lat' dir='ltr'><strong>evellunturque</strong></span> 
     </span>
    </p>
   </div>
   <div class='ocr_carea' id='block_1_95' title="bbox 2200 4661 3799 4731">
    <p class='ocr_par' dir='ltr' id='par_1_95' title="bbox 2200 4661 3799 4731">
     <span class='ocr_line' id='line_1_96' title="bbox 2200 4661 3799 4731; baseline 0.004 -20"><span class='ocrx_word' id='word_1_601' title='bbox 2200 4662 2371 4714; x_wconf 65' lang='lat' dir='ltr'><strong>noxiae</strong></span> <span class='ocrx_word' id='word_1_602' title='bbox 2399 4661 2627 4726; x_wconf 82' lang='lat' dir='ltr'><strong>radices,</strong></span> <span class='ocrx_word' id='word_1_603' title='bbox 2661 4676 2761 4715; x_wconf 88' lang='lat' dir='ltr'><strong>nec</strong></span> <span class='ocrx_word' id='word_1_604' title='bbox 2790 4662 2907 4715; x_wconf 87' lang='lat' dir='ltr'><strong>sine</strong></span> <span class='ocrx_word' id='word_1_605' title='bbox 2937 4662 3113 4731; x_wconf 84' lang='lat' dir='ltr'><strong>aliqua</strong></span> <span class='ocrx_word' id='word_1_606' title='bbox 3141 4661 3459 4717; x_wconf 81' lang='lat' dir='ltr'><strong>difficultate</strong></span> <span class='ocrx_word' id='word_1_607' title='bbox 3485 4661 3673 4716; x_wconf 84' lang='lat' dir='ltr'><strong>hortus</strong></span> <span class='ocrx_word' id='word_1_608' title='bbox 3708 4661 3799 4718; x_wconf 72' lang='lat' dir='ltr'><strong>illo</strong></span> 
     </span>
    </p>
   </div>
   <div class='ocr_carea' id='block_1_96' title="bbox 2198 4730 3793 4804">
    <p class='ocr_par' dir='ltr' id='par_1_96' title="bbox 2198 4730 3793 4804">
     <span class='ocr_line' id='line_1_97' title="bbox 2198 4730 3793 4804; baseline 0.005 -23"><span class='ocrx_word' id='word_1_609' title='bbox 2198 4730 2467 4804; x_wconf 81' lang='lat' dir='ltr'><strong>plantatur</strong></span> <span class='ocrx_word' id='word_1_610' title='bbox 2498 4750 2511 4804; x_wconf 70' lang='grc' dir='ltr'><strong><em>ς</em></strong></span> <span class='ocrx_word' id='word_1_611' title='bbox 2545 4732 2638 4785; x_wconf 89' lang='lat' dir='ltr'><strong>sed</strong></span> <span class='ocrx_word' id='word_1_612' title='bbox 2682 4734 2856 4801; x_wconf 88' lang='lat' dir='ltr'><strong>magni</strong></span> <span class='ocrx_word' id='word_1_613' title='bbox 2901 4730 3153 4804; x_wconf 83' lang='lat' dir='ltr'><strong>martyris</strong></span> <span class='ocrx_word' id='word_1_614' title='bbox 3181 4743 3235 4787; x_wconf 92' lang='lat' dir='ltr'><strong>et</strong></span> <span class='ocrx_word' id='word_1_615' title='bbox 3264 4732 3522 4801; x_wconf 75' lang='lat' dir='ltr'><strong>supplicia</strong></span> <span class='ocrx_word' id='word_1_616' title='bbox 3547 4736 3793 4801; x_wconf 85' lang='lat' dir='ltr'><strong>perpessi</strong></span> 
     </span>
    </p>
   </div>
   <div class='ocr_carea' id='block_1_97' title="bbox 2200 4802 3794 4873">
    <p class='ocr_par' dir='ltr' id='par_1_97' title="bbox 2200 4802 3794 4873">
     <span class='ocr_line' id='line_1_98' title="bbox 2200 4802 3794 4873; baseline 0.004 -20"><span class='ocrx_word' id='word_1_617' title='bbox 2200 4802 2467 4868; x_wconf 83' lang='lat' dir='ltr'><strong>pontificis</strong></span> <span class='ocrx_word' id='word_1_618' title='bbox 2496 4802 2685 4857; x_wconf 88' lang='lat' dir='ltr'><strong>hortus</strong></span> <span class='ocrx_word' id='word_1_619' title='bbox 2712 4805 2763 4855; x_wconf 92' lang='lat' dir='ltr'><strong>in</strong></span> <span class='ocrx_word' id='word_1_620' title='bbox 2794 4802 2971 4857; x_wconf 89' lang='lat' dir='ltr'><strong>medio</strong></span> <span class='ocrx_word' id='word_1_621' title='bbox 3001 4802 3273 4873; x_wconf 81' lang='lat' dir='ltr'><strong>spinarum</strong></span> <span class='ocrx_word' id='word_1_622' title='bbox 3312 4804 3674 4873; x_wconf 88' lang='lat' dir='ltr'><strong>germinavit,</strong></span> <span class='ocrx_word' id='word_1_623' title='bbox 3724 4806 3794 4859; x_wconf 85' lang='lat' dir='ltr'><strong>ad</strong></span> 
     </span>
    </p>
   </div>
   <div class='ocr_carea' id='block_1_98' title="bbox 2195 4873 3795 4943">
    <p class='ocr_par' dir='ltr' id='par_1_98' title="bbox 2195 4873 3795 4943">
     <span class='ocr_line' id='line_1_99' title="bbox 2195 4873 3795 4943; baseline 0.002 -19"><span class='ocrx_word' id='word_1_624' title='bbox 2195 4873 2386 4943; x_wconf 69' lang='lat' dir='ltr'><strong>cadum</strong></span> <span class='ocrx_word' id='word_1_625' title='bbox 2419 4889 2587 4942; x_wconf 90' lang='lat' dir='ltr'><strong>usque</strong></span> <span class='ocrx_word' id='word_1_626' title='bbox 2618 4874 2849 4943; x_wconf 83' lang='lat' dir='ltr'><strong>pertigit,</strong></span> <span class='ocrx_word' id='word_1_627' title='bbox 2869 4884 2920 4927; x_wconf 90' lang='lat' dir='ltr'><strong>et</strong></span> <span class='ocrx_word' id='word_1_628' title='bbox 2943 4877 3211 4943; x_wconf 85' lang='lat' dir='ltr'><strong>angelicos</strong></span> <span class='ocrx_word' id='word_1_629' title='bbox 3234 4874 3411 4927; x_wconf 88' lang='lat' dir='ltr'><strong>emisit</strong></span> <span class='ocrx_word' id='word_1_630' title='bbox 3442 4873 3623 4935; x_wconf 83' lang='lat' dir='ltr'><strong>ﬂores,</strong></span> <span class='ocrx_word' id='word_1_631' title='bbox 3657 4890 3795 4942; x_wconf 82' lang='lat' dir='ltr'><strong>quo-</strong></span> 
     </span>
    </p>
   </div>
   <div class='ocr_carea' id='block_1_99' title="bbox 2196 4941 3792 5012">
    <p class='ocr_par' dir='ltr' id='par_1_99' title="bbox 2196 4941 3792 5012">
     <span class='ocr_line' id='line_1_100' title="bbox 2196 4941 3792 5012; baseline 0.003 -17"><span class='ocrx_word' id='word_1_632' title='bbox 2196 4958 2314 4995; x_wconf 88' lang='lat' dir='ltr'><strong>rum</strong></span> <span class='ocrx_word' id='word_1_633' title='bbox 2341 4941 2465 4997; x_wconf 79' lang='lat' dir='ltr'><strong>folia</strong></span> <span class='ocrx_word' id='word_1_634' title='bbox 2496 4941 3323 5011; x_wconf 27' lang='lat' dir='ltr'><strong>speciosis‘nitebautcoloribus</strong></span> <span class='ocrx_word' id='word_1_635' title='bbox 3353 4962 3365 4997; x_wconf 90' lang='lat'><strong>:</strong></span> <span class='ocrx_word' id='word_1_636' title='bbox 3401 4960 3505 4997; x_wconf 90' lang='lat' dir='ltr'><strong>non</strong></span> <span class='ocrx_word' id='word_1_637' title='bbox 3536 4941 3792 5012; x_wconf 89' lang='lat' dir='ltr'><strong>equidem</strong></span> 
     </span>
    </p>
   </div>
   <div class='ocr_carea' id='block_1_100' title="bbox 2196 5014 3795 5080">
    <p class='ocr_par' dir='ltr' id='par_1_100' title="bbox 2196 5014 3795 5080">
     <span class='ocr_line' id='line_1_101' title="bbox 2196 5014 3795 5080; baseline 0.003 -14"><span class='ocrx_word' id='word_1_638' title='bbox 2196 5014 2377 5080; x_wconf 89' lang='lat' dir='ltr'><strong>spinas</strong></span> <span class='ocrx_word' id='word_1_639' title='bbox 2400 5055 2414 5077; x_wconf 91' lang='lat'><strong>,</strong></span> <span class='ocrx_word' id='word_1_640' title='bbox 2446 5014 2675 5069; x_wconf 87' lang='lat' dir='ltr'><strong>earduos</strong></span> <span class='ocrx_word' id='word_1_641' title='bbox 2705 5024 2758 5067; x_wconf 91' lang='lat' dir='ltr'><strong>et</strong></span> <span class='ocrx_word' id='word_1_642' title='bbox 2789 5016 2918 5067; x_wconf 80' lang='lat' dir='ltr'><strong>alias</strong></span> <span class='ocrx_word' id='word_1_643' title='bbox 2947 5017 3226 5069; x_wconf 75' lang='lat' dir='ltr'><strong>noxiarum</strong></span> <span class='ocrx_word' id='word_1_644' title='bbox 3262 5015 3549 5068; x_wconf 87' lang='lat' dir='ltr'><strong>herbarum</strong></span> <span class='ocrx_word' id='word_1_645' title='bbox 3584 5016 3795 5070; x_wconf 82' lang='lat' dir='ltr'><strong>radices</strong></span> 
     </span>
    </p>
   </div>
   <div class='ocr_carea' id='block_1_101' title="bbox 2196 5086 3790 5153">
    <p class='ocr_par' dir='ltr' id='par_1_101' title="bbox 2196 5086 3790 5153">
     <span class='ocr_line' id='line_1_102' title="bbox 2196 5086 3790 5153; baseline 0.002 -16"><span class='ocrx_word' id='word_1_646' title='bbox 2196 5086 2564 5139; x_wconf 74' lang='lat' dir='ltr'><strong>exscindenda</strong></span> <span class='ocrx_word' id='word_1_647' title='bbox 2602 5095 2656 5139; x_wconf 92' lang='lat' dir='ltr'><strong>et</strong></span> <span class='ocrx_word' id='word_1_648' title='bbox 2695 5087 3047 5153; x_wconf 86' lang='lat' dir='ltr'><strong>projiciendo,</strong></span> <span class='ocrx_word' id='word_1_649' title='bbox 3078 5087 3169 5140; x_wconf 88' lang='lat' dir='ltr'><strong>sed</strong></span> <span class='ocrx_word' id='word_1_650' title='bbox 3203 5100 3295 5139; x_wconf 81' lang='lat' dir='ltr'><strong>eas</strong></span> <span class='ocrx_word' id='word_1_651' title='bbox 3326 5086 3379 5139; x_wconf 92' lang='lat' dir='ltr'><strong>in</strong></span> <span class='ocrx_word' id='word_1_652' title='bbox 3411 5086 3790 5140; x_wconf 82' lang='lat' dir='ltr'><strong>suaveolentes</strong></span> 
     </span>
    </p>
   </div>
   <div class='ocr_carea' id='block_1_102' title="bbox 2196 5155 3790 5223">
    <p class='ocr_par' dir='ltr' id='par_1_102' title="bbox 2196 5155 3790 5223">
     <span class='ocr_line' id='line_1_103' title="bbox 2196 5155 3790 5223; baseline 0.003 -17"><span class='ocrx_word' id='word_1_653' title='bbox 2196 5156 2359 5209; x_wconf 87' lang='lat' dir='ltr'><strong>flores</strong></span> <span class='ocrx_word' id='word_1_654' title='bbox 2381 5166 2435 5209; x_wconf 92' lang='lat' dir='ltr'><strong>et</strong></span> <span class='ocrx_word' id='word_1_655' title='bbox 2462 5156 2683 5209; x_wconf 85' lang='lat' dir='ltr'><strong>arbores</strong></span> <span class='ocrx_word' id='word_1_656' title='bbox 2716 5157 3002 5223; x_wconf 87' lang='lat' dir='ltr'><strong>pomiferas</strong></span> <span class='ocrx_word' id='word_1_657' title='bbox 3036 5155 3465 5210; x_wconf 88' lang='lat' dir='ltr'><strong>lransformando</strong></span> <span class='ocrx_word' id='word_1_658' title='bbox 3487 5197 3502 5221; x_wconf 94' lang='lat'><strong>,</strong></span> <span class='ocrx_word' id='word_1_659' title='bbox 3532 5155 3790 5211; x_wconf 87' lang='lat' dir='ltr'><strong>rhanmos</strong></span> 
     </span>
    </p>
   </div>
   <div class='ocr_carea' id='block_1_103' title="bbox 2198 5225 3793 5295">
    <p class='ocr_par' dir='ltr' id='par_1_103' title="bbox 2198 5225 3793 5295">
     <span class='ocr_line' id='line_1_104' title="bbox 2198 5225 3793 5295; baseline 0.003 -18"><span class='ocrx_word' id='word_1_660' title='bbox 2198 5225 2427 5281; x_wconf 89' lang='lat' dir='ltr'><strong>reddidit</strong></span> <span class='ocrx_word' id='word_1_661' title='bbox 2473 5242 2629 5295; x_wconf 90' lang='lat' dir='ltr'><strong>poma</strong></span> <span class='ocrx_word' id='word_1_662' title='bbox 2679 5226 2911 5281; x_wconf 85' lang='lat' dir='ltr'><strong>ferentes</strong></span> <span class='ocrx_word' id='word_1_663' title='bbox 2954 5228 3243 5291; x_wconf 84' lang='lat' dir='ltr'><strong>odorifera,</strong></span> <span class='ocrx_word' id='word_1_664' title='bbox 3275 5226 3597 5294; x_wconf 82' lang='lat' dir='ltr'><strong>carduisque</strong></span> <span class='ocrx_word' id='word_1_665' title='bbox 3641 5226 3793 5281; x_wconf 87' lang='lat' dir='ltr'><strong>dedit</strong></span> 
     </span>
    </p>
   </div>
   <div class='ocr_carea' id='block_1_104' title="bbox 2198 5295 3789 5367">
    <p class='ocr_par' dir='ltr' id='par_1_104' title="bbox 2198 5295 3789 5367">
     <span class='ocr_line' id='line_1_105' title="bbox 2198 5295 3789 5367; baseline 0.003 -18"><span class='ocrx_word' id='word_1_666' title='bbox 2198 5305 2253 5349; x_wconf 91' lang='lat' dir='ltr'><strong>ut</strong></span> <span class='ocrx_word' id='word_1_667' title='bbox 2279 5312 2428 5351; x_wconf 87' lang='lat' dir='ltr'><strong>rosas</strong></span> <span class='ocrx_word' id='word_1_668' title='bbox 2452 5298 2675 5350; x_wconf 87' lang='lat' dir='ltr'><strong>ederent</strong></span> <span class='ocrx_word' id='word_1_669' title='bbox 2703 5310 2755 5351; x_wconf 90' lang='lat' dir='ltr'><strong>et</strong></span> <span class='ocrx_word' id='word_1_670' title='bbox 2786 5297 2946 5352; x_wconf 82' lang='lat' dir='ltr'><strong>tiores</strong></span> <span class='ocrx_word' id='word_1_671' title='bbox 2974 5300 3247 5367; x_wconf 91' lang='lat' dir='ltr'><strong>speciosos</strong></span> <span class='ocrx_word' id='word_1_672' title='bbox 3273 5307 3433 5367; x_wconf 88' lang='lat' dir='ltr'><strong>atque</strong></span> <span class='ocrx_word' id='word_1_673' title='bbox 3462 5295 3789 5367; x_wconf 77' lang='lat' dir='ltr'><strong>fragrantem</strong></span> 
     </span>
    </p>
   </div>
   <div class='ocr_carea' id='block_1_105' title="bbox 2196 5368 2772 5422">
    <p class='ocr_par' dir='ltr' id='par_1_105' title="bbox 2196 5368 2772 5422">
     <span class='ocr_line' id='line_1_106' title="bbox 2196 5368 2772 5422; baseline 0.002 -1"><span class='ocrx_word' id='word_1_674' title='bbox 2196 5368 2503 5422; x_wconf 73' lang='lat' dir='ltr'><strong>eminentes</strong></span> <span class='ocrx_word' id='word_1_675' title='bbox 2529 5368 2772 5422; x_wconf 88' lang='lat' dir='ltr'><strong>odorem.</strong></span> 
     </span>
    </p>
   </div>
   <div class='ocr_carea' id='block_1_106' title="bbox 2268 5437 3784 5508">
    <p class='ocr_par' dir='ltr' id='par_1_106' title="bbox 2268 5437 3784 5508">
     <span class='ocr_line' id='line_1_107' title="bbox 2268 5437 3784 5508; baseline 0.002 -17"><span class='ocrx_word' id='word_1_676' title='bbox 2268 5437 2475 5493; x_wconf 82' lang='lat' dir='ltr'><strong>Felices</strong></span> <span class='ocrx_word' id='word_1_677' title='bbox 2502 5438 2833 5507; x_wconf 79' lang='lat' dir='ltr'><strong>Riphsimem</strong></span> <span class='ocrx_word' id='word_1_678' title='bbox 2856 5450 2910 5493; x_wconf 87' lang='lat' dir='ltr'><strong>et</strong></span> <span class='ocrx_word' id='word_1_679' title='bbox 2931 5438 3181 5493; x_wconf 86' lang='lat' dir='ltr'><strong>Caianam</strong></span> <span class='ocrx_word' id='word_1_680' title='bbox 3210 5438 3445 5508; x_wconf 68' lang='lat' dir='ltr'><strong>prmdico</strong></span> <span class='ocrx_word' id='word_1_681' title='bbox 3466 5456 3478 5491; x_wconf 90' lang='lat'><strong>:</strong></span> <span class='ocrx_word' id='word_1_682' title='bbox 3502 5452 3644 5507; x_wconf 70' lang='lat' dir='ltr'><strong>quae,</strong></span> <span class='ocrx_word' id='word_1_683' title='bbox 3662 5454 3784 5494; x_wconf 89' lang='lat' dir='ltr'><strong>cum</strong></span> 
     </span>
    </p>
   </div>
   <div class='ocr_carea' id='block_1_107' title="bbox 2194 5508 3790 5580">
    <p class='ocr_par' dir='ltr' id='par_1_107' title="bbox 2194 5508 3790 5580">
     <span class='ocr_line' id='line_1_108' title="bbox 2194 5508 3790 5580; baseline 0.003 -21"><span class='ocrx_word' id='word_1_684' title='bbox 2194 5508 2427 5580; x_wconf 82' lang='lat' dir='ltr'><strong>radicem</strong></span> <span class='ocrx_word' id='word_1_685' title='bbox 2470 5514 2847 5578; x_wconf 79' lang='lat' dir='ltr'><strong>sumpsissent,</strong></span> <span class='ocrx_word' id='word_1_686' title='bbox 2891 5511 3029 5564; x_wconf 89' lang='lat' dir='ltr'><strong>unde</strong></span> <span class='ocrx_word' id='word_1_687' title='bbox 3072 5510 3389 5580; x_wconf 81' lang='lat' dir='ltr'><strong>propagines</strong></span> <span class='ocrx_word' id='word_1_688' title='bbox 3418 5519 3551 5563; x_wconf 72' lang='lat' dir='ltr'><strong>orla:</strong></span> <span class='ocrx_word' id='word_1_689' title='bbox 3580 5521 3708 5563; x_wconf 89' lang='lat' dir='ltr'><strong>sunt</strong></span> <span class='ocrx_word' id='word_1_690' title='bbox 3734 5520 3790 5563; x_wconf 91' lang='lat' dir='ltr'><strong>et</strong></span> 
     </span>
    </p>
   </div>
   <div class='ocr_carea' id='block_1_108' title="bbox 2197 5578 3787 5649">
    <p class='ocr_par' dir='ltr' id='par_1_108' title="bbox 2197 5578 3787 5649">
     <span class='ocr_line' id='line_1_109' title="bbox 2197 5578 3787 5649; baseline 0.003 -19"><span class='ocrx_word' id='word_1_691' title='bbox 2197 5578 2353 5648; x_wconf 78' lang='lat' dir='ltr'><strong>longe</strong></span> <span class='ocrx_word' id='word_1_692' title='bbox 2382 5581 2592 5649; x_wconf 84' lang='lat' dir='ltr'><strong>lateque</strong></span> <span class='ocrx_word' id='word_1_693' title='bbox 2617 5580 2846 5646; x_wconf 69' lang='lat' dir='ltr'><strong>ditiusre,</strong></span> <span class='ocrx_word' id='word_1_694' title='bbox 2868 5578 3205 5635; x_wconf 74' lang='lat' dir='ltr'><strong>intraverunt</strong></span> <span class='ocrx_word' id='word_1_695' title='bbox 3234 5578 3286 5633; x_wconf 86' lang='lat' dir='ltr'><strong>in</strong></span> <span class='ocrx_word' id='word_1_696' title='bbox 3318 5580 3573 5647; x_wconf 87' lang='lat' dir='ltr'><strong>Majorem</strong></span> <span class='ocrx_word' id='word_1_697' title='bbox 3603 5583 3787 5634; x_wconf 82' lang='lat' dir='ltr'><strong>Arme-</strong></span> 
     </span>
    </p>
   </div>
   <div class='ocr_carea' id='block_1_109' title="bbox 2197 5651 3787 5721">
    <p class='ocr_par' dir='ltr' id='par_1_109' title="bbox 2197 5651 3787 5721">
     <span class='ocr_line' id='line_1_110' title="bbox 2197 5651 3787 5721; baseline 0.003 -20"><span class='ocrx_word' id='word_1_698' title='bbox 2197 5652 2361 5714; x_wconf 84' lang='lat' dir='ltr'><strong>niam,</strong></span> <span class='ocrx_word' id='word_1_699' title='bbox 2395 5651 2544 5718; x_wconf 81' lang='lat' dir='ltr'><strong>cujus</strong></span> <span class='ocrx_word' id='word_1_700' title='bbox 2576 5666 2641 5704; x_wconf 90' lang='lat' dir='ltr'><strong>ne</strong></span> <span class='ocrx_word' id='word_1_701' title='bbox 2674 5652 2925 5706; x_wconf 86' lang='lat' dir='ltr'><strong>minimus</strong></span> <span class='ocrx_word' id='word_1_702' title='bbox 2954 5652 3167 5721; x_wconf 87' lang='lat' dir='ltr'><strong>quidem</strong></span> <span class='ocrx_word' id='word_1_703' title='bbox 3195 5652 3421 5721; x_wconf 83' lang='lat' dir='ltr'><strong>angulus</strong></span> <span class='ocrx_word' id='word_1_704' title='bbox 3454 5654 3787 5718; x_wconf 85' lang='lat' dir='ltr'><strong>protectione</strong></span> 
     </span>
    </p>
   </div>
   <div class='ocr_carea' id='block_1_110' title="bbox 2196 5722 3167 5776">
    <p class='ocr_par' dir='ltr' id='par_1_110' title="bbox 2196 5722 3167 5776">
     <span class='ocr_line' id='line_1_111' title="bbox 2196 5722 3167 5776; baseline 0.002 -3"><span class='ocrx_word' id='word_1_705' title='bbox 2196 5736 2466 5774; x_wconf 84' lang='lat' dir='ltr'><strong>ramorum</strong></span> <span class='ocrx_word' id='word_1_706' title='bbox 2500 5723 2710 5775; x_wconf 89' lang='lat' dir='ltr'><strong>illarum</strong></span> <span class='ocrx_word' id='word_1_707' title='bbox 2739 5722 3027 5776; x_wconf 87' lang='lat' dir='ltr'><strong>destitutus</strong></span> <span class='ocrx_word' id='word_1_708' title='bbox 3052 5724 3167 5776; x_wconf 87' lang='lat' dir='ltr'><strong>l&#39;uit.</strong></span> 
     </span>
    </p>
   </div>
   <div class='ocr_carea' id='block_1_111' title="bbox 2265 5792 3785 5863">
    <p class='ocr_par' dir='ltr' id='par_1_111' title="bbox 2265 5792 3785 5863">
     <span class='ocr_line' id='line_1_112' title="bbox 2265 5792 3785 5863; baseline 0.001 -18"><span class='ocrx_word' id='word_1_709' title='bbox 2265 5794 2309 5845; x_wconf 86' lang='grc' dir='ltr'>υ</span> <span class='ocrx_word' id='word_1_710' title='bbox 2336 5794 2665 5860; x_wconf 84' lang='lat' dir='ltr'><strong>prodigium!</strong></span> <span class='ocrx_word' id='word_1_711' title='bbox 2697 5792 2855 5846; x_wconf 90' lang='lat' dir='ltr'><strong>homo</strong></span> <span class='ocrx_word' id='word_1_712' title='bbox 2876 5808 3169 5861; x_wconf 88' lang='lat' dir='ltr'><strong>corporeus</strong></span> <span class='ocrx_word' id='word_1_713' title='bbox 3203 5792 3533 5861; x_wconf 70' lang='lat' dir='ltr'><strong>incorporeis</strong></span> <span class='ocrx_word' id='word_1_714' title='bbox 3558 5795 3785 5863; x_wconf 80' lang='lat' dir='ltr'><strong>agmini-</strong></span> 
     </span>
    </p>
   </div>
   <div class='ocr_carea' id='block_1_112' title="bbox 2193 5863 3785 5935">
    <p class='ocr_par' dir='ltr' id='par_1_112' title="bbox 2193 5863 3785 5935">
     <span class='ocr_line' id='line_1_113' title="bbox 2193 5863 3785 5935; baseline 0.002 -19"><span class='ocrx_word' id='word_1_715' title='bbox 2193 5863 2292 5917; x_wconf 86' lang='lat' dir='ltr'><strong>bus</strong></span> <span class='ocrx_word' id='word_1_716' title='bbox 2319 5864 2510 5915; x_wconf 84' lang='lat' dir='ltr'><strong>similis</strong></span> <span class='ocrx_word' id='word_1_717' title='bbox 2532 5875 2649 5935; x_wconf 83' lang='lat' dir='ltr'><strong>est;</strong></span> <span class='ocrx_word' id='word_1_718' title='bbox 2698 5865 2825 5930; x_wconf 89' lang='lat' dir='ltr'><strong>imo,</strong></span> <span class='ocrx_word' id='word_1_719' title='bbox 2854 5866 2897 5919; x_wconf 87' lang='lat' dir='ltr'><strong>si</strong></span> <span class='ocrx_word' id='word_1_720' title='bbox 2930 5865 3007 5919; x_wconf 82' lang='lat' dir='ltr'><strong>sic</strong></span> <span class='ocrx_word' id='word_1_721' title='bbox 3036 5865 3179 5935; x_wconf 88' lang='lat' dir='ltr'><strong>loqui</strong></span> <span class='ocrx_word' id='word_1_722' title='bbox 3211 5865 3370 5930; x_wconf 84' lang='lat' dir='ltr'><strong>licet,</strong></span> <span class='ocrx_word' id='word_1_723' title='bbox 3400 5865 3657 5932; x_wconf 73' lang='lat' dir='ltr'><strong>angelicis</strong></span> <span class='ocrx_word' id='word_1_724' title='bbox 3688 5882 3785 5933; x_wconf 88' lang='lat' dir='ltr'><strong>p0-</strong></span> 
     </span>
    </p>
   </div>
   <div class='ocr_carea' id='block_1_113' title="bbox 2194 5934 3786 6007">
    <p class='ocr_par' dir='ltr' id='par_1_113' title="bbox 2194 5934 3786 6007">
     <span class='ocr_line' id='line_1_114' title="bbox 2194 5934 3786 6007; baseline 0.001 -17"><span class='ocrx_word' id='word_1_725' title='bbox 2194 5936 2299 5991; x_wconf 84' lang='lat' dir='ltr'><strong>tiot‘</strong></span> <span class='ocrx_word' id='word_1_726' title='bbox 2353 5934 2645 6006; x_wconf 80' lang='lat' dir='ltr'><strong>Spiritibus.</strong></span> <span class='ocrx_word' id='word_1_727' title='bbox 2704 5935 2907 5993; x_wconf 87' lang='lat' dir='ltr'><strong>llorum</strong></span> <span class='ocrx_word' id='word_1_728' title='bbox 2953 5934 3316 6007; x_wconf 81' lang='lat' dir='ltr'><strong>enimneque</strong></span> <span class='ocrx_word' id='word_1_729' title='bbox 3365 5950 3562 6006; x_wconf 81' lang='lat' dir='ltr'><strong>corpus</strong></span> <span class='ocrx_word' id='word_1_730' title='bbox 3615 5952 3786 6007; x_wconf 66' lang='lat' dir='ltr'><strong>neque</strong></span> 
     </span>
    </p>
   </div>
  </div>
